{
    "AAPL": [
        {
            "fiscalDateEnding": "2023-12-31",
            "totalCurrentAssets": "143692000000",
            "cashAndShortTermInvestments": "73100000000",
            "totalCurrentLiabilities": "133973000000",
            "currentDebt": "12952000000",
            "netIncome": "33916000000",
            "capitalExpenditures": "2392000000",
            "operatingCashflow": "39895000000",
            "grossProfit": "54855000000",
            "totalRevenue": "119575000000",
            "sentiment": 0.14988821856914689,
            "surprise": "0.08",
            "closePrice": "186.622830398223"
        },
        {
            "fiscalDateEnding": "2023-09-30",
            "totalCurrentAssets": "143566000000",
            "cashAndShortTermInvestments": "61555000000",
            "totalCurrentLiabilities": "145308000000",
            "currentDebt": "15972000000",
            "netIncome": "22956000000",
            "capitalExpenditures": "2163000000",
            "operatingCashflow": "21598000000",
            "grossProfit": "40427000000",
            "totalRevenue": "88496000000",
            "sentiment": 0.19176437586969325,
            "surprise": "0.07",
            "closePrice": "177.116574517105"
        },
        {
            "fiscalDateEnding": "2023-06-30",
            "totalCurrentAssets": "122659000000",
            "cashAndShortTermInvestments": "62482000000",
            "totalCurrentLiabilities": "124963000000",
            "currentDebt": "11209000000",
            "netIncome": "19881000000",
            "capitalExpenditures": "2093000000",
            "operatingCashflow": "26380000000",
            "grossProfit": "36413000000",
            "totalRevenue": "80799000000",
            "sentiment": 0.1631382013180658,
            "surprise": "0.07",
            "closePrice": "190.424791084359"
        },
        {
            "fiscalDateEnding": "2023-03-31",
            "totalCurrentAssets": "112913000000",
            "cashAndShortTermInvestments": "24687000000",
            "totalCurrentLiabilities": "120075000000",
            "currentDebt": "None",
            "netIncome": "24160000000",
            "capitalExpenditures": "2916000000",
            "operatingCashflow": "28560000000",
            "grossProfit": "41976000000",
            "totalRevenue": "94836000000",
            "sentiment": 0.1176194454817297,
            "surprise": "0.09",
            "closePrice": "164.914373062146"
        },
        {
            "fiscalDateEnding": "2022-12-31",
            "totalCurrentAssets": "128777000000",
            "cashAndShortTermInvestments": "51355000000",
            "totalCurrentLiabilities": "137286000000",
            "currentDebt": "11483000000",
            "netIncome": "29998000000",
            "capitalExpenditures": "3787000000",
            "operatingCashflow": "34005000000",
            "grossProfit": "50332000000",
            "totalRevenue": "116151000000",
            "sentiment": 0.13443961758761405,
            "surprise": "-0.06",
            "closePrice": "149.795287855256"
        },
        {
            "fiscalDateEnding": "2022-09-30",
            "totalCurrentAssets": "135405000000",
            "cashAndShortTermInvestments": "48304000000",
            "totalCurrentLiabilities": "153982000000",
            "currentDebt": "21239000000",
            "netIncome": "20721000000",
            "capitalExpenditures": "3289000000",
            "operatingCashflow": "24127000000",
            "grossProfit": "38095000000",
            "totalRevenue": "89319000000",
            "sentiment": 0.0679787411752065,
            "surprise": "0.02",
            "closePrice": "143.577550578054"
        },
        {
            "fiscalDateEnding": "2022-06-30",
            "totalCurrentAssets": "112292000000",
            "cashAndShortTermInvestments": "48231000000",
            "totalCurrentLiabilities": "129873000000",
            "currentDebt": "24991000000",
            "netIncome": "19442000000",
            "capitalExpenditures": "2102000000",
            "operatingCashflow": "22892000000",
            "grossProfit": "35885000000",
            "totalRevenue": "82240000000",
            "sentiment": -0.02990508584976052,
            "surprise": "0.04",
            "closePrice": "155.804876493268"
        },
        {
            "fiscalDateEnding": "2022-03-31",
            "totalCurrentAssets": "118180000000",
            "cashAndShortTermInvestments": "51511000000",
            "totalCurrentLiabilities": "127508000000",
            "currentDebt": "16658000000",
            "netIncome": "25010000000",
            "capitalExpenditures": "2514000000",
            "operatingCashflow": "28166000000",
            "grossProfit": "42559000000",
            "totalRevenue": "96587000000",
            "sentiment": -0.015715872762347188,
            "surprise": "0.09",
            "closePrice": "161.796506073267"
        },
        {
            "fiscalDateEnding": "2021-12-31",
            "totalCurrentAssets": "153154000000",
            "cashAndShortTermInvestments": "63913000000",
            "totalCurrentLiabilities": "147574000000",
            "currentDebt": "16169000000",
            "netIncome": "34630000000",
            "capitalExpenditures": "2803000000",
            "operatingCashflow": "46966000000",
            "grossProfit": "54243000000",
            "totalRevenue": "123251000000",
            "sentiment": 0,
            "surprise": "0.21",
            "closePrice": "157.225652164494"
        },
        {
            "fiscalDateEnding": "2021-09-30",
            "totalCurrentAssets": "134836000000",
            "cashAndShortTermInvestments": "62639000000",
            "totalCurrentLiabilities": "125481000000",
            "currentDebt": "15692000000",
            "netIncome": "20551000000",
            "capitalExpenditures": "3223000000",
            "operatingCashflow": "20200000000",
            "grossProfit": "35174000000",
            "totalRevenue": "82688000000",
            "sentiment": 0,
            "surprise": "0",
            "closePrice": "150.440169644321"
        },
        {
            "fiscalDateEnding": "2021-06-30",
            "totalCurrentAssets": "114423000000",
            "cashAndShortTermInvestments": "61696000000",
            "totalCurrentLiabilities": "107754000000",
            "currentDebt": "16039000000",
            "netIncome": "21744000000",
            "capitalExpenditures": "2093000000",
            "operatingCashflow": "21094000000",
            "grossProfit": "35255000000",
            "totalRevenue": "80769000000",
            "sentiment": 0,
            "surprise": "0.29",
            "closePrice": "144.503599310567"
        },
        {
            "fiscalDateEnding": "2021-03-31",
            "totalCurrentAssets": "121465000000",
            "cashAndShortTermInvestments": "69834000000",
            "totalCurrentLiabilities": "106385000000",
            "currentDebt": "13003000000",
            "netIncome": "23630000000",
            "capitalExpenditures": "2269000000",
            "operatingCashflow": "23981000000",
            "grossProfit": "38079000000",
            "totalRevenue": "88914000000",
            "sentiment": 0,
            "surprise": "0.41",
            "closePrice": "131.295443403163"
        },
        {
            "fiscalDateEnding": "2020-12-31",
            "totalCurrentAssets": "154106000000",
            "cashAndShortTermInvestments": "76826000000",
            "totalCurrentLiabilities": "132507000000",
            "currentDebt": "12762000000",
            "netIncome": "28755000000",
            "capitalExpenditures": "3500000000",
            "operatingCashflow": "38763000000",
            "grossProfit": "44328000000",
            "totalRevenue": "110801000000",
            "sentiment": 0,
            "surprise": "0.27",
            "closePrice": "139.421424495903"
        },
        {
            "fiscalDateEnding": "2020-09-30",
            "totalCurrentAssets": "143713000000",
            "cashAndShortTermInvestments": "90943000000",
            "totalCurrentLiabilities": "105392000000",
            "currentDebt": "13793000000",
            "netIncome": "12673000000",
            "capitalExpenditures": "1784000000",
            "operatingCashflow": "20576000000",
            "grossProfit": "24689000000",
            "totalRevenue": "64698000000",
            "sentiment": 0,
            "surprise": "0.03",
            "closePrice": "112.982941586655"
        },
        {
            "fiscalDateEnding": "2020-06-30",
            "totalCurrentAssets": "140065000000",
            "cashAndShortTermInvestments": "93025000000",
            "totalCurrentLiabilities": "95318000000",
            "currentDebt": "18675000000",
            "netIncome": "11253000000",
            "capitalExpenditures": "1565000000",
            "operatingCashflow": "16271000000",
            "grossProfit": "22680000000",
            "totalRevenue": "58988000000",
            "sentiment": 0,
            "surprise": "0.14",
            "closePrice": "94.0670758097772"
        },
        {
            "fiscalDateEnding": "2020-03-31",
            "totalCurrentAssets": "143753000000",
            "cashAndShortTermInvestments": "94051000000",
            "totalCurrentLiabilities": "96094000000",
            "currentDebt": "20421000000",
            "netIncome": "11249000000",
            "capitalExpenditures": "1853000000",
            "operatingCashflow": "13311000000",
            "grossProfit": "22370000000",
            "totalRevenue": "57556000000",
            "sentiment": 0,
            "surprise": "0.08",
            "closePrice": "71.6395315023572"
        },
        {
            "fiscalDateEnding": "2019-12-31",
            "totalCurrentAssets": "163231000000",
            "cashAndShortTermInvestments": "107162000000",
            "totalCurrentLiabilities": "102161000000",
            "currentDebt": "15214000000",
            "netIncome": "22236000000",
            "capitalExpenditures": "2107000000",
            "operatingCashflow": "30516000000",
            "grossProfit": "35217000000",
            "totalRevenue": "91034000000",
            "sentiment": 0,
            "surprise": "0.11",
            "closePrice": "77.278880519915"
        },
        {
            "fiscalDateEnding": "2019-09-30",
            "totalCurrentAssets": "162819000000",
            "cashAndShortTermInvestments": "100557000000",
            "totalCurrentLiabilities": "105718000000",
            "currentDebt": "16240000000",
            "netIncome": "13686000000",
            "capitalExpenditures": "2777000000",
            "operatingCashflow": "19910000000",
            "grossProfit": "24313000000",
            "totalRevenue": "64040000000",
            "sentiment": 0,
            "surprise": "0.05",
            "closePrice": "58.9984882112522"
        },
        {
            "fiscalDateEnding": "2019-06-30",
            "totalCurrentAssets": "134973000000",
            "cashAndShortTermInvestments": "94614000000",
            "totalCurrentLiabilities": "89704000000",
            "currentDebt": "23482000000",
            "netIncome": "10044000000",
            "capitalExpenditures": "2000000000",
            "operatingCashflow": "11636000000",
            "grossProfit": "20227000000",
            "totalRevenue": "52943000000",
            "sentiment": 0,
            "surprise": "0.02",
            "closePrice": "50.4427151621128"
        },
        {
            "fiscalDateEnding": "2019-03-31",
            "totalCurrentAssets": "123346000000",
            "cashAndShortTermInvestments": "80092000000",
            "totalCurrentLiabilities": "93772000000",
            "currentDebt": "22429000000",
            "netIncome": "11561000000",
            "capitalExpenditures": "2363000000",
            "operatingCashflow": "11155000000",
            "grossProfit": "21821000000",
            "totalRevenue": "57005000000",
            "sentiment": 0,
            "surprise": "0.03",
            "closePrice": "48.2946884486084"
        },
        {
            "fiscalDateEnding": "2018-12-31",
            "totalCurrentAssets": "140828000000",
            "cashAndShortTermInvestments": "86427000000",
            "totalCurrentLiabilities": "108283000000",
            "currentDebt": "21741000000",
            "netIncome": "19965000000",
            "capitalExpenditures": "3355000000",
            "operatingCashflow": "26690000000",
            "grossProfit": "32031000000",
            "totalRevenue": "83420000000",
            "sentiment": 0,
            "surprise": "0.01",
            "closePrice": "37.0676138627608"
        },
        {
            "fiscalDateEnding": "2018-09-30",
            "totalCurrentAssets": "131339000000",
            "cashAndShortTermInvestments": "25913000000",
            "totalCurrentLiabilities": "115929000000",
            "currentDebt": "20748000000",
            "netIncome": "14125000000",
            "capitalExpenditures": "3041000000",
            "operatingCashflow": "19523000000",
            "grossProfit": "24084000000",
            "totalRevenue": "62900000000",
            "sentiment": 0,
            "surprise": "0.03",
            "closePrice": "53.0671350293111"
        },
        {
            "fiscalDateEnding": "2018-06-30",
            "totalCurrentAssets": "115761000000",
            "cashAndShortTermInvestments": "70970000000",
            "totalCurrentLiabilities": "88548000000",
            "currentDebt": "17472000000",
            "netIncome": "11519000000",
            "capitalExpenditures": "3267000000",
            "operatingCashflow": "14488000000",
            "grossProfit": "20421000000",
            "totalRevenue": "53265000000",
            "sentiment": 0,
            "surprise": "0.04",
            "closePrice": "45.2828222693359"
        },
        {
            "fiscalDateEnding": "2018-03-31",
            "totalCurrentAssets": "130053000000",
            "cashAndShortTermInvestments": "87940000000",
            "totalCurrentLiabilities": "89320000000",
            "currentDebt": "20478000000",
            "netIncome": "13822000000",
            "capitalExpenditures": "4041000000",
            "operatingCashflow": "15130000000",
            "grossProfit": "23422000000",
            "totalRevenue": "61137000000",
            "sentiment": 0,
            "surprise": "0.01",
            "closePrice": "40.0851296673384"
        },
        {
            "fiscalDateEnding": "2017-12-31",
            "totalCurrentAssets": "143810000000",
            "cashAndShortTermInvestments": "77153000000",
            "totalCurrentLiabilities": "115788000000",
            "currentDebt": "18478000000",
            "netIncome": "20065000000",
            "capitalExpenditures": "2964000000",
            "operatingCashflow": "28293000000",
            "grossProfit": "33912000000",
            "totalRevenue": "88293000000",
            "sentiment": 0,
            "surprise": "0.0075",
            "closePrice": "39.6126689680215"
        },
        {
            "fiscalDateEnding": "2017-09-30",
            "totalCurrentAssets": "128645000000",
            "cashAndShortTermInvestments": "74181000000",
            "totalCurrentLiabilities": "100814000000",
            "currentDebt": "18473000000",
            "netIncome": "10714000000",
            "capitalExpenditures": "4209000000",
            "operatingCashflow": "15749000000",
            "grossProfit": "19931000000",
            "totalRevenue": "52579000000",
            "sentiment": 0,
            "surprise": "0.05",
            "closePrice": "39.5479400308731"
        },
        {
            "fiscalDateEnding": "2017-06-30",
            "totalCurrentAssets": "112875000000",
            "cashAndShortTermInvestments": "18571000000",
            "totalCurrentLiabilities": "81302000000",
            "currentDebt": "None",
            "netIncome": "8717000000",
            "capitalExpenditures": "2277000000",
            "operatingCashflow": "8672000000",
            "grossProfit": "17488000000",
            "totalRevenue": "45408000000",
            "sentiment": 0,
            "surprise": "0.025",
            "closePrice": "35.1567176685261"
        },
        {
            "fiscalDateEnding": "2017-03-31",
            "totalCurrentAssets": "101990000000",
            "cashAndShortTermInvestments": "15157000000",
            "totalCurrentLiabilities": "73342000000",
            "currentDebt": "None",
            "netIncome": "11029000000",
            "capitalExpenditures": "2889000000",
            "operatingCashflow": "12570000000",
            "grossProfit": "20591000000",
            "totalRevenue": "52896000000",
            "sentiment": 0,
            "surprise": "0.02",
            "closePrice": "34.4207377811836"
        },
        {
            "fiscalDateEnding": "2016-12-31",
            "totalCurrentAssets": "103332000000",
            "cashAndShortTermInvestments": "60452000000",
            "totalCurrentLiabilities": "84130000000",
            "currentDebt": "13992000000",
            "netIncome": "17891000000",
            "capitalExpenditures": "3420000000",
            "operatingCashflow": "27234000000",
            "grossProfit": "30176000000",
            "totalRevenue": "78351000000",
            "sentiment": 0,
            "surprise": "0.0375",
            "closePrice": "28.1950643442276"
        },
        {
            "fiscalDateEnding": "2016-09-30",
            "totalCurrentAssets": "106869000000",
            "cashAndShortTermInvestments": "67155000000",
            "totalCurrentLiabilities": "79006000000",
            "currentDebt": "11600000000",
            "netIncome": "9014000000",
            "capitalExpenditures": "4038000000",
            "operatingCashflow": "16533000000",
            "grossProfit": "17813000000",
            "totalRevenue": "47858000000",
            "sentiment": 0,
            "surprise": "0.0025",
            "closePrice": "27.332941319617"
        },
        {
            "fiscalDateEnding": "2016-06-30",
            "totalCurrentAssets": "93761000000",
            "cashAndShortTermInvestments": "61756000000",
            "totalCurrentLiabilities": "71486000000",
            "currentDebt": "15996000000",
            "netIncome": "7796000000",
            "capitalExpenditures": "2905000000",
            "operatingCashflow": "10634000000",
            "grossProfit": "16106000000",
            "totalRevenue": "41949000000",
            "sentiment": 0,
            "surprise": "0.01",
            "closePrice": "22.225164565141"
        },
        {
            "fiscalDateEnding": "2016-03-31",
            "totalCurrentAssets": "87592000000",
            "cashAndShortTermInvestments": "55283000000",
            "totalCurrentLiabilities": "68265000000",
            "currentDebt": "10498000000",
            "netIncome": "10516000000",
            "capitalExpenditures": "2599000000",
            "operatingCashflow": "-9490000000",
            "grossProfit": "19921000000",
            "totalRevenue": "50236000000",
            "sentiment": 0,
            "surprise": "-0.025",
            "closePrice": "23.8450835817488"
        },
        {
            "fiscalDateEnding": "2015-12-31",
            "totalCurrentAssets": "76219000000",
            "cashAndShortTermInvestments": "38074000000",
            "totalCurrentLiabilities": "76092000000",
            "currentDebt": "9759000000",
            "netIncome": "18361000000",
            "capitalExpenditures": "4006000000",
            "operatingCashflow": "28548000000",
            "grossProfit": "30423000000",
            "totalRevenue": "75596000000",
            "sentiment": 0,
            "surprise": "0.0125",
            "closePrice": "22.726440316669"
        },
        {
            "fiscalDateEnding": "2015-09-30",
            "totalCurrentAssets": "89378000000",
            "cashAndShortTermInvestments": "41601000000",
            "totalCurrentLiabilities": "80610000000",
            "currentDebt": "10999000000",
            "netIncome": "11124000000",
            "capitalExpenditures": "3658000000",
            "operatingCashflow": "-43358000000",
            "grossProfit": "20548000000",
            "totalRevenue": "51501000000",
            "sentiment": 0,
            "surprise": "0.02",
            "closePrice": "25.924257217565"
        },
        {
            "fiscalDateEnding": "2015-06-30",
            "totalCurrentAssets": "70953000000",
            "cashAndShortTermInvestments": "34703000000",
            "totalCurrentLiabilities": "65285000000",
            "currentDebt": "6999000000",
            "netIncome": "10677000000",
            "capitalExpenditures": "2089000000",
            "operatingCashflow": "10677000000",
            "grossProfit": "19681000000",
            "totalRevenue": "49404000000",
            "sentiment": 0,
            "surprise": "0.01",
            "closePrice": "29.4574936946387"
        },
        {
            "fiscalDateEnding": "2015-03-31",
            "totalCurrentAssets": "67891000000",
            "cashAndShortTermInvestments": "33096000000",
            "totalCurrentLiabilities": "58729000000",
            "currentDebt": "3799000000",
            "netIncome": "13569000000",
            "capitalExpenditures": "2476000000",
            "operatingCashflow": "13569000000",
            "grossProfit": "23656000000",
            "totalRevenue": "57847000000",
            "sentiment": 0,
            "surprise": "0.0425",
            "closePrice": "29.762003755032"
        },
        {
            "fiscalDateEnding": "2014-12-31",
            "totalCurrentAssets": "83403000000",
            "cashAndShortTermInvestments": "32463000000",
            "totalCurrentLiabilities": "73611000000",
            "currentDebt": "3899000000",
            "netIncome": "18024000000",
            "capitalExpenditures": "3265000000",
            "operatingCashflow": "62672000000",
            "grossProfit": "29741000000",
            "totalRevenue": "74468000000",
            "sentiment": 0,
            "surprise": "0.115",
            "closePrice": "24.3916034259197"
        },
        {
            "fiscalDateEnding": "2014-09-30",
            "totalCurrentAssets": "68531000000",
            "cashAndShortTermInvestments": "25077000000",
            "totalCurrentLiabilities": "63448000000",
            "currentDebt": "6308000000",
            "netIncome": "8467000000",
            "capitalExpenditures": "3826000000",
            "operatingCashflow": "16009000000",
            "grossProfit": "16009000000",
            "totalRevenue": "42123000000",
            "sentiment": 0,
            "surprise": "0.0275",
            "closePrice": "22.1992895171868"
        },
        {
            "fiscalDateEnding": "2014-06-30",
            "totalCurrentAssets": "67949000000",
            "cashAndShortTermInvestments": "37805000000",
            "totalCurrentLiabilities": "46205000000",
            "currentDebt": "2010000000",
            "netIncome": "7748000000",
            "capitalExpenditures": "2378000000",
            "operatingCashflow": "7748000000",
            "grossProfit": "14735000000",
            "totalRevenue": "37332000000",
            "sentiment": 0,
            "surprise": "0.0125",
            "closePrice": "20.9734193138686"
        },
        {
            "fiscalDateEnding": "2014-03-31",
            "totalCurrentAssets": "70541000000",
            "cashAndShortTermInvestments": "41350000000",
            "totalCurrentLiabilities": "43208000000",
            "currentDebt": "None",
            "netIncome": "10223000000",
            "capitalExpenditures": "1382000000",
            "operatingCashflow": "10919000000",
            "grossProfit": "17947000000",
            "totalRevenue": "45561000000",
            "sentiment": 0,
            "surprise": "0.05",
            "closePrice": "16.5066245797741"
        },
        {
            "fiscalDateEnding": "2013-12-31",
            "totalCurrentAssets": "80347000000",
            "cashAndShortTermInvestments": "40711000000",
            "totalCurrentLiabilities": "53769000000",
            "currentDebt": "None",
            "netIncome": "13072000000",
            "capitalExpenditures": "1985000000",
            "operatingCashflow": "22670000000",
            "grossProfit": "21846000000",
            "totalRevenue": "57510000000",
            "sentiment": 0,
            "surprise": "0.015",
            "closePrice": "17.2141775758896"
        },
        {
            "fiscalDateEnding": "2013-09-30",
            "totalCurrentAssets": "73286000000",
            "cashAndShortTermInvestments": "40546000000",
            "totalCurrentLiabilities": "43658000000",
            "currentDebt": "None",
            "netIncome": "7512000000",
            "capitalExpenditures": "1955000000",
            "operatingCashflow": "9908000000",
            "grossProfit": "13871000000",
            "totalRevenue": "37472000000",
            "sentiment": 0,
            "surprise": "0.01",
            "closePrice": "16.472814746737"
        },
        {
            "fiscalDateEnding": "2013-06-30",
            "totalCurrentAssets": "68219000000",
            "cashAndShortTermInvestments": "42606000000",
            "totalCurrentLiabilities": "36319000000",
            "currentDebt": "None",
            "netIncome": "6900000000",
            "capitalExpenditures": "1885000000",
            "operatingCashflow": "7828000000",
            "grossProfit": "13024000000",
            "totalRevenue": "35270000000",
            "sentiment": 0,
            "surprise": "0.005",
            "closePrice": "12.9399748816788"
        },
        {
            "fiscalDateEnding": "2013-03-31",
            "totalCurrentAssets": "63337000000",
            "cashAndShortTermInvestments": "39137000000",
            "totalCurrentLiabilities": "35508000000",
            "currentDebt": "None",
            "netIncome": "9547000000",
            "capitalExpenditures": "2008000000",
            "operatingCashflow": "12504000000",
            "grossProfit": "16349000000",
            "totalRevenue": "43603000000",
            "sentiment": 0,
            "surprise": "0.0025",
            "closePrice": "12.4596132482583"
        },
        {
            "fiscalDateEnding": "2012-12-31",
            "totalCurrentAssets": "72348000000",
            "cashAndShortTermInvestments": "39820000000",
            "totalCurrentLiabilities": "46879000000",
            "currentDebt": "None",
            "netIncome": "13078000000",
            "capitalExpenditures": "2317000000",
            "operatingCashflow": "23426000000",
            "grossProfit": "21060000000",
            "totalRevenue": "54512000000",
            "sentiment": 0,
            "surprise": "0.0125",
            "closePrice": "15.6803507598115"
        },
        {
            "fiscalDateEnding": "2012-09-30",
            "totalCurrentAssets": "57653000000",
            "cashAndShortTermInvestments": "29129000000",
            "totalCurrentLiabilities": "38542000000",
            "currentDebt": "None",
            "netIncome": "8223000000",
            "capitalExpenditures": "3461000000",
            "operatingCashflow": "9136000000",
            "grossProfit": "14401000000",
            "totalRevenue": "35966000000",
            "sentiment": 0,
            "surprise": "-0.0025",
            "closePrice": "18.5068112177197"
        },
        {
            "fiscalDateEnding": "2012-06-30",
            "totalCurrentAssets": "51943000000",
            "cashAndShortTermInvestments": "27654000000",
            "totalCurrentLiabilities": "33060000000",
            "currentDebt": "None",
            "netIncome": "8824000000",
            "capitalExpenditures": "2056000000",
            "operatingCashflow": "10189000000",
            "grossProfit": "14994000000",
            "totalRevenue": "35023000000",
            "sentiment": 0,
            "surprise": "-0.0375",
            "closePrice": "18.1675907626777"
        },
        {
            "fiscalDateEnding": "2012-03-31",
            "totalCurrentAssets": "50712000000",
            "cashAndShortTermInvestments": "28538000000",
            "totalCurrentLiabilities": "32036000000",
            "currentDebt": "None",
            "netIncome": "11622000000",
            "capitalExpenditures": "1457000000",
            "operatingCashflow": "13977000000",
            "grossProfit": "18564000000",
            "totalRevenue": "39186000000",
            "sentiment": 0,
            "surprise": "0.0825",
            "closePrice": "16.938923238556"
        },
        {
            "fiscalDateEnding": "2011-12-31",
            "totalCurrentAssets": "54771000000",
            "cashAndShortTermInvestments": "30156000000",
            "totalCurrentLiabilities": "34607000000",
            "currentDebt": "None",
            "netIncome": "13064000000",
            "capitalExpenditures": "1321000000",
            "operatingCashflow": "17554000000",
            "grossProfit": "20703000000",
            "totalRevenue": "46333000000",
            "sentiment": 0,
            "surprise": "0.1325",
            "closePrice": "12.7102390210633"
        },
        {
            "fiscalDateEnding": "2011-09-30",
            "totalCurrentAssets": "44988000000",
            "cashAndShortTermInvestments": "25952000000",
            "totalCurrentLiabilities": "27970000000",
            "currentDebt": "None",
            "netIncome": "6623000000",
            "capitalExpenditures": "1645000000",
            "operatingCashflow": "10429000000",
            "grossProfit": "11380000000",
            "totalRevenue": "28270000000",
            "sentiment": 0,
            "surprise": "-0.0125",
            "closePrice": "12.7655653392016"
        },
        {
            "fiscalDateEnding": "2011-06-30",
            "totalCurrentAssets": "46898000000",
            "cashAndShortTermInvestments": "28395000000",
            "totalCurrentLiabilities": "26859000000",
            "currentDebt": "None",
            "netIncome": "7308000000",
            "capitalExpenditures": "777000000",
            "operatingCashflow": "11108000000",
            "grossProfit": "11922000000",
            "totalRevenue": "28571000000",
            "sentiment": 0,
            "surprise": "0.07",
            "closePrice": "11.393291251606"
        },
        {
            "fiscalDateEnding": "2011-03-31",
            "totalCurrentAssets": "46997000000",
            "cashAndShortTermInvestments": "29234000000",
            "totalCurrentLiabilities": "24327000000",
            "currentDebt": "None",
            "netIncome": "5987000000",
            "capitalExpenditures": "624000000",
            "operatingCashflow": "6219000000",
            "grossProfit": "10218000000",
            "totalRevenue": "24708000000",
            "sentiment": 0,
            "surprise": "0.035",
            "closePrice": "10.3520680840186"
        },
        {
            "fiscalDateEnding": "2010-12-31",
            "totalCurrentAssets": "43927000000",
            "cashAndShortTermInvestments": "26977000000",
            "totalCurrentLiabilities": "23795000000",
            "currentDebt": "None",
            "netIncome": "6004000000",
            "capitalExpenditures": "1214000000",
            "operatingCashflow": "9773000000",
            "grossProfit": "10298000000",
            "totalRevenue": "26741000000",
            "sentiment": 0,
            "surprise": "0.0375",
            "closePrice": "10.2988580731315"
        },
        {
            "fiscalDateEnding": "2010-09-30",
            "totalCurrentAssets": "41678000000",
            "cashAndShortTermInvestments": "25620000000",
            "totalCurrentLiabilities": "20722000000",
            "currentDebt": "None",
            "netIncome": "4308000000",
            "capitalExpenditures": "760000000",
            "operatingCashflow": "5683000000",
            "grossProfit": "7512000000",
            "totalRevenue": "20343000000",
            "sentiment": 0,
            "surprise": "0.02",
            "closePrice": "9.61408151256658"
        },
        {
            "fiscalDateEnding": "2010-06-30",
            "totalCurrentAssets": "36033000000",
            "cashAndShortTermInvestments": "24288000000",
            "totalCurrentLiabilities": "15612000000",
            "currentDebt": "None",
            "netIncome": "3253000000",
            "capitalExpenditures": "595000000",
            "operatingCashflow": "4801000000",
            "grossProfit": "6136000000",
            "totalRevenue": "15700000000",
            "sentiment": 0,
            "surprise": "0.015",
            "closePrice": "7.61538047861759"
        },
        {
            "fiscalDateEnding": "2010-03-31",
            "totalCurrentAssets": "32336000000",
            "cashAndShortTermInvestments": "23155000000",
            "totalCurrentLiabilities": "12229000000",
            "currentDebt": "None",
            "netIncome": "3074000000",
            "capitalExpenditures": "274000000",
            "operatingCashflow": "2330000000",
            "grossProfit": "5625000000",
            "totalRevenue": "13499000000",
            "sentiment": 0,
            "surprise": "0.0325",
            "closePrice": "7.3946798652788"
        },
        {
            "fiscalDateEnding": "2009-12-31",
            "totalCurrentAssets": "33332000000",
            "cashAndShortTermInvestments": "24796000000",
            "totalCurrentLiabilities": "13097000000",
            "currentDebt": "None",
            "netIncome": "3378000000",
            "capitalExpenditures": "376000000",
            "operatingCashflow": "5781000000",
            "grossProfit": "6411000000",
            "totalRevenue": "15683000000",
            "sentiment": 0,
            "surprise": "0.055",
            "closePrice": "6.13955850051716"
        },
        {
            "fiscalDateEnding": "2009-09-30",
            "totalCurrentAssets": "31555000000",
            "cashAndShortTermInvestments": "23464000000",
            "totalCurrentLiabilities": "11506000000",
            "currentDebt": "None",
            "netIncome": "2532000000",
            "capitalExpenditures": "459000000",
            "operatingCashflow": "3110000000",
            "grossProfit": "5105000000",
            "totalRevenue": "12207000000",
            "sentiment": 0,
            "surprise": "0.015",
            "closePrice": "5.74002992445249"
        }
    ]
}