{
    "ACIW": [
        {
            "fiscalDateEnding": "2023-12-31",
            "totalCurrentAssets": "1406645000",
            "cashAndShortTermInvestments": "164239000",
            "totalCurrentLiabilities": "1037249000",
            "currentDebt": "74405000",
            "netIncome": "122616000",
            "capitalExpenditures": "7250000",
            "operatingCashflow": "85743000",
            "grossProfit": "278786000",
            "totalRevenue": "460475000",
            "sentiment": 0.24055587802446912,
            "surprise": "0.15",
            "closePrice": "32.91"
        },
        {
            "fiscalDateEnding": "2023-09-30",
            "totalCurrentAssets": "1226710000",
            "cashAndShortTermInvestments": "139520000",
            "totalCurrentLiabilities": "945630000",
            "currentDebt": "74350000",
            "netIncome": "37911000",
            "capitalExpenditures": "10930000",
            "operatingCashflow": "25266000",
            "grossProfit": "169045000",
            "totalRevenue": "346670000",
            "sentiment": 0.02181555300468322,
            "surprise": "0.23",
            "closePrice": "23.03"
        },
        {
            "fiscalDateEnding": "2023-06-30",
            "totalCurrentAssets": "1028501000",
            "cashAndShortTermInvestments": "132391000",
            "totalCurrentLiabilities": "781866000",
            "currentDebt": "74294000",
            "netIncome": "-6710000",
            "capitalExpenditures": "10858000",
            "operatingCashflow": "17440000",
            "grossProfit": "125531000",
            "totalRevenue": "306874000",
            "sentiment": 0.22906329118402227,
            "surprise": "0.08",
            "closePrice": "23.8"
        },
        {
            "fiscalDateEnding": "2023-03-31",
            "totalCurrentAssets": "954036000",
            "cashAndShortTermInvestments": "142412000",
            "totalCurrentLiabilities": "700910000",
            "currentDebt": "70443000",
            "netIncome": "-32308000",
            "capitalExpenditures": "8739000",
            "operatingCashflow": "40068000",
            "grossProfit": "95735000",
            "totalRevenue": "274289000",
            "sentiment": 0.2702705585659951,
            "surprise": "-0.1",
            "closePrice": "23.95"
        },
        {
            "fiscalDateEnding": "2022-12-31",
            "totalCurrentAssets": "1114805000",
            "cashAndShortTermInvestments": "124981000",
            "totalCurrentLiabilities": "858842000",
            "currentDebt": "65521000",
            "netIncome": "90228000",
            "capitalExpenditures": "13376000",
            "operatingCashflow": "41415000",
            "grossProfit": "1682170000",
            "totalRevenue": "1860869000",
            "sentiment": 0.2520963227272236,
            "surprise": "-0.1",
            "closePrice": "25.8"
        },
        {
            "fiscalDateEnding": "2022-09-30",
            "totalCurrentAssets": "1210962000",
            "cashAndShortTermInvestments": "134799000",
            "totalCurrentLiabilities": "997974000",
            "currentDebt": "60603000",
            "netIncome": "23117000",
            "capitalExpenditures": "12122000",
            "operatingCashflow": "34203000",
            "grossProfit": "123497000",
            "totalRevenue": "295250000",
            "sentiment": 0.09934005576733528,
            "surprise": "-0.08",
            "closePrice": "20.04"
        },
        {
            "fiscalDateEnding": "2022-06-30",
            "totalCurrentAssets": "1045802000",
            "cashAndShortTermInvestments": "118953000",
            "totalCurrentLiabilities": "845002000",
            "currentDebt": "55688000",
            "netIncome": "13342000",
            "capitalExpenditures": "5908000",
            "operatingCashflow": "38889000",
            "grossProfit": "152359000",
            "totalRevenue": "331692000",
            "sentiment": 0.04810345888986167,
            "surprise": "0",
            "closePrice": "27.19"
        },
        {
            "fiscalDateEnding": "2022-03-31",
            "totalCurrentAssets": "1009727000",
            "cashAndShortTermInvestments": "114754000",
            "totalCurrentLiabilities": "813612000",
            "currentDebt": "50778000",
            "netIncome": "15490000",
            "capitalExpenditures": "8487000",
            "operatingCashflow": "28874000",
            "grossProfit": "149059000",
            "totalRevenue": "315345000",
            "sentiment": 0.030033770619381967,
            "surprise": "-0.01",
            "closePrice": "27.37"
        },
        {
            "fiscalDateEnding": "2021-12-31",
            "totalCurrentAssets": "937434000",
            "cashAndShortTermInvestments": "122059000",
            "totalCurrentLiabilities": "754155000",
            "currentDebt": "45870000",
            "netIncome": "109471000",
            "capitalExpenditures": "12359000",
            "operatingCashflow": "75990000",
            "grossProfit": "1667219000",
            "totalRevenue": "1829279000",
            "sentiment": 0,
            "surprise": "-0.04",
            "closePrice": "33.58"
        },
        {
            "fiscalDateEnding": "2021-09-30",
            "totalCurrentAssets": "1011535000",
            "cashAndShortTermInvestments": "141482000",
            "totalCurrentLiabilities": "803485000",
            "currentDebt": "40967000",
            "netIncome": "13764000",
            "capitalExpenditures": "9282000",
            "operatingCashflow": "39498000",
            "grossProfit": "149828000",
            "totalRevenue": "308540000",
            "sentiment": 0,
            "surprise": "-0.02",
            "closePrice": "31.59"
        },
        {
            "fiscalDateEnding": "2021-06-30",
            "totalCurrentAssets": "985230000",
            "cashAndShortTermInvestments": "146213000",
            "totalCurrentLiabilities": "766459000",
            "currentDebt": "36067000",
            "netIncome": "6501000",
            "capitalExpenditures": "11328000",
            "operatingCashflow": "35228000",
            "grossProfit": "134660000",
            "totalRevenue": "293274000",
            "sentiment": 0,
            "surprise": "-0.03",
            "closePrice": "32.37"
        },
        {
            "fiscalDateEnding": "2021-03-31",
            "totalCurrentAssets": "956252000",
            "cashAndShortTermInvestments": "184364000",
            "totalCurrentLiabilities": "716119000",
            "currentDebt": "34294000",
            "netIncome": "-1945000",
            "capitalExpenditures": "12399000",
            "operatingCashflow": "69757000",
            "grossProfit": "117080000",
            "totalRevenue": "276565000",
            "sentiment": 0,
            "surprise": "0.07",
            "closePrice": "37.56"
        },
        {
            "fiscalDateEnding": "2020-12-31",
            "totalCurrentAssets": "1154914000",
            "cashAndShortTermInvestments": "165374000",
            "totalCurrentLiabilities": "905605000",
            "currentDebt": "34265000",
            "netIncome": "67146000",
            "capitalExpenditures": "10986000",
            "operatingCashflow": "122837000",
            "grossProfit": "223955000",
            "totalRevenue": "374652000",
            "sentiment": 0,
            "surprise": "0.02",
            "closePrice": "37.62"
        },
        {
            "fiscalDateEnding": "2020-09-30",
            "totalCurrentAssets": "870331000",
            "cashAndShortTermInvestments": "133845000",
            "totalCurrentLiabilities": "590182000",
            "currentDebt": "34236000",
            "netIncome": "15866000",
            "capitalExpenditures": "9975000",
            "operatingCashflow": "66529000",
            "grossProfit": "157304000",
            "totalRevenue": "315883000",
            "sentiment": 0,
            "surprise": "-0.01",
            "closePrice": "32.74"
        },
        {
            "fiscalDateEnding": "2020-06-30",
            "totalCurrentAssets": "852407000",
            "cashAndShortTermInvestments": "129223000",
            "totalCurrentLiabilities": "580459000",
            "currentDebt": "34206000",
            "netIncome": "14075000",
            "capitalExpenditures": "15534000",
            "operatingCashflow": "68029000",
            "grossProfit": "152564000",
            "totalRevenue": "299910000",
            "sentiment": 0,
            "surprise": "0.17",
            "closePrice": "30.94"
        },
        {
            "fiscalDateEnding": "2020-03-31",
            "totalCurrentAssets": "806446000",
            "cashAndShortTermInvestments": "119124000",
            "totalCurrentLiabilities": "556356000",
            "currentDebt": "48763000",
            "netIncome": "-24427000",
            "capitalExpenditures": "10138000",
            "operatingCashflow": "57500000",
            "grossProfit": "125648000",
            "totalRevenue": "291485000",
            "sentiment": 0,
            "surprise": "-0.11",
            "closePrice": "26.87"
        },
        {
            "fiscalDateEnding": "2019-12-31",
            "totalCurrentAssets": "920376000",
            "cashAndShortTermInvestments": "121398000",
            "totalCurrentLiabilities": "611950000",
            "currentDebt": "49197000",
            "netIncome": "55486000",
            "capitalExpenditures": "10710000",
            "operatingCashflow": "43667000",
            "grossProfit": "208707000",
            "totalRevenue": "381811000",
            "sentiment": 0,
            "surprise": "-0.09",
            "closePrice": "28.21"
        },
        {
            "fiscalDateEnding": "2019-09-30",
            "totalCurrentAssets": "1004890000",
            "cashAndShortTermInvestments": "121581000",
            "totalCurrentLiabilities": "734880000",
            "currentDebt": "49231000",
            "netIncome": "31814000",
            "capitalExpenditures": "16089000",
            "operatingCashflow": "32073000",
            "grossProfit": "180733000",
            "totalRevenue": "354901000",
            "sentiment": 0,
            "surprise": "0.14",
            "closePrice": "34.0"
        },
        {
            "fiscalDateEnding": "2019-06-30",
            "totalCurrentAssets": "1121983000",
            "cashAndShortTermInvestments": "139396000",
            "totalCurrentLiabilities": "870249000",
            "currentDebt": "34089000",
            "netIncome": "5725000",
            "capitalExpenditures": "11387000",
            "operatingCashflow": "14438000",
            "grossProfit": "142378000",
            "totalRevenue": "297618000",
            "sentiment": 0,
            "surprise": "0.15",
            "closePrice": "30.86"
        },
        {
            "fiscalDateEnding": "2019-03-31",
            "totalCurrentAssets": "514217000",
            "cashAndShortTermInvestments": "176173000",
            "totalCurrentLiabilities": "260377000",
            "currentDebt": "20788000",
            "netIncome": "-25963000",
            "capitalExpenditures": "9828000",
            "operatingCashflow": "42427000",
            "grossProfit": "90914000",
            "totalRevenue": "205855000",
            "sentiment": 0,
            "surprise": "-0.11",
            "closePrice": "32.17"
        },
        {
            "fiscalDateEnding": "2018-12-31",
            "totalCurrentAssets": "566477000",
            "cashAndShortTermInvestments": "148502000",
            "totalCurrentLiabilities": "296620000",
            "currentDebt": "20767000",
            "netIncome": "87690000",
            "capitalExpenditures": "5583000",
            "operatingCashflow": "83470000",
            "grossProfit": "215669000",
            "totalRevenue": "319950000",
            "sentiment": 0,
            "surprise": "-0.01",
            "closePrice": "31.87"
        },
        {
            "fiscalDateEnding": "2018-09-30",
            "totalCurrentAssets": "413335000",
            "cashAndShortTermInvestments": "76342000",
            "totalCurrentLiabilities": "249631000",
            "currentDebt": "18765000",
            "netIncome": "15233000",
            "capitalExpenditures": "10426000",
            "operatingCashflow": "29351000",
            "grossProfit": "143052000",
            "totalRevenue": "245525000",
            "sentiment": 0,
            "surprise": "0.27",
            "closePrice": "29.0"
        },
        {
            "fiscalDateEnding": "2018-06-30",
            "totalCurrentAssets": "389986000",
            "cashAndShortTermInvestments": "59033000",
            "totalCurrentLiabilities": "260417000",
            "currentDebt": "22988000",
            "netIncome": "-14574000",
            "capitalExpenditures": "15295000",
            "operatingCashflow": "25975000",
            "grossProfit": "118734000",
            "totalRevenue": "234995000",
            "sentiment": 0,
            "surprise": "-0.03",
            "closePrice": "26.55"
        },
        {
            "fiscalDateEnding": "2018-03-31",
            "totalCurrentAssets": "419294000",
            "cashAndShortTermInvestments": "74281000",
            "totalCurrentLiabilities": "270337000",
            "currentDebt": "20379000",
            "netIncome": "-19428000",
            "capitalExpenditures": "12589000",
            "operatingCashflow": "45136000",
            "grossProfit": "101974000",
            "totalRevenue": "209310000",
            "sentiment": 0,
            "surprise": "-0.08",
            "closePrice": "23.335"
        },
        {
            "fiscalDateEnding": "2017-12-31",
            "totalCurrentAssets": "421821000",
            "cashAndShortTermInvestments": "69710000",
            "totalCurrentLiabilities": "321782000",
            "currentDebt": "17786000",
            "netIncome": "33164000",
            "capitalExpenditures": "14520000",
            "operatingCashflow": "61125000",
            "grossProfit": "210402000",
            "totalRevenue": "326395000",
            "sentiment": 0,
            "surprise": "0.19",
            "closePrice": "23.68"
        },
        {
            "fiscalDateEnding": "2017-09-30",
            "totalCurrentAssets": "306722000",
            "cashAndShortTermInvestments": "67930000",
            "totalCurrentLiabilities": "264992000",
            "currentDebt": "17772000",
            "netIncome": "3388000",
            "capitalExpenditures": "13659000",
            "operatingCashflow": "-14025000",
            "grossProfit": "118342000",
            "totalRevenue": "225735000",
            "sentiment": 0,
            "surprise": "0.13",
            "closePrice": "23.03"
        },
        {
            "fiscalDateEnding": "2017-06-30",
            "totalCurrentAssets": "345477000",
            "cashAndShortTermInvestments": "95357000",
            "totalCurrentLiabilities": "313193000",
            "currentDebt": "17774000",
            "netIncome": "-29809000",
            "capitalExpenditures": "13830000",
            "operatingCashflow": "-76460000",
            "grossProfit": "120242000",
            "totalRevenue": "240599000",
            "sentiment": 0,
            "surprise": "0.09",
            "closePrice": "24.04"
        },
        {
            "fiscalDateEnding": "2017-03-31",
            "totalCurrentAssets": "340867000",
            "cashAndShortTermInvestments": "99744000",
            "totalCurrentLiabilities": "264569000",
            "currentDebt": "17701000",
            "netIncome": "-1608000",
            "capitalExpenditures": "12405000",
            "operatingCashflow": "94982000",
            "grossProfit": "122919000",
            "totalRevenue": "231462000",
            "sentiment": 0,
            "surprise": "0.1",
            "closePrice": "22.55"
        },
        {
            "fiscalDateEnding": "2016-12-31",
            "totalCurrentAssets": "407991000",
            "cashAndShortTermInvestments": "75753000",
            "totalCurrentLiabilities": "376366000",
            "currentDebt": "90323000",
            "netIncome": "66691000",
            "capitalExpenditures": "9440000",
            "operatingCashflow": "-177769000",
            "grossProfit": "147791000",
            "totalRevenue": "368214000",
            "sentiment": 0,
            "surprise": "0.05",
            "closePrice": "19.71"
        },
        {
            "fiscalDateEnding": "2016-09-30",
            "totalCurrentAssets": "262768000",
            "cashAndShortTermInvestments": "50912000",
            "totalCurrentLiabilities": "352223000",
            "currentDebt": "90270000",
            "netIncome": "-9826000",
            "capitalExpenditures": "20528000",
            "operatingCashflow": "974000",
            "grossProfit": "23502000",
            "totalRevenue": "209931000",
            "sentiment": 0,
            "surprise": "-0.17",
            "closePrice": "17.21"
        },
        {
            "fiscalDateEnding": "2016-06-30",
            "totalCurrentAssets": "268479000",
            "cashAndShortTermInvestments": "52463000",
            "totalCurrentLiabilities": "376520000",
            "currentDebt": "90198000",
            "netIncome": "-16474000",
            "capitalExpenditures": "17208000",
            "operatingCashflow": "-3758000",
            "grossProfit": "12321000",
            "totalRevenue": "212238000",
            "sentiment": 0,
            "surprise": "-0.06",
            "closePrice": "19.85"
        },
        {
            "fiscalDateEnding": "2016-03-31",
            "totalCurrentAssets": "312914000",
            "cashAndShortTermInvestments": "94369000",
            "totalCurrentLiabilities": "363810000",
            "currentDebt": "90055000",
            "netIncome": "89144000",
            "capitalExpenditures": "15904000",
            "operatingCashflow": "207470000",
            "grossProfit": "17783000",
            "totalRevenue": "215352000",
            "sentiment": 0,
            "surprise": "0.04",
            "closePrice": "19.44"
        },
        {
            "fiscalDateEnding": "2015-12-31",
            "totalCurrentAssets": "382501000",
            "cashAndShortTermInvestments": "102239000",
            "totalCurrentLiabilities": "384861000",
            "currentDebt": "95293000",
            "netIncome": "43767000",
            "capitalExpenditures": "17342000",
            "operatingCashflow": "43767000",
            "grossProfit": "97060000",
            "totalRevenue": "298439000",
            "sentiment": 0,
            "surprise": "-0.11",
            "closePrice": "17.98"
        },
        {
            "fiscalDateEnding": "2015-09-30",
            "totalCurrentAssets": "380626000",
            "cashAndShortTermInvestments": "80857000",
            "totalCurrentLiabilities": "365078000",
            "currentDebt": "95293000",
            "netIncome": "14780000",
            "capitalExpenditures": "9659000",
            "operatingCashflow": "15580000",
            "grossProfit": "54595000",
            "totalRevenue": "233287000",
            "sentiment": 0,
            "surprise": "0.01",
            "closePrice": "23.35"
        },
        {
            "fiscalDateEnding": "2015-06-30",
            "totalCurrentAssets": "381457000",
            "cashAndShortTermInvestments": "50397000",
            "totalCurrentLiabilities": "368310000",
            "currentDebt": "95293000",
            "netIncome": "27051000",
            "capitalExpenditures": "9407000",
            "operatingCashflow": "32451000",
            "grossProfit": "47778000",
            "totalRevenue": "250511000",
            "sentiment": 0,
            "surprise": "0.17",
            "closePrice": "24.21"
        },
        {
            "fiscalDateEnding": "2015-03-31",
            "totalCurrentAssets": "356046000",
            "cashAndShortTermInvestments": "68459000",
            "totalCurrentLiabilities": "351646000",
            "currentDebt": "91323000",
            "netIncome": "-162000",
            "capitalExpenditures": "12497000",
            "operatingCashflow": "103218000",
            "grossProfit": "34959000",
            "totalRevenue": "225598000",
            "sentiment": 0,
            "surprise": "0.25",
            "closePrice": "23.03"
        },
        {
            "fiscalDateEnding": "2014-12-31",
            "totalCurrentAssets": "373919000",
            "cashAndShortTermInvestments": "77301000",
            "totalCurrentLiabilities": "378591000",
            "currentDebt": "87352000",
            "netIncome": "46366000",
            "capitalExpenditures": "8918000",
            "operatingCashflow": "46366000",
            "grossProfit": "100007000",
            "totalRevenue": "279406000",
            "sentiment": 0,
            "surprise": "-0.03",
            "closePrice": "19.89"
        },
        {
            "fiscalDateEnding": "2014-09-30",
            "totalCurrentAssets": "410449000",
            "cashAndShortTermInvestments": "60071000",
            "totalCurrentLiabilities": "356536000",
            "currentDebt": "83381000",
            "netIncome": "15732000",
            "capitalExpenditures": "10672000",
            "operatingCashflow": "20332000",
            "grossProfit": "58124000",
            "totalRevenue": "242778000",
            "sentiment": 0,
            "surprise": "0.01",
            "closePrice": "19.2"
        },
        {
            "fiscalDateEnding": "2014-06-30",
            "totalCurrentAssets": "390603000",
            "cashAndShortTermInvestments": "54982000",
            "totalCurrentLiabilities": "337384000",
            "currentDebt": "59141000",
            "netIncome": "11237000",
            "capitalExpenditures": "7502000",
            "operatingCashflow": "15637000",
            "grossProfit": "51469000",
            "totalRevenue": "241660000",
            "sentiment": 0,
            "surprise": "0.07",
            "closePrice": "18.74"
        },
        {
            "fiscalDateEnding": "2014-03-31",
            "totalCurrentAssets": "411928000",
            "cashAndShortTermInvestments": "58936000",
            "totalCurrentLiabilities": "353254000",
            "currentDebt": "53227000",
            "netIncome": "-5775000",
            "capitalExpenditures": "7808000",
            "operatingCashflow": "15257000",
            "grossProfit": "25997000",
            "totalRevenue": "211349000",
            "sentiment": 0,
            "surprise": "-0.06",
            "closePrice": "18.67"
        },
        {
            "fiscalDateEnding": "2013-12-31",
            "totalCurrentAssets": "436362000",
            "cashAndShortTermInvestments": "95059000",
            "totalCurrentLiabilities": "345600000",
            "currentDebt": "47313000",
            "netIncome": "50391000",
            "capitalExpenditures": "14241000",
            "operatingCashflow": "51858000",
            "grossProfit": "109537000",
            "totalRevenue": "273344000",
            "sentiment": 0,
            "surprise": "-0.06",
            "closePrice": "19.8866666666667"
        },
        {
            "fiscalDateEnding": "2013-09-30",
            "totalCurrentAssets": "475694000",
            "cashAndShortTermInvestments": "166511000",
            "totalCurrentLiabilities": "295420000",
            "currentDebt": "41398000",
            "netIncome": "13762000",
            "capitalExpenditures": "4732000",
            "operatingCashflow": "28929000",
            "grossProfit": "48031000",
            "totalRevenue": "203573000",
            "sentiment": 0,
            "surprise": "-0.02",
            "closePrice": "19.0533333333333"
        },
        {
            "fiscalDateEnding": "2013-06-30",
            "totalCurrentAssets": "417915000",
            "cashAndShortTermInvestments": "107741000",
            "totalCurrentLiabilities": "321509000",
            "currentDebt": "56250000",
            "netIncome": "1881000",
            "capitalExpenditures": "4623000",
            "operatingCashflow": "22704000",
            "grossProfit": "40422000",
            "totalRevenue": "198439000",
            "sentiment": 0,
            "surprise": "-0.08",
            "closePrice": "16.18"
        },
        {
            "fiscalDateEnding": "2013-03-31",
            "totalCurrentAssets": "422026000",
            "cashAndShortTermInvestments": "112484000",
            "totalCurrentLiabilities": "311527000",
            "currentDebt": "50000000",
            "netIncome": "-2166000",
            "capitalExpenditures": "9005000",
            "operatingCashflow": "34927000",
            "grossProfit": "31104000",
            "totalRevenue": "161566000",
            "sentiment": 0,
            "surprise": "-0.08",
            "closePrice": "15.2566666666667"
        },
        {
            "fiscalDateEnding": "2012-12-31",
            "totalCurrentAssets": "356126000",
            "cashAndShortTermInvestments": "76329000",
            "totalCurrentLiabilities": "266599000",
            "currentDebt": "17500000",
            "netIncome": "49664000",
            "capitalExpenditures": "3072000",
            "operatingCashflow": "3477000",
            "grossProfit": "106090000",
            "totalRevenue": "221064000",
            "sentiment": 0,
            "surprise": "0.05",
            "closePrice": "15.27"
        },
        {
            "fiscalDateEnding": "2012-09-30",
            "totalCurrentAssets": "337506000",
            "cashAndShortTermInvestments": "87682000",
            "totalCurrentLiabilities": "305149000",
            "currentDebt": "15625000",
            "netIncome": "5655000",
            "capitalExpenditures": "8026000",
            "operatingCashflow": "5325000",
            "grossProfit": "38500000",
            "totalRevenue": "151041000",
            "sentiment": 0,
            "surprise": "-0.05",
            "closePrice": "12.79"
        },
        {
            "fiscalDateEnding": "2012-06-30",
            "totalCurrentAssets": "373833000",
            "cashAndShortTermInvestments": "149616000",
            "totalCurrentLiabilities": "292000000",
            "currentDebt": "15000000",
            "netIncome": "-4651000",
            "capitalExpenditures": "3472000",
            "operatingCashflow": "-5453000",
            "grossProfit": "20534000",
            "totalRevenue": "146562000",
            "sentiment": 0,
            "surprise": "-0.13",
            "closePrice": "13.56"
        },
        {
            "fiscalDateEnding": "2012-03-31",
            "totalCurrentAssets": "416613000",
            "cashAndShortTermInvestments": "201080000",
            "totalCurrentLiabilities": "298831000",
            "currentDebt": "14375000",
            "netIncome": "-1822000",
            "capitalExpenditures": "2092000",
            "operatingCashflow": "-12614000",
            "grossProfit": "20541000",
            "totalRevenue": "135085000",
            "sentiment": 0,
            "surprise": "0.04",
            "closePrice": "13.3633333333333"
        },
        {
            "fiscalDateEnding": "2011-12-31",
            "totalCurrentAssets": "341864000",
            "cashAndShortTermInvestments": "197098000",
            "totalCurrentLiabilities": "227057000",
            "currentDebt": "None",
            "netIncome": "23891000",
            "capitalExpenditures": "3077000",
            "operatingCashflow": "31227000",
            "grossProfit": "56816000",
            "totalRevenue": "134029000",
            "sentiment": 0,
            "surprise": "0",
            "closePrice": "12.0233333333333"
        },
        {
            "fiscalDateEnding": "2011-09-30",
            "totalCurrentAssets": "291239000",
            "cashAndShortTermInvestments": "179700000",
            "totalCurrentLiabilities": "185970000",
            "currentDebt": "None",
            "netIncome": "10539000",
            "capitalExpenditures": "2742000",
            "operatingCashflow": "26751000",
            "grossProfit": "33298000",
            "totalRevenue": "111698000",
            "sentiment": 0,
            "surprise": "0.04",
            "closePrice": "10.37"
        },
        {
            "fiscalDateEnding": "2011-06-30",
            "totalCurrentAssets": "288180000",
            "cashAndShortTermInvestments": "170807000",
            "totalCurrentLiabilities": "265671000",
            "currentDebt": "75000000",
            "netIncome": "9800000",
            "capitalExpenditures": "6126000",
            "operatingCashflow": "7541000",
            "grossProfit": "34118000",
            "totalRevenue": "113278000",
            "sentiment": 0,
            "surprise": "0.07",
            "closePrice": "12.56"
        },
        {
            "fiscalDateEnding": "2011-03-31",
            "totalCurrentAssets": "285600000",
            "cashAndShortTermInvestments": "168882000",
            "totalCurrentLiabilities": "273377000",
            "currentDebt": "75000000",
            "netIncome": "1622000",
            "capitalExpenditures": "7032000",
            "operatingCashflow": "17943000",
            "grossProfit": "29985000",
            "totalRevenue": "103900000",
            "sentiment": 0,
            "surprise": "None",
            "closePrice": "10.8233333333333"
        },
        {
            "fiscalDateEnding": "2010-12-31",
            "totalCurrentAssets": "294809000",
            "cashAndShortTermInvestments": "171310000",
            "totalCurrentLiabilities": "270764000",
            "currentDebt": "75000000",
            "netIncome": "27098000",
            "capitalExpenditures": "9009000",
            "operatingCashflow": "32175000",
            "grossProfit": "61002000",
            "totalRevenue": "140727000",
            "sentiment": 0,
            "surprise": "0.03",
            "closePrice": "9.28333333333333"
        },
        {
            "fiscalDateEnding": "2010-09-30",
            "totalCurrentAssets": "268508000",
            "cashAndShortTermInvestments": "143902000",
            "totalCurrentLiabilities": "271006000",
            "currentDebt": "75000000",
            "netIncome": "2336000",
            "capitalExpenditures": "1751000",
            "operatingCashflow": "32035000",
            "grossProfit": "54091000",
            "totalRevenue": "96599000",
            "sentiment": 0,
            "surprise": "-0.07",
            "closePrice": "8.0"
        },
        {
            "fiscalDateEnding": "2010-06-30",
            "totalCurrentAssets": "249047000",
            "cashAndShortTermInvestments": "117757000",
            "totalCurrentLiabilities": "172638000",
            "currentDebt": "None",
            "netIncome": "-150000",
            "capitalExpenditures": "2390000",
            "operatingCashflow": "3520000",
            "grossProfit": "51926000",
            "totalRevenue": "91882000",
            "sentiment": 0,
            "surprise": "0.0085",
            "closePrice": "6.44333333333333"
        }
    ]
}