{
    "ACLS": [
        {
            "fiscalDateEnding": "2023-12-31",
            "totalCurrentAssets": "1079991000",
            "cashAndShortTermInvestments": "506148000",
            "totalCurrentLiabilities": "285129000",
            "currentDebt": "1511000",
            "netIncome": "71056000",
            "capitalExpenditures": "10153000",
            "operatingCashflow": "65575000",
            "grossProfit": "137896000",
            "totalRevenue": "310288000",
            "sentiment": 0.1946681017830317,
            "surprise": "0.13",
            "closePrice": "122.25"
        },
        {
            "fiscalDateEnding": "2023-09-30",
            "totalCurrentAssets": "1015041000",
            "cashAndShortTermInvestments": "461010000",
            "totalCurrentLiabilities": "261178000",
            "currentDebt": "1438000",
            "netIncome": "65931000",
            "capitalExpenditures": "5301000",
            "operatingCashflow": "24020000",
            "grossProfit": "129684000",
            "totalRevenue": "292326000",
            "sentiment": 0.20992509210604088,
            "surprise": "0.26",
            "closePrice": "127.5"
        },
        {
            "fiscalDateEnding": "2023-06-30",
            "totalCurrentAssets": "950169000",
            "cashAndShortTermInvestments": "452864000",
            "totalCurrentLiabilities": "248460000",
            "currentDebt": "1367000",
            "netIncome": "61579000",
            "capitalExpenditures": "2962000",
            "operatingCashflow": "32715000",
            "grossProfit": "119703000",
            "totalRevenue": "273970000",
            "sentiment": 0.1987956560308654,
            "surprise": "0.4",
            "closePrice": "189.02"
        },
        {
            "fiscalDateEnding": "2023-03-31",
            "totalCurrentAssets": "934442000",
            "cashAndShortTermInvestments": "444699000",
            "totalCurrentLiabilities": "267942000",
            "currentDebt": "1297000",
            "netIncome": "47697000",
            "capitalExpenditures": "2240000",
            "operatingCashflow": "34559000",
            "grossProfit": "104019000",
            "totalRevenue": "254020000",
            "sentiment": 0.18866470949053893,
            "surprise": "0.17",
            "closePrice": "122.61"
        },
        {
            "fiscalDateEnding": "2022-12-31",
            "totalCurrentAssets": "877645000",
            "cashAndShortTermInvestments": "432166000",
            "totalCurrentLiabilities": "248132000",
            "currentDebt": "1229000",
            "netIncome": "56992000",
            "capitalExpenditures": "3807000",
            "operatingCashflow": "122384000",
            "grossProfit": "109521000",
            "totalRevenue": "266051000",
            "sentiment": 0.29898188920057023,
            "surprise": "0.33",
            "closePrice": "117.57"
        },
        {
            "fiscalDateEnding": "2022-09-30",
            "totalCurrentAssets": "775142000",
            "cashAndShortTermInvestments": "342128000",
            "totalCurrentLiabilities": "207856000",
            "currentDebt": "1164000",
            "netIncome": "40283000",
            "capitalExpenditures": "3520000",
            "operatingCashflow": "64001000",
            "grossProfit": "103321000",
            "totalRevenue": "229175000",
            "sentiment": 0.2436363696970838,
            "surprise": "0.08",
            "closePrice": "57.36"
        },
        {
            "fiscalDateEnding": "2022-06-30",
            "totalCurrentAssets": "679728000",
            "cashAndShortTermInvestments": "287167000",
            "totalCurrentLiabilities": "152970000",
            "currentDebt": "1101000",
            "netIncome": "44189000",
            "capitalExpenditures": "1853000",
            "operatingCashflow": "3452000",
            "grossProfit": "99181000",
            "totalRevenue": "221177000",
            "sentiment": 0.05729268322511207,
            "surprise": "0.32",
            "closePrice": "72.7"
        },
        {
            "fiscalDateEnding": "2022-03-31",
            "totalCurrentAssets": "648706000",
            "cashAndShortTermInvestments": "297141000",
            "totalCurrentLiabilities": "147497000",
            "currentDebt": "1039000",
            "netIncome": "41614000",
            "capitalExpenditures": "1503000",
            "operatingCashflow": "25770000",
            "grossProfit": "89766000",
            "totalRevenue": "203595000",
            "sentiment": 0.060103530358543926,
            "surprise": "0.3",
            "closePrice": "60.7"
        },
        {
            "fiscalDateEnding": "2021-12-31",
            "totalCurrentAssets": "619246000",
            "cashAndShortTermInvestments": "294923000",
            "totalCurrentLiabilities": "150140000",
            "currentDebt": "979000",
            "netIncome": "35749000",
            "capitalExpenditures": "3017000",
            "operatingCashflow": "38109000",
            "grossProfit": "89484000",
            "totalRevenue": "205684000",
            "sentiment": 0,
            "surprise": "0.21",
            "closePrice": "63.24"
        },
        {
            "fiscalDateEnding": "2021-09-30",
            "totalCurrentAssets": "570144000",
            "cashAndShortTermInvestments": "271085000",
            "totalCurrentLiabilities": "137195000",
            "currentDebt": "921000",
            "netIncome": "27513000",
            "capitalExpenditures": "3309000",
            "operatingCashflow": "66160000",
            "grossProfit": "76512000",
            "totalRevenue": "176694000",
            "sentiment": 0,
            "surprise": "0.11",
            "closePrice": "59.04"
        },
        {
            "fiscalDateEnding": "2021-06-30",
            "totalCurrentAssets": "514131000",
            "cashAndShortTermInvestments": "219731000",
            "totalCurrentLiabilities": "106474000",
            "currentDebt": "864000",
            "netIncome": "18906000",
            "capitalExpenditures": "1045000",
            "operatingCashflow": "30823000",
            "grossProfit": "64014000",
            "totalRevenue": "147274000",
            "sentiment": 0,
            "surprise": "0.1",
            "closePrice": "38.71"
        },
        {
            "fiscalDateEnding": "2021-03-31",
            "totalCurrentAssets": "479592000",
            "cashAndShortTermInvestments": "206766000",
            "totalCurrentLiabilities": "83878000",
            "currentDebt": "3196000",
            "netIncome": "16480000",
            "capitalExpenditures": "1347000",
            "operatingCashflow": "15098000",
            "grossProfit": "56435000",
            "totalRevenue": "132776000",
            "sentiment": 0,
            "surprise": "0.16",
            "closePrice": "40.8"
        },
        {
            "fiscalDateEnding": "2020-12-31",
            "totalCurrentAssets": "470791000",
            "cashAndShortTermInvestments": "203479000",
            "totalCurrentLiabilities": "84431000",
            "currentDebt": "3329000",
            "netIncome": "14674000",
            "capitalExpenditures": "1867000",
            "operatingCashflow": "-5964000",
            "grossProfit": "52975000",
            "totalRevenue": "122199000",
            "sentiment": 0,
            "surprise": "0.02",
            "closePrice": "38.56"
        },
        {
            "fiscalDateEnding": "2020-09-30",
            "totalCurrentAssets": "435768000",
            "cashAndShortTermInvestments": "211967000",
            "totalCurrentLiabilities": "69383000",
            "currentDebt": "3337000",
            "netIncome": "10785000",
            "capitalExpenditures": "2592000",
            "operatingCashflow": "19092000",
            "grossProfit": "48161000",
            "totalRevenue": "110405000",
            "sentiment": 0,
            "surprise": "0.08",
            "closePrice": "25.37"
        },
        {
            "fiscalDateEnding": "2020-06-30",
            "totalCurrentAssets": "420699000",
            "cashAndShortTermInvestments": "190340000",
            "totalCurrentLiabilities": "86759000",
            "currentDebt": "3643000",
            "netIncome": "13273000",
            "capitalExpenditures": "1685000",
            "operatingCashflow": "16898000",
            "grossProfit": "51899000",
            "totalRevenue": "122965000",
            "sentiment": 0,
            "surprise": "0.12",
            "closePrice": "30.44"
        },
        {
            "fiscalDateEnding": "2020-03-31",
            "totalCurrentAssets": "391672000",
            "cashAndShortTermInvestments": "174745000",
            "totalCurrentLiabilities": "75373000",
            "currentDebt": "3806000",
            "netIncome": "11221000",
            "capitalExpenditures": "1290000",
            "operatingCashflow": "39677000",
            "grossProfit": "45549000",
            "totalRevenue": "118991000",
            "sentiment": 0,
            "surprise": "0.08",
            "closePrice": "22.75"
        },
        {
            "fiscalDateEnding": "2019-12-31",
            "totalCurrentAssets": "375679000",
            "cashAndShortTermInvestments": "139881000",
            "totalCurrentLiabilities": "68664000",
            "currentDebt": "3543000",
            "netIncome": "44316000",
            "capitalExpenditures": "905000",
            "operatingCashflow": "-13249000",
            "grossProfit": "44316000",
            "totalRevenue": "107723000",
            "sentiment": 0,
            "surprise": "0.13",
            "closePrice": "25.89"
        },
        {
            "fiscalDateEnding": "2019-09-30",
            "totalCurrentAssets": "353915000",
            "cashAndShortTermInvestments": "155317000",
            "totalCurrentLiabilities": "63027000",
            "currentDebt": "None",
            "netIncome": "704000",
            "capitalExpenditures": "2307000",
            "operatingCashflow": "19981000",
            "grossProfit": "30581000",
            "totalRevenue": "69453000",
            "sentiment": 0,
            "surprise": "0.03",
            "closePrice": "19.17"
        },
        {
            "fiscalDateEnding": "2019-06-30",
            "totalCurrentAssets": "345357000",
            "cashAndShortTermInvestments": "136340000",
            "totalCurrentLiabilities": "52084000",
            "currentDebt": "None",
            "netIncome": "556000",
            "capitalExpenditures": "4502000",
            "operatingCashflow": "-7977000",
            "grossProfit": "31749000",
            "totalRevenue": "74305000",
            "sentiment": 0,
            "surprise": "0.05",
            "closePrice": "15.02"
        },
        {
            "fiscalDateEnding": "2019-03-31",
            "totalCurrentAssets": "380412000",
            "cashAndShortTermInvestments": "163104000",
            "totalCurrentLiabilities": "66058000",
            "currentDebt": "None",
            "netIncome": "6062000",
            "capitalExpenditures": "4255000",
            "operatingCashflow": "-12349000",
            "grossProfit": "37506000",
            "totalRevenue": "91477000",
            "sentiment": 0,
            "surprise": "0.07",
            "closePrice": "21.96"
        },
        {
            "fiscalDateEnding": "2018-12-31",
            "totalCurrentAssets": "396771000",
            "cashAndShortTermInvestments": "177993000",
            "totalCurrentLiabilities": "84997000",
            "currentDebt": "None",
            "netIncome": "43567000",
            "capitalExpenditures": "863000",
            "operatingCashflow": "29745000",
            "grossProfit": "43567000",
            "totalRevenue": "105683000",
            "sentiment": 0,
            "surprise": "0.05",
            "closePrice": "22.28"
        },
        {
            "fiscalDateEnding": "2018-09-30",
            "totalCurrentAssets": "367283000",
            "cashAndShortTermInvestments": "148716000",
            "totalCurrentLiabilities": "66272000",
            "currentDebt": "None",
            "netIncome": "8838000",
            "capitalExpenditures": "2177000",
            "operatingCashflow": "1880000",
            "grossProfit": "39913000",
            "totalRevenue": "95374000",
            "sentiment": 0,
            "surprise": "0.08",
            "closePrice": "18.64"
        },
        {
            "fiscalDateEnding": "2018-06-30",
            "totalCurrentAssets": "362935000",
            "cashAndShortTermInvestments": "147297000",
            "totalCurrentLiabilities": "66690000",
            "currentDebt": "None",
            "netIncome": "14669000",
            "capitalExpenditures": "952000",
            "operatingCashflow": "6840000",
            "grossProfit": "49000000",
            "totalRevenue": "119333000",
            "sentiment": 0,
            "surprise": "0.08",
            "closePrice": "22.9"
        },
        {
            "fiscalDateEnding": "2018-03-31",
            "totalCurrentAssets": "361597000",
            "cashAndShortTermInvestments": "140957000",
            "totalCurrentLiabilities": "77084000",
            "currentDebt": "None",
            "netIncome": "13915000",
            "capitalExpenditures": "723000",
            "operatingCashflow": "8500000",
            "grossProfit": "47156000",
            "totalRevenue": "122185000",
            "sentiment": 0,
            "surprise": "0.03",
            "closePrice": "22.85"
        },
        {
            "fiscalDateEnding": "2017-12-31",
            "totalCurrentAssets": "339775000",
            "cashAndShortTermInvestments": "133407000",
            "totalCurrentLiabilities": "79287000",
            "currentDebt": "None",
            "netIncome": "36720000",
            "capitalExpenditures": "375000",
            "operatingCashflow": "15962000",
            "grossProfit": "36720000",
            "totalRevenue": "116396000",
            "sentiment": 0,
            "surprise": "0.08",
            "closePrice": "24.3"
        },
        {
            "fiscalDateEnding": "2017-09-30",
            "totalCurrentAssets": "314631000",
            "cashAndShortTermInvestments": "113889000",
            "totalCurrentLiabilities": "73697000",
            "currentDebt": "None",
            "netIncome": "11841000",
            "capitalExpenditures": "5061000",
            "operatingCashflow": "8925000",
            "grossProfit": "39751000",
            "totalRevenue": "104482000",
            "sentiment": 0,
            "surprise": "0.1",
            "closePrice": "31.95"
        },
        {
            "fiscalDateEnding": "2017-06-30",
            "totalCurrentAssets": "289678000",
            "cashAndShortTermInvestments": "108558000",
            "totalCurrentLiabilities": "62357000",
            "currentDebt": "None",
            "netIncome": "13932000",
            "capitalExpenditures": "733000",
            "operatingCashflow": "34065000",
            "grossProfit": "39062000",
            "totalRevenue": "102790000",
            "sentiment": 0,
            "surprise": "0",
            "closePrice": "20.7"
        },
        {
            "fiscalDateEnding": "2017-03-31",
            "totalCurrentAssets": "260084000",
            "cashAndShortTermInvestments": "69429000",
            "totalCurrentLiabilities": "52835000",
            "currentDebt": "None",
            "netIncome": "9506000",
            "capitalExpenditures": "1116000",
            "operatingCashflow": "-2668000",
            "grossProfit": "34714000",
            "totalRevenue": "86893000",
            "sentiment": 0,
            "surprise": "0.08",
            "closePrice": "19.7"
        },
        {
            "fiscalDateEnding": "2016-12-31",
            "totalCurrentAssets": "240729000",
            "cashAndShortTermInvestments": "70791000",
            "totalCurrentLiabilities": "47731000",
            "currentDebt": "None",
            "netIncome": "26947000",
            "capitalExpenditures": "245000",
            "operatingCashflow": "4225000",
            "grossProfit": "26947000",
            "totalRevenue": "73247000",
            "sentiment": 0,
            "surprise": "0.03",
            "closePrice": "15.65"
        },
        {
            "fiscalDateEnding": "2016-09-30",
            "totalCurrentAssets": "232318000",
            "cashAndShortTermInvestments": "65623000",
            "totalCurrentLiabilities": "39712000",
            "currentDebt": "None",
            "netIncome": "2151000",
            "capitalExpenditures": "402000",
            "operatingCashflow": "3690000",
            "grossProfit": "24104000",
            "totalRevenue": "64308000",
            "sentiment": 0,
            "surprise": "0.03",
            "closePrice": "13.45"
        },
        {
            "fiscalDateEnding": "2016-06-30",
            "totalCurrentAssets": "242703000",
            "cashAndShortTermInvestments": "60981000",
            "totalCurrentLiabilities": "54290000",
            "currentDebt": "None",
            "netIncome": "2937000",
            "capitalExpenditures": "584000",
            "operatingCashflow": "4162000",
            "grossProfit": "25131000",
            "totalRevenue": "63113000",
            "sentiment": 0,
            "surprise": "0.06",
            "closePrice": "10.85"
        },
        {
            "fiscalDateEnding": "2016-03-31",
            "totalCurrentAssets": "236313000",
            "cashAndShortTermInvestments": "67571000",
            "totalCurrentLiabilities": "45914000",
            "currentDebt": "None",
            "netIncome": "1948000",
            "capitalExpenditures": "1275000",
            "operatingCashflow": "-19640000",
            "grossProfit": "23415000",
            "totalRevenue": "66474000",
            "sentiment": 0,
            "surprise": "0.05",
            "closePrice": "10.96"
        },
        {
            "fiscalDateEnding": "2015-12-31",
            "totalCurrentAssets": "229957000",
            "cashAndShortTermInvestments": "78889000",
            "totalCurrentLiabilities": "44368000",
            "currentDebt": "None",
            "netIncome": "21973000",
            "capitalExpenditures": "501000",
            "operatingCashflow": "-5660000",
            "grossProfit": "21973000",
            "totalRevenue": "39570000",
            "sentiment": 0,
            "surprise": "0.02",
            "closePrice": "10.32"
        },
        {
            "fiscalDateEnding": "2015-09-30",
            "totalCurrentAssets": "248642000",
            "cashAndShortTermInvestments": "79871000",
            "totalCurrentLiabilities": "49820000",
            "currentDebt": "None",
            "netIncome": "6101000",
            "capitalExpenditures": "657000",
            "operatingCashflow": "6101000",
            "grossProfit": "29179000",
            "totalRevenue": "78043000",
            "sentiment": 0,
            "surprise": "0.04",
            "closePrice": "12.24"
        },
        {
            "fiscalDateEnding": "2015-06-30",
            "totalCurrentAssets": "250738000",
            "cashAndShortTermInvestments": "78085000",
            "totalCurrentLiabilities": "60343000",
            "currentDebt": "None",
            "netIncome": "5883000",
            "capitalExpenditures": "352000",
            "operatingCashflow": "5883000",
            "grossProfit": "27174000",
            "totalRevenue": "77127000",
            "sentiment": 0,
            "surprise": "0.08",
            "closePrice": "11.48"
        },
        {
            "fiscalDateEnding": "2015-03-31",
            "totalCurrentAssets": "234386000",
            "cashAndShortTermInvestments": "74548000",
            "totalCurrentLiabilities": "50373000",
            "currentDebt": "None",
            "netIncome": "1868000",
            "capitalExpenditures": "320000",
            "operatingCashflow": "17104000",
            "grossProfit": "23380000",
            "totalRevenue": "72240000",
            "sentiment": 0,
            "surprise": "0.06",
            "closePrice": "10.36"
        },
        {
            "fiscalDateEnding": "2014-12-31",
            "totalCurrentAssets": "185135000",
            "cashAndShortTermInvestments": "30753000",
            "totalCurrentLiabilities": "52098000",
            "currentDebt": "14530000",
            "netIncome": "18796000",
            "capitalExpenditures": "186000",
            "operatingCashflow": "18796000",
            "grossProfit": "18796000",
            "totalRevenue": "62530000",
            "sentiment": 0,
            "surprise": "0.1156",
            "closePrice": "10.28"
        },
        {
            "fiscalDateEnding": "2014-09-30",
            "totalCurrentAssets": "175995000",
            "cashAndShortTermInvestments": "32536000",
            "totalCurrentLiabilities": "31727000",
            "currentDebt": "1164000",
            "netIncome": "-4704000",
            "capitalExpenditures": "143000",
            "operatingCashflow": "-4704000",
            "grossProfit": "15144000",
            "totalRevenue": "38227000",
            "sentiment": 0,
            "surprise": "0.07",
            "closePrice": "9.32"
        },
        {
            "fiscalDateEnding": "2014-06-30",
            "totalCurrentAssets": "181877000",
            "cashAndShortTermInvestments": "35588000",
            "totalCurrentLiabilities": "32072000",
            "currentDebt": "1054000",
            "netIncome": "-6900000",
            "capitalExpenditures": "340000",
            "operatingCashflow": "-6900000",
            "grossProfit": "14484000",
            "totalRevenue": "40893000",
            "sentiment": 0,
            "surprise": "0",
            "closePrice": "6.92"
        },
        {
            "fiscalDateEnding": "2014-03-31",
            "totalCurrentAssets": "184169000",
            "cashAndShortTermInvestments": "43039000",
            "totalCurrentLiabilities": "33225000",
            "currentDebt": "762000",
            "netIncome": "174000",
            "capitalExpenditures": "227000",
            "operatingCashflow": "-3963000",
            "grossProfit": "21740000",
            "totalRevenue": "60589000",
            "sentiment": 0,
            "surprise": "-0.024",
            "closePrice": "7.08"
        },
        {
            "fiscalDateEnding": "2013-12-31",
            "totalCurrentAssets": "184908000",
            "cashAndShortTermInvestments": "46290000",
            "totalCurrentLiabilities": "35460000",
            "currentDebt": "471000",
            "netIncome": "21280000",
            "capitalExpenditures": "337000",
            "operatingCashflow": "21280000",
            "grossProfit": "21280000",
            "totalRevenue": "58574000",
            "sentiment": 0,
            "surprise": "-0.04",
            "closePrice": "9.64"
        },
        {
            "fiscalDateEnding": "2013-09-30",
            "totalCurrentAssets": "178603000",
            "cashAndShortTermInvestments": "49900000",
            "totalCurrentLiabilities": "33453000",
            "currentDebt": "185000",
            "netIncome": "-4750000",
            "capitalExpenditures": "148000",
            "operatingCashflow": "-4750000",
            "grossProfit": "16976000",
            "totalRevenue": "48638000",
            "sentiment": 0,
            "surprise": "-0.04",
            "closePrice": "9.04"
        },
        {
            "fiscalDateEnding": "2013-06-30",
            "totalCurrentAssets": "167400000",
            "cashAndShortTermInvestments": "34743000",
            "totalCurrentLiabilities": "34552000",
            "currentDebt": "None",
            "netIncome": "-4019000",
            "capitalExpenditures": "186000",
            "operatingCashflow": "-4019000",
            "grossProfit": "16737000",
            "totalRevenue": "47450000",
            "sentiment": 0,
            "surprise": "0.04",
            "closePrice": "8.84"
        },
        {
            "fiscalDateEnding": "2013-03-31",
            "totalCurrentAssets": "169942000",
            "cashAndShortTermInvestments": "42544000",
            "totalCurrentLiabilities": "34070000",
            "currentDebt": "None",
            "netIncome": "-8988000",
            "capitalExpenditures": "150000",
            "operatingCashflow": "-1879000",
            "grossProfit": "12943000",
            "totalRevenue": "40726000",
            "sentiment": 0,
            "surprise": "0",
            "closePrice": "5.32"
        },
        {
            "fiscalDateEnding": "2012-12-31",
            "totalCurrentAssets": "175225000",
            "cashAndShortTermInvestments": "45092000",
            "totalCurrentLiabilities": "29782000",
            "currentDebt": "None",
            "netIncome": "-120000",
            "capitalExpenditures": "55000",
            "operatingCashflow": "-120000",
            "grossProfit": "480000",
            "totalRevenue": "44624000",
            "sentiment": 0,
            "surprise": "-0.56",
            "closePrice": "5.4"
        },
        {
            "fiscalDateEnding": "2012-09-30",
            "totalCurrentAssets": "188451000",
            "cashAndShortTermInvestments": "35220000",
            "totalCurrentLiabilities": "31673000",
            "currentDebt": "None",
            "netIncome": "-8718000",
            "capitalExpenditures": "151000",
            "operatingCashflow": "-8718000",
            "grossProfit": "14367000",
            "totalRevenue": "44640000",
            "sentiment": 0,
            "surprise": "0.04",
            "closePrice": "3.8"
        },
        {
            "fiscalDateEnding": "2012-06-30",
            "totalCurrentAssets": "205625000",
            "cashAndShortTermInvestments": "33797000",
            "totalCurrentLiabilities": "40825000",
            "currentDebt": "None",
            "netIncome": "-471000",
            "capitalExpenditures": "244000",
            "operatingCashflow": "-471000",
            "grossProfit": "22788000",
            "totalRevenue": "59114000",
            "sentiment": 0,
            "surprise": "0.1825",
            "closePrice": "3.1204"
        },
        {
            "fiscalDateEnding": "2012-03-31",
            "totalCurrentAssets": "206933000",
            "cashAndShortTermInvestments": "37218000",
            "totalCurrentLiabilities": "42148000",
            "currentDebt": "None",
            "netIncome": "-10028000",
            "capitalExpenditures": "141000",
            "operatingCashflow": "-9697000",
            "grossProfit": "20536000",
            "totalRevenue": "55006000",
            "sentiment": 0,
            "surprise": "-0.04",
            "closePrice": "4.84"
        },
        {
            "fiscalDateEnding": "2011-12-31",
            "totalCurrentAssets": "212033000",
            "cashAndShortTermInvestments": "46877000",
            "totalCurrentLiabilities": "47472000",
            "currentDebt": "None",
            "netIncome": "22623000",
            "capitalExpenditures": "174000",
            "operatingCashflow": "22623000",
            "grossProfit": "22623000",
            "totalRevenue": "60411000",
            "sentiment": 0,
            "surprise": "0.12",
            "closePrice": "7.44"
        },
        {
            "fiscalDateEnding": "2011-09-30",
            "totalCurrentAssets": "215602000",
            "cashAndShortTermInvestments": "44413000",
            "totalCurrentLiabilities": "49623000",
            "currentDebt": "None",
            "netIncome": "1151000",
            "capitalExpenditures": "719000",
            "operatingCashflow": "1151000",
            "grossProfit": "26895000",
            "totalRevenue": "72455000",
            "sentiment": 0,
            "surprise": "0.02",
            "closePrice": "4.88"
        },
        {
            "fiscalDateEnding": "2011-06-30",
            "totalCurrentAssets": "231276000",
            "cashAndShortTermInvestments": "37857000",
            "totalCurrentLiabilities": "62535000",
            "currentDebt": "None",
            "netIncome": "4227000",
            "capitalExpenditures": "621000",
            "operatingCashflow": "4227000",
            "grossProfit": "34138000",
            "totalRevenue": "93380000",
            "sentiment": 0,
            "surprise": "0.1",
            "closePrice": "5.64"
        }
    ]
}