{
    "ACMR": [
        {
            "fiscalDateEnding": "2023-12-31",
            "totalCurrentAssets": "1176110000",
            "cashAndShortTermInvestments": "203402000",
            "totalCurrentLiabilities": "500659000",
            "currentDebt": "38118000",
            "netIncome": "17700000",
            "capitalExpenditures": "13192000",
            "operatingCashflow": "-33206000",
            "grossProfit": "79076000",
            "totalRevenue": "170321000",
            "sentiment": 0.21200606056379911,
            "surprise": "0.26",
            "closePrice": "30.68"
        },
        {
            "fiscalDateEnding": "2023-09-30",
            "totalCurrentAssets": "1115894000",
            "cashAndShortTermInvestments": "228945000",
            "totalCurrentLiabilities": "481951000",
            "currentDebt": "40628000",
            "netIncome": "25679000",
            "capitalExpenditures": "28228000",
            "operatingCashflow": "-17877000",
            "grossProfit": "88514000",
            "totalRevenue": "168569000",
            "sentiment": 0.18469965958386594,
            "surprise": "0.23",
            "closePrice": "15.8"
        },
        {
            "fiscalDateEnding": "2023-06-30",
            "totalCurrentAssets": "996832000",
            "cashAndShortTermInvestments": "263795000",
            "totalCurrentLiabilities": "456299000",
            "currentDebt": "57215000",
            "netIncome": "26825000",
            "capitalExpenditures": "7868000",
            "operatingCashflow": "6254000",
            "grossProfit": "68639000",
            "totalRevenue": "144577000",
            "sentiment": 0.1653991700033904,
            "surprise": "0.36",
            "closePrice": "12.54"
        },
        {
            "fiscalDateEnding": "2023-03-31",
            "totalCurrentAssets": "993811000",
            "cashAndShortTermInvestments": "273120000",
            "totalCurrentLiabilities": "450211000",
            "currentDebt": "59114000",
            "netIncome": "7145000",
            "capitalExpenditures": "15050000",
            "operatingCashflow": "-30494000",
            "grossProfit": "39986000",
            "totalRevenue": "74256000",
            "sentiment": 0.26982436770103235,
            "surprise": "0.0692",
            "closePrice": "10.47"
        },
        {
            "fiscalDateEnding": "2022-12-31",
            "totalCurrentAssets": "963806000",
            "cashAndShortTermInvestments": "268160000",
            "totalCurrentLiabilities": "396214000",
            "currentDebt": "58326000",
            "netIncome": "11809000",
            "capitalExpenditures": "73024000",
            "operatingCashflow": "-797000",
            "grossProfit": "53805000",
            "totalRevenue": "108542000",
            "sentiment": 0.16239133498679859,
            "surprise": "0.05",
            "closePrice": "11.53"
        },
        {
            "fiscalDateEnding": "2022-09-30",
            "totalCurrentAssets": "971242000",
            "cashAndShortTermInvestments": "350439000",
            "totalCurrentLiabilities": "345602000",
            "currentDebt": "52948000",
            "netIncome": "21004000",
            "capitalExpenditures": "13787000",
            "operatingCashflow": "-100000",
            "grossProfit": "65967000",
            "totalRevenue": "133709000",
            "sentiment": 0.07428523815668599,
            "surprise": "0.21",
            "closePrice": "6.61"
        },
        {
            "fiscalDateEnding": "2022-06-30",
            "totalCurrentAssets": "900628000",
            "cashAndShortTermInvestments": "347610000",
            "totalCurrentLiabilities": "252733000",
            "currentDebt": "7226000",
            "netIncome": "12236000",
            "capitalExpenditures": "2125000",
            "operatingCashflow": "-33568000",
            "grossProfit": "44157000",
            "totalRevenue": "104395000",
            "sentiment": 0.01065813301983118,
            "surprise": "0.17",
            "closePrice": "19.13"
        },
        {
            "fiscalDateEnding": "2022-03-31",
            "totalCurrentAssets": "904977000",
            "cashAndShortTermInvestments": "406083000",
            "totalCurrentLiabilities": "244449000",
            "currentDebt": "12041000",
            "netIncome": "-5786000",
            "capitalExpenditures": "3584000",
            "operatingCashflow": "-27729000",
            "grossProfit": "19686000",
            "totalRevenue": "42186000",
            "sentiment": -0.032600807691129365,
            "surprise": "-0.02",
            "closePrice": "14.89"
        },
        {
            "fiscalDateEnding": "2021-12-31",
            "totalCurrentAssets": "952934000",
            "cashAndShortTermInvestments": "592565000",
            "totalCurrentLiabilities": "205939000",
            "currentDebt": "12001000",
            "netIncome": "15565000",
            "capitalExpenditures": "4235000",
            "operatingCashflow": "-36271000",
            "grossProfit": "45446000",
            "totalRevenue": "95142000",
            "sentiment": 0,
            "surprise": "0.06",
            "closePrice": "27.3533333333333"
        },
        {
            "fiscalDateEnding": "2021-09-30",
            "totalCurrentAssets": "377347000",
            "cashAndShortTermInvestments": "95255000",
            "totalCurrentLiabilities": "195207000",
            "currentDebt": "17552000",
            "netIncome": "10155000",
            "capitalExpenditures": "2693000",
            "operatingCashflow": "-4063000",
            "grossProfit": "29685000",
            "totalRevenue": "67013000",
            "sentiment": 0,
            "surprise": "0.06",
            "closePrice": "36.2133333333333"
        },
        {
            "fiscalDateEnding": "2021-06-30",
            "totalCurrentAssets": "329361000",
            "cashAndShortTermInvestments": "101466000",
            "totalCurrentLiabilities": "162058000",
            "currentDebt": "23961000",
            "netIncome": "6567000",
            "capitalExpenditures": "1206000",
            "operatingCashflow": "-10501000",
            "grossProfit": "21680000",
            "totalRevenue": "53864000",
            "sentiment": 0,
            "surprise": "-0.04",
            "closePrice": "30.7033333333333"
        },
        {
            "fiscalDateEnding": "2021-03-31",
            "totalCurrentAssets": "286552000",
            "cashAndShortTermInvestments": "105799000",
            "totalCurrentLiabilities": "128035000",
            "currentDebt": "25088000",
            "netIncome": "5470000",
            "capitalExpenditures": "1578000",
            "operatingCashflow": "10742000",
            "grossProfit": "18045000",
            "totalRevenue": "43732000",
            "sentiment": 0,
            "surprise": "0.05",
            "closePrice": "25.1033333333333"
        },
        {
            "fiscalDateEnding": "2020-12-31",
            "totalCurrentAssets": "260656000",
            "cashAndShortTermInvestments": "100005000",
            "totalCurrentLiabilities": "102908000",
            "currentDebt": "27738000",
            "netIncome": "8529000",
            "capitalExpenditures": "1871000",
            "operatingCashflow": "-5511000",
            "grossProfit": "19674000",
            "totalRevenue": "45562000",
            "sentiment": 0,
            "surprise": "0.01",
            "closePrice": "36.4166666666667"
        },
        {
            "fiscalDateEnding": "2020-09-30",
            "totalCurrentAssets": "251777000",
            "cashAndShortTermInvestments": "116091000",
            "totalCurrentLiabilities": "96267000",
            "currentDebt": "28327000",
            "netIncome": "8627000",
            "capitalExpenditures": "2080000",
            "operatingCashflow": "2615000",
            "grossProfit": "20341000",
            "totalRevenue": "47665000",
            "sentiment": 0,
            "surprise": "0.02",
            "closePrice": "31.3333333333333"
        },
        {
            "fiscalDateEnding": "2020-06-30",
            "totalCurrentAssets": "205880000",
            "cashAndShortTermInvestments": "86397000",
            "totalCurrentLiabilities": "96516000",
            "currentDebt": "25772000",
            "netIncome": "-81000",
            "capitalExpenditures": "1466000",
            "operatingCashflow": "-14480000",
            "grossProfit": "19356000",
            "totalRevenue": "39049000",
            "sentiment": 0,
            "surprise": "0.04",
            "closePrice": "35.98"
        },
        {
            "fiscalDateEnding": "2020-03-31",
            "totalCurrentAssets": "198477000",
            "cashAndShortTermInvestments": "52283000",
            "totalCurrentLiabilities": "50767000",
            "currentDebt": "5237000",
            "netIncome": "1705000",
            "capitalExpenditures": "118000",
            "operatingCashflow": "3829000",
            "grossProfit": "10228000",
            "totalRevenue": "24348000",
            "sentiment": 0,
            "surprise": "0.03",
            "closePrice": "13.1"
        },
        {
            "fiscalDateEnding": "2019-12-31",
            "totalCurrentAssets": "198396000",
            "cashAndShortTermInvestments": "58261000",
            "totalCurrentLiabilities": "53502000",
            "currentDebt": "15108000",
            "netIncome": "3944000",
            "capitalExpenditures": "179000",
            "operatingCashflow": "14155000",
            "grossProfit": "12443000",
            "totalRevenue": "24608000",
            "sentiment": 0,
            "surprise": "0.05",
            "closePrice": "5.75"
        },
        {
            "fiscalDateEnding": "2019-09-30",
            "totalCurrentAssets": "163654000",
            "cashAndShortTermInvestments": "47264000",
            "totalCurrentLiabilities": "56148000",
            "currentDebt": "17015000",
            "netIncome": "8782000",
            "capitalExpenditures": "550000",
            "operatingCashflow": "-145000",
            "grossProfit": "16254000",
            "totalRevenue": "33427000",
            "sentiment": 0,
            "surprise": "0.11",
            "closePrice": "4.8"
        },
        {
            "fiscalDateEnding": "2019-06-30",
            "totalCurrentAssets": "108400000",
            "cashAndShortTermInvestments": "27578000",
            "totalCurrentLiabilities": "53401000",
            "currentDebt": "16470000",
            "netIncome": "4311000",
            "capitalExpenditures": "280000",
            "operatingCashflow": "-1425000",
            "grossProfit": "13131000",
            "totalRevenue": "29010000",
            "sentiment": 0,
            "surprise": "0.05",
            "closePrice": "5.36666666666667"
        },
        {
            "fiscalDateEnding": "2019-03-31",
            "totalCurrentAssets": "99505000",
            "cashAndShortTermInvestments": "27367000",
            "totalCurrentLiabilities": "49019000",
            "currentDebt": "12829000",
            "netIncome": "1857000",
            "capitalExpenditures": "116000",
            "operatingCashflow": "-3182000",
            "grossProfit": "8826000",
            "totalRevenue": "20479000",
            "sentiment": 0,
            "surprise": "0.06",
            "closePrice": "6.25"
        },
        {
            "fiscalDateEnding": "2018-12-31",
            "totalCurrentAssets": "96028000",
            "cashAndShortTermInvestments": "27124000",
            "totalCurrentLiabilities": "46140000",
            "currentDebt": "9447000",
            "netIncome": "2286000",
            "capitalExpenditures": "123000",
            "operatingCashflow": "9642000",
            "grossProfit": "10316000",
            "totalRevenue": "20848000",
            "sentiment": 0,
            "surprise": "0.02",
            "closePrice": "4.22666666666667"
        },
        {
            "fiscalDateEnding": "2018-09-30",
            "totalCurrentAssets": "82777000",
            "cashAndShortTermInvestments": "18238000",
            "totalCurrentLiabilities": "34851000",
            "currentDebt": "10163000",
            "netIncome": "3853000",
            "capitalExpenditures": "909000",
            "operatingCashflow": "8308000",
            "grossProfit": "10287000",
            "totalRevenue": "23179000",
            "sentiment": 0,
            "surprise": "0.06",
            "closePrice": "3.43333333333333"
        },
        {
            "fiscalDateEnding": "2018-06-30",
            "totalCurrentAssets": "81879000",
            "cashAndShortTermInvestments": "17435000",
            "totalCurrentLiabilities": "36367000",
            "currentDebt": "9932000",
            "netIncome": "3215000",
            "capitalExpenditures": "644000",
            "operatingCashflow": "3303000",
            "grossProfit": "8724000",
            "totalRevenue": "20873000",
            "sentiment": 0,
            "surprise": "0.03",
            "closePrice": "4.58"
        },
        {
            "fiscalDateEnding": "2018-03-31",
            "totalCurrentAssets": "66494000",
            "cashAndShortTermInvestments": "15186000",
            "totalCurrentLiabilities": "22751000",
            "currentDebt": "10376000",
            "netIncome": "-2780000",
            "capitalExpenditures": "395000",
            "operatingCashflow": "-16111000",
            "grossProfit": "5122000",
            "totalRevenue": "9743000",
            "sentiment": 0,
            "surprise": "0.02",
            "closePrice": "3.84666666666667"
        },
        {
            "fiscalDateEnding": "2017-12-31",
            "totalCurrentAssets": "62914000",
            "cashAndShortTermInvestments": "17681000",
            "totalCurrentLiabilities": "21817000",
            "currentDebt": "5106000",
            "netIncome": "3384000",
            "capitalExpenditures": "580000",
            "operatingCashflow": "-7974000",
            "grossProfit": "9173000",
            "totalRevenue": "17192000",
            "sentiment": 0,
            "surprise": "0.04",
            "closePrice": "2.61833333333333"
        },
        {
            "fiscalDateEnding": "2017-09-30",
            "totalCurrentAssets": "56022000",
            "cashAndShortTermInvestments": "17074000",
            "totalCurrentLiabilities": "20566000",
            "currentDebt": "3483000",
            "netIncome": "-955000",
            "capitalExpenditures": "124000",
            "operatingCashflow": "-1227000",
            "grossProfit": "2199000",
            "totalRevenue": "4891000",
            "sentiment": 0,
            "surprise": "0.01",
            "closePrice": "1.96666666666667"
        }
    ]
}