{
    "ACN": [
        {
            "fiscalDateEnding": "2024-02-29",
            "totalCurrentAssets": "20328821000",
            "cashAndShortTermInvestments": "5125647000",
            "totalCurrentLiabilities": "16136014000",
            "currentDebt": "111141000",
            "netIncome": "1674859000",
            "capitalExpenditures": "109823000",
            "operatingCashflow": "2101043000",
            "grossProfit": "1918576000",
            "totalRevenue": "15799514000",
            "sentiment": 0.29604945294715995,
            "surprise": "0.11",
            "closePrice": "345.03"
        },
        {
            "fiscalDateEnding": "2023-11-30",
            "totalCurrentAssets": "23055576000",
            "cashAndShortTermInvestments": "7145438000",
            "totalCurrentLiabilities": "17280238000",
            "currentDebt": "104819000",
            "netIncome": "1973444000",
            "capitalExpenditures": "68933000",
            "operatingCashflow": "498551000",
            "grossProfit": "2450237000",
            "totalRevenue": "16224303000",
            "sentiment": 0.22536896020540378,
            "surprise": "0.13",
            "closePrice": "340.268810221446"
        },
        {
            "fiscalDateEnding": "2023-08-31",
            "totalCurrentAssets": "23381931000",
            "cashAndShortTermInvestments": "9049607000",
            "totalCurrentLiabilities": "18009038000",
            "currentDebt": "104810000",
            "netIncome": "1372963000",
            "capitalExpenditures": "180294000",
            "operatingCashflow": "3409388000",
            "grossProfit": "5181629000",
            "totalRevenue": "15985200000",
            "sentiment": 0.26009678887113025,
            "surprise": "0.05",
            "closePrice": "298.445052868638"
        },
        {
            "fiscalDateEnding": "2023-05-31",
            "totalCurrentAssets": "23380073000",
            "cashAndShortTermInvestments": "8539928000",
            "totalCurrentLiabilities": "17092528000",
            "currentDebt": "10389000",
            "netIncome": "2009996000",
            "capitalExpenditures": "141500000",
            "operatingCashflow": "3289371000",
            "grossProfit": "2255323000",
            "totalRevenue": "16564585000",
            "sentiment": 0.22016958801577843,
            "surprise": "0.15",
            "closePrice": "303.79096270875"
        },
        {
            "fiscalDateEnding": "2023-02-28",
            "totalCurrentAssets": "21060958000",
            "cashAndShortTermInvestments": "6242976000",
            "totalCurrentLiabilities": "16349522000",
            "currentDebt": "10815000",
            "netIncome": "1523648000",
            "capitalExpenditures": "107548000",
            "operatingCashflow": "2330111000",
            "grossProfit": "1819233000",
            "totalRevenue": "15814158000",
            "sentiment": 0.22368227355821071,
            "surprise": "0.19",
            "closePrice": "267.545634931532"
        },
        {
            "fiscalDateEnding": "2022-11-30",
            "totalCurrentAssets": "20672460000",
            "cashAndShortTermInvestments": "5903798000",
            "totalCurrentLiabilities": "16460246000",
            "currentDebt": "9430000",
            "netIncome": "1964950000",
            "capitalExpenditures": "98830000",
            "operatingCashflow": "495398000",
            "grossProfit": "2481862000",
            "totalRevenue": "15747802000",
            "sentiment": 0.23694702140182755,
            "surprise": "0.17",
            "closePrice": "259.440603002921"
        },
        {
            "fiscalDateEnding": "2022-08-31",
            "totalCurrentAssets": "21610871000",
            "cashAndShortTermInvestments": "7893806000",
            "totalCurrentLiabilities": "17523496000",
            "currentDebt": "9175000",
            "netIncome": "1665128000",
            "capitalExpenditures": "177051000",
            "operatingCashflow": "3790110000",
            "grossProfit": "4946057000",
            "totalRevenue": "15423656000",
            "sentiment": 0.1233437582844052,
            "surprise": "0.03",
            "closePrice": "256.17441945878"
        },
        {
            "fiscalDateEnding": "2022-05-31",
            "totalCurrentAssets": "21007740000",
            "cashAndShortTermInvestments": "6707890000",
            "totalCurrentLiabilities": "16562592000",
            "currentDebt": "8768000",
            "netIncome": "1786075000",
            "capitalExpenditures": "194616000",
            "operatingCashflow": "3064655000",
            "grossProfit": "2490833000",
            "totalRevenue": "16158803000",
            "sentiment": 0.04715769384636411,
            "surprise": "0.09",
            "closePrice": "278.14234673753"
        },
        {
            "fiscalDateEnding": "2022-02-28",
            "totalCurrentAssets": "19185130000",
            "cashAndShortTermInvestments": "5472147000",
            "totalCurrentLiabilities": "15540122000",
            "currentDebt": "9092000",
            "netIncome": "1634942000",
            "capitalExpenditures": "164660000",
            "operatingCashflow": "2155493000",
            "grossProfit": "1944392000",
            "totalRevenue": "15046693000",
            "sentiment": 0,
            "surprise": "0.17",
            "closePrice": "309.98325771615"
        },
        {
            "fiscalDateEnding": "2021-11-30",
            "totalCurrentAssets": "18621652000",
            "cashAndShortTermInvestments": "5644085000",
            "totalCurrentLiabilities": "15232007000",
            "currentDebt": "9089000",
            "netIncome": "1791024000",
            "capitalExpenditures": "181671000",
            "operatingCashflow": "530871000",
            "grossProfit": "2329670000",
            "totalRevenue": "14965153000",
            "sentiment": 0,
            "surprise": "0.15",
            "closePrice": "387.670631355985"
        },
        {
            "fiscalDateEnding": "2021-08-31",
            "totalCurrentAssets": "19666511000",
            "cashAndShortTermInvestments": "8172468000",
            "totalCurrentLiabilities": "15708867000",
            "currentDebt": "12080000",
            "netIncome": "1416248000",
            "capitalExpenditures": "236295000",
            "operatingCashflow": "2436432000",
            "grossProfit": "4466216000",
            "totalRevenue": "13419284000",
            "sentiment": 0,
            "surprise": "0.01",
            "closePrice": "330.95738807585"
        },
        {
            "fiscalDateEnding": "2021-05-31",
            "totalCurrentAssets": "21144858000",
            "cashAndShortTermInvestments": "10013813000",
            "totalCurrentLiabilities": "14929559000",
            "currentDebt": "9157000",
            "netIncome": "1549426000",
            "capitalExpenditures": "158212000",
            "operatingCashflow": "2401150000",
            "grossProfit": "2024676000",
            "totalRevenue": "13263795000",
            "sentiment": 0,
            "surprise": "0.17",
            "closePrice": "280.538182416167"
        },
        {
            "fiscalDateEnding": "2021-02-28",
            "totalCurrentAssets": "19560720000",
            "cashAndShortTermInvestments": "9170096000",
            "totalCurrentLiabilities": "14090668000",
            "currentDebt": "9040000",
            "netIncome": "1440859000",
            "capitalExpenditures": "92510000",
            "operatingCashflow": "2534721000",
            "grossProfit": "1579769000",
            "totalRevenue": "12088125000",
            "sentiment": 0,
            "surprise": "0.13",
            "closePrice": "256.008740884956"
        },
        {
            "fiscalDateEnding": "2020-11-30",
            "totalCurrentAssets": "18626094000",
            "cashAndShortTermInvestments": "8677151000",
            "totalCurrentLiabilities": "12819099000",
            "currentDebt": "8925000",
            "netIncome": "1500276000",
            "capitalExpenditures": "93115000",
            "operatingCashflow": "1602845000",
            "grossProfit": "1823462000",
            "totalRevenue": "11762185000",
            "sentiment": 0,
            "surprise": "0.27",
            "closePrice": "252.821981129349"
        },
        {
            "fiscalDateEnding": "2020-08-31",
            "totalCurrentAssets": "17749756000",
            "cashAndShortTermInvestments": "8509639000",
            "totalCurrentLiabilities": "12662590000",
            "currentDebt": "7820000",
            "netIncome": "1287929000",
            "capitalExpenditures": "188718000",
            "operatingCashflow": "3156134000",
            "grossProfit": "3440540000",
            "totalRevenue": "10835271000",
            "sentiment": 0,
            "surprise": "-0.03",
            "closePrice": "204.190600752574"
        },
        {
            "fiscalDateEnding": "2020-05-31",
            "totalCurrentAssets": "16146236000",
            "cashAndShortTermInvestments": "6445937000",
            "totalCurrentLiabilities": "11828281000",
            "currentDebt": "8697000",
            "netIncome": "1228202000",
            "capitalExpenditures": "149981000",
            "operatingCashflow": "2741466000",
            "grossProfit": "3528688000",
            "totalRevenue": "10991305000",
            "sentiment": 0,
            "surprise": "0.05",
            "closePrice": "206.20160667538"
        },
        {
            "fiscalDateEnding": "2020-02-29",
            "totalCurrentAssets": "15405293000",
            "cashAndShortTermInvestments": "5440099000",
            "totalCurrentLiabilities": "11177575000",
            "currentDebt": "6697000",
            "netIncome": "1234740000",
            "capitalExpenditures": "165370000",
            "operatingCashflow": "1530641000",
            "grossProfit": "3359171000",
            "totalRevenue": "11141505000",
            "sentiment": 0,
            "surprise": "0.19",
            "closePrice": "149.684236913164"
        },
        {
            "fiscalDateEnding": "2019-11-30",
            "totalCurrentAssets": "15606104000",
            "cashAndShortTermInvestments": "5813840000",
            "totalCurrentLiabilities": "11199408000",
            "currentDebt": "3698000",
            "netIncome": "1356968000",
            "capitalExpenditures": "95063000",
            "operatingCashflow": "786911000",
            "grossProfit": "3647759000",
            "totalRevenue": "11358958000",
            "sentiment": 0,
            "surprise": "0.09",
            "closePrice": "195.957987566321"
        },
        {
            "fiscalDateEnding": "2019-08-31",
            "totalCurrentAssets": "15450601000",
            "cashAndShortTermInvestments": "6130166000",
            "totalCurrentLiabilities": "11061896000",
            "currentDebt": "6411000",
            "netIncome": "1130427000",
            "capitalExpenditures": "241260000",
            "operatingCashflow": "2116253000",
            "grossProfit": "3434616000",
            "totalRevenue": "11055650000",
            "sentiment": 0,
            "surprise": "0.03",
            "closePrice": "179.96499284949"
        },
        {
            "fiscalDateEnding": "2019-05-31",
            "totalCurrentAssets": "14141660000",
            "cashAndShortTermInvestments": "4772496000",
            "totalCurrentLiabilities": "10551987000",
            "currentDebt": "4137000",
            "netIncome": "1249516000",
            "capitalExpenditures": "140261000",
            "operatingCashflow": "2123542000",
            "grossProfit": "3528298000",
            "totalRevenue": "11099688000",
            "sentiment": 0,
            "surprise": "0.04",
            "closePrice": "171.421995062756"
        },
        {
            "fiscalDateEnding": "2019-02-28",
            "totalCurrentAssets": "13833300000",
            "cashAndShortTermInvestments": "4468000000",
            "totalCurrentLiabilities": "10219049000",
            "currentDebt": "4365000",
            "netIncome": "1124449000",
            "capitalExpenditures": "139797000",
            "operatingCashflow": "1359650000",
            "grossProfit": "3054349000",
            "totalRevenue": "10454129000",
            "sentiment": 0,
            "surprise": "0.16",
            "closePrice": "162.698512294439"
        },
        {
            "fiscalDateEnding": "2018-11-30",
            "totalCurrentAssets": "13540408000",
            "cashAndShortTermInvestments": "4366906000",
            "totalCurrentLiabilities": "10176335000",
            "currentDebt": "4727000",
            "netIncome": "1274720000",
            "capitalExpenditures": "77691000",
            "operatingCashflow": "1027508000",
            "grossProfit": "3297425000",
            "totalRevenue": "10605546000",
            "sentiment": 0,
            "surprise": "0.1",
            "closePrice": "133.321359720489"
        },
        {
            "fiscalDateEnding": "2018-08-31",
            "totalCurrentAssets": "13585559000",
            "cashAndShortTermInvestments": "5064552000",
            "totalCurrentLiabilities": "10151751000",
            "currentDebt": "5337000",
            "netIncome": "1029524000",
            "capitalExpenditures": "179383000",
            "operatingCashflow": "2109258000",
            "grossProfit": "3237656000",
            "totalRevenue": "10503987000",
            "sentiment": 0,
            "surprise": "0.02",
            "closePrice": "156.549728630292"
        },
        {
            "fiscalDateEnding": "2018-05-31",
            "totalCurrentAssets": "12336872000",
            "cashAndShortTermInvestments": "3932106000",
            "totalCurrentLiabilities": "9553596000",
            "currentDebt": "2840000",
            "netIncome": "1043020000",
            "capitalExpenditures": "173556000",
            "operatingCashflow": "1987538000",
            "grossProfit": "3332015000",
            "totalRevenue": "10694996000",
            "sentiment": 0,
            "surprise": "0.07",
            "closePrice": "151.440343191315"
        },
        {
            "fiscalDateEnding": "2018-02-28",
            "totalCurrentAssets": "12284948000",
            "cashAndShortTermInvestments": "3598497000",
            "totalCurrentLiabilities": "9367912000",
            "currentDebt": "2914000",
            "netIncome": "863703000",
            "capitalExpenditures": "132896000",
            "operatingCashflow": "924057000",
            "grossProfit": "2859540000",
            "totalRevenue": "9909238000",
            "sentiment": 0,
            "surprise": "0.09",
            "closePrice": "137.074738632171"
        },
        {
            "fiscalDateEnding": "2017-11-30",
            "totalCurrentAssets": "12303841000",
            "cashAndShortTermInvestments": "3682393000",
            "totalCurrentLiabilities": "9863026000",
            "currentDebt": "2979000",
            "netIncome": "1123660000",
            "capitalExpenditures": "133352000",
            "operatingCashflow": "1005838000",
            "grossProfit": "3064153000",
            "totalRevenue": "9884313000",
            "sentiment": 0,
            "surprise": "0.12",
            "closePrice": "140.697095767029"
        },
        {
            "fiscalDateEnding": "2017-08-31",
            "totalCurrentAssets": "12097289000",
            "cashAndShortTermInvestments": "4129871000",
            "totalCurrentLiabilities": "9824279000",
            "currentDebt": "2907000",
            "netIncome": "932453000",
            "capitalExpenditures": "191146000",
            "operatingCashflow": "1941882000",
            "grossProfit": "2886673000",
            "totalRevenue": "9640906000",
            "sentiment": 0,
            "surprise": "0.01",
            "closePrice": "123.190520176656"
        },
        {
            "fiscalDateEnding": "2017-05-31",
            "totalCurrentAssets": "11205735000",
            "cashAndShortTermInvestments": "3384847000",
            "totalCurrentLiabilities": "9154325000",
            "currentDebt": "2942000",
            "netIncome": "669468000",
            "capitalExpenditures": "135811000",
            "operatingCashflow": "1792572000",
            "grossProfit": "2909631000",
            "totalRevenue": "9356787000",
            "sentiment": 0,
            "surprise": "0",
            "closePrice": "110.322026871817"
        },
        {
            "fiscalDateEnding": "2017-02-28",
            "totalCurrentAssets": "10764002000",
            "cashAndShortTermInvestments": "3241364000",
            "totalCurrentLiabilities": "8352773000",
            "currentDebt": "2944000",
            "netIncome": "838752000",
            "capitalExpenditures": "104409000",
            "operatingCashflow": "154703000",
            "grossProfit": "2504156000",
            "totalRevenue": "8762182000",
            "sentiment": 0,
            "surprise": "0.03",
            "closePrice": "108.003350665225"
        },
        {
            "fiscalDateEnding": "2016-11-30",
            "totalCurrentAssets": "11368406000",
            "cashAndShortTermInvestments": "4079569000",
            "totalCurrentLiabilities": "9170082000",
            "currentDebt": "2773000",
            "netIncome": "1004476000",
            "capitalExpenditures": "84553000",
            "operatingCashflow": "1083882000",
            "grossProfit": "2730032000",
            "totalRevenue": "9005603000",
            "sentiment": 0,
            "surprise": "0.09",
            "closePrice": "105.445470714061"
        },
        {
            "fiscalDateEnding": "2016-08-31",
            "totalCurrentAssets": "11976222000",
            "cashAndShortTermInvestments": "4908484000",
            "totalCurrentLiabilities": "8878924000",
            "currentDebt": "2773000",
            "netIncome": "1069226000",
            "capitalExpenditures": "160066000",
            "operatingCashflow": "2065959000",
            "grossProfit": "2655540000",
            "totalRevenue": "8965580000",
            "sentiment": 0,
            "surprise": "0.01",
            "closePrice": "107.675111715294"
        },
        {
            "fiscalDateEnding": "2016-05-31",
            "totalCurrentAssets": "11576011000",
            "cashAndShortTermInvestments": "3500747000",
            "totalCurrentLiabilities": "8161133000",
            "currentDebt": "2072000",
            "netIncome": "897247000",
            "capitalExpenditures": "93655000",
            "operatingCashflow": "1593989000",
            "grossProfit": "2689552000",
            "totalRevenue": "8969044000",
            "sentiment": 0,
            "surprise": "0",
            "closePrice": "105.258529546742"
        },
        {
            "fiscalDateEnding": "2016-02-29",
            "totalCurrentAssets": "10678800000",
            "cashAndShortTermInvestments": "3037479000",
            "totalCurrentLiabilities": "7573179000",
            "currentDebt": "1784000",
            "netIncome": "1326520000",
            "capitalExpenditures": "148068000",
            "operatingCashflow": "364195000",
            "grossProfit": "2369816000",
            "totalRevenue": "8397053000",
            "sentiment": 0,
            "surprise": "0.16",
            "closePrice": "100.218832436887"
        },
        {
            "fiscalDateEnding": "2015-11-30",
            "totalCurrentAssets": "10623048000",
            "cashAndShortTermInvestments": "3075921000",
            "totalCurrentLiabilities": "8472398000",
            "currentDebt": "1848000",
            "netIncome": "818899000",
            "capitalExpenditures": "94777000",
            "operatingCashflow": "643257000",
            "grossProfit": "2562519000",
            "totalRevenue": "8465984000",
            "sentiment": 0,
            "surprise": "0.03",
            "closePrice": "90.5389032146369"
        },
        {
            "fiscalDateEnding": "2015-08-31",
            "totalCurrentAssets": "10700074000",
            "cashAndShortTermInvestments": "4363214000",
            "totalCurrentLiabilities": "8491006000",
            "currentDebt": "1848000",
            "netIncome": "737628000",
            "capitalExpenditures": "148037000",
            "operatingCashflow": "1588612000",
            "grossProfit": "2504405000",
            "totalRevenue": "8364511000",
            "sentiment": 0,
            "surprise": "0.03",
            "closePrice": "84.8144172298375"
        },
        {
            "fiscalDateEnding": "2015-05-31",
            "totalCurrentAssets": "11069521000",
            "cashAndShortTermInvestments": "4028572000",
            "totalCurrentLiabilities": "7888442000",
            "currentDebt": "1000",
            "netIncome": "793697000",
            "capitalExpenditures": "113554000",
            "operatingCashflow": "1413364000",
            "grossProfit": "2524905000",
            "totalRevenue": "8275066000",
            "sentiment": 0,
            "surprise": "0.07",
            "closePrice": "86.2978237294082"
        },
        {
            "fiscalDateEnding": "2015-02-28",
            "totalCurrentAssets": "11007808000",
            "cashAndShortTermInvestments": "4064019000",
            "totalCurrentLiabilities": "7493986000",
            "currentDebt": "191000",
            "netIncome": "690726000",
            "capitalExpenditures": "81568000",
            "operatingCashflow": "301287000",
            "grossProfit": "2240639000",
            "totalRevenue": "7931590000",
            "sentiment": 0,
            "surprise": "0.01",
            "closePrice": "80.8247484050531"
        },
        {
            "fiscalDateEnding": "2014-11-30",
            "totalCurrentAssets": "11576245000",
            "cashAndShortTermInvestments": "4474806000",
            "totalCurrentLiabilities": "8137403000",
            "currentDebt": "4000",
            "netIncome": "831530000",
            "capitalExpenditures": "51858000",
            "operatingCashflow": "872900000",
            "grossProfit": "2539290000",
            "totalRevenue": "8343257000",
            "sentiment": 0,
            "surprise": "0.09",
            "closePrice": "77.0225435050384"
        },
        {
            "fiscalDateEnding": "2014-08-31",
            "totalCurrentAssets": "11904442000",
            "cashAndShortTermInvestments": "4923907000",
            "totalCurrentLiabilities": "8158079000",
            "currentDebt": "330000",
            "netIncome": "701016000",
            "capitalExpenditures": "101457000",
            "operatingCashflow": "1649212000",
            "grossProfit": "2468620000",
            "totalRevenue": "8267319000",
            "sentiment": 0,
            "surprise": "-0.02",
            "closePrice": "67.9211238510989"
        },
        {
            "fiscalDateEnding": "2014-05-31",
            "totalCurrentAssets": "11134693000",
            "cashAndShortTermInvestments": "4051546000",
            "totalCurrentLiabilities": "7616168000",
            "currentDebt": "139000",
            "netIncome": "817336000",
            "capitalExpenditures": "85287000",
            "operatingCashflow": "1363260000",
            "grossProfit": "2536357000",
            "totalRevenue": "8240180000",
            "sentiment": 0,
            "surprise": "0.05",
            "closePrice": "69.047496603243"
        },
        {
            "fiscalDateEnding": "2014-02-28",
            "totalCurrentAssets": "10633880000",
            "cashAndShortTermInvestments": "3682980000",
            "totalCurrentLiabilities": "7288358000",
            "currentDebt": "167000",
            "netIncome": "671300000",
            "capitalExpenditures": "76167000",
            "operatingCashflow": "292380000",
            "grossProfit": "2230142000",
            "totalRevenue": "7567483000",
            "sentiment": 0,
            "surprise": "-0.01",
            "closePrice": "65.9539044698633"
        },
        {
            "fiscalDateEnding": "2013-11-30",
            "totalCurrentAssets": "11291459000",
            "cashAndShortTermInvestments": "4529792000",
            "totalCurrentLiabilities": "7828743000",
            "currentDebt": "0",
            "netIncome": "751846000",
            "capitalExpenditures": "58959000",
            "operatingCashflow": "181233000",
            "grossProfit": "2449347000",
            "totalRevenue": "7799696000",
            "sentiment": 0,
            "surprise": "0.04",
            "closePrice": "66.5481591928786"
        },
        {
            "fiscalDateEnding": "2013-08-31",
            "totalCurrentAssets": "11844178000",
            "cashAndShortTermInvestments": "5634410000",
            "totalCurrentLiabilities": "8160990000",
            "currentDebt": "0",
            "netIncome": "671001000",
            "capitalExpenditures": "102229000",
            "operatingCashflow": "1275510000",
            "grossProfit": "2349600000",
            "totalRevenue": "7524994000",
            "sentiment": 0,
            "surprise": "0",
            "closePrice": "62.6722294917358"
        },
        {
            "fiscalDateEnding": "2013-05-31",
            "totalCurrentAssets": "12078919000",
            "cashAndShortTermInvestments": "5940571000",
            "totalCurrentLiabilities": "7630622000",
            "currentDebt": "0",
            "netIncome": "810258000",
            "capitalExpenditures": "90576000",
            "operatingCashflow": "1502209000",
            "grossProfit": "2438019000",
            "totalRevenue": "7707935000",
            "sentiment": 0,
            "surprise": "0.01",
            "closePrice": "66.2655364416377"
        },
        {
            "fiscalDateEnding": "2013-02-28",
            "totalCurrentAssets": "12016949000",
            "cashAndShortTermInvestments": "5636490000",
            "totalCurrentLiabilities": "7365474000",
            "currentDebt": "13000",
            "netIncome": "1101802000",
            "capitalExpenditures": "90241000",
            "operatingCashflow": "634224000",
            "grossProfit": "2230363000",
            "totalRevenue": "7493320000",
            "sentiment": 0,
            "surprise": "0.03",
            "closePrice": "62.1016420654236"
        },
        {
            "fiscalDateEnding": "2012-11-30",
            "totalCurrentAssets": "12013526000",
            "cashAndShortTermInvestments": "5681241000",
            "totalCurrentLiabilities": "7977359000",
            "currentDebt": "13000",
            "netIncome": "698817000",
            "capitalExpenditures": "86547000",
            "operatingCashflow": "-108815000",
            "grossProfit": "2366193000",
            "totalRevenue": "7668036000",
            "sentiment": 0,
            "surprise": "0.02",
            "closePrice": "57.5484480901122"
        },
        {
            "fiscalDateEnding": "2012-08-31",
            "totalCurrentAssets": "12587931000",
            "cashAndShortTermInvestments": "6642787000",
            "totalCurrentLiabilities": "8109205000",
            "currentDebt": "11000",
            "netIncome": "578282000",
            "capitalExpenditures": "115258000",
            "operatingCashflow": "1708191000",
            "grossProfit": "2248890000",
            "totalRevenue": "7288259000",
            "sentiment": 0,
            "surprise": "0",
            "closePrice": "52.8295823261918"
        },
        {
            "fiscalDateEnding": "2012-05-31",
            "totalCurrentAssets": "11458026000",
            "cashAndShortTermInvestments": "5630897000",
            "totalCurrentLiabilities": "7593067000",
            "currentDebt": "5381000",
            "netIncome": "689219000",
            "capitalExpenditures": "90462000",
            "operatingCashflow": "1215590000",
            "grossProfit": "2370905000",
            "totalRevenue": "7640790000",
            "sentiment": 0,
            "surprise": "0.04",
            "closePrice": "45.7592420791105"
        },
        {
            "fiscalDateEnding": "2012-02-29",
            "totalCurrentAssets": "11554680000",
            "cashAndShortTermInvestments": "5571853000",
            "totalCurrentLiabilities": "7537851000",
            "currentDebt": "4653000",
            "netIncome": "643923000",
            "capitalExpenditures": "85379000",
            "operatingCashflow": "857813000",
            "grossProfit": "2116366000",
            "totalRevenue": "7259828000",
            "sentiment": 0,
            "surprise": "0.11",
            "closePrice": "50.7877782185362"
        },
        {
            "fiscalDateEnding": "2011-11-30",
            "totalCurrentAssets": "10992719000",
            "cashAndShortTermInvestments": "5096544000",
            "totalCurrentLiabilities": "7575125000",
            "currentDebt": "4762000",
            "netIncome": "642086000",
            "capitalExpenditures": "80875000",
            "operatingCashflow": "475258000",
            "grossProfit": "2251540000",
            "totalRevenue": "7589108000",
            "sentiment": 0,
            "surprise": "0.02",
            "closePrice": "44.8790615775573"
        },
        {
            "fiscalDateEnding": "2011-08-31",
            "totalCurrentAssets": "11471183000",
            "cashAndShortTermInvestments": "5706007000",
            "totalCurrentLiabilities": "7906589000",
            "currentDebt": "4419000",
            "netIncome": "611933000",
            "capitalExpenditures": "136975000",
            "operatingCashflow": "1381276000",
            "grossProfit": "2215387000",
            "totalRevenue": "7174073000",
            "sentiment": 0,
            "surprise": "0.03",
            "closePrice": "42.3977571988601"
        },
        {
            "fiscalDateEnding": "2011-05-31",
            "totalCurrentAssets": "11147260000",
            "cashAndShortTermInvestments": "5261349000",
            "totalCurrentLiabilities": "7372666000",
            "currentDebt": "4621000",
            "netIncome": "628013000",
            "capitalExpenditures": "112681000",
            "operatingCashflow": "1352960000",
            "grossProfit": "2309628000",
            "totalRevenue": "7204355000",
            "sentiment": 0,
            "surprise": "0.03",
            "closePrice": "44.0098993178847"
        },
        {
            "fiscalDateEnding": "2011-02-28",
            "totalCurrentAssets": "10279277000",
            "cashAndShortTermInvestments": "4682736000",
            "totalCurrentLiabilities": "6617096000",
            "currentDebt": "422000",
            "netIncome": "503017000",
            "capitalExpenditures": "78575000",
            "operatingCashflow": "601104000",
            "grossProfit": "1917224000",
            "totalRevenue": "6496293000",
            "sentiment": 0,
            "surprise": "0.04",
            "closePrice": "40.7380327634225"
        },
        {
            "fiscalDateEnding": "2010-11-30",
            "totalCurrentAssets": "9469710000",
            "cashAndShortTermInvestments": "4163616000",
            "totalCurrentLiabilities": "6446851000",
            "currentDebt": "332000",
            "netIncome": "534714000",
            "capitalExpenditures": "75483000",
            "operatingCashflow": "106399000",
            "grossProfit": "1944480000",
            "totalRevenue": "6478193000",
            "sentiment": 0,
            "surprise": "0.06",
            "closePrice": "36.5905309674543"
        },
        {
            "fiscalDateEnding": "2010-08-31",
            "totalCurrentAssets": "9563625000",
            "cashAndShortTermInvestments": "4841279000",
            "totalCurrentLiabilities": "6567604000",
            "currentDebt": "143000",
            "netIncome": "445482000",
            "capitalExpenditures": "101602000",
            "operatingCashflow": "1251605000",
            "grossProfit": "1844812000",
            "totalRevenue": "5833073000",
            "sentiment": 0,
            "surprise": "0.03",
            "closePrice": "32.9852686287598"
        },
        {
            "fiscalDateEnding": "2010-05-31",
            "totalCurrentAssets": "8843390000",
            "cashAndShortTermInvestments": "4320205000",
            "totalCurrentLiabilities": "5829054000",
            "currentDebt": "573000",
            "netIncome": "490597000",
            "capitalExpenditures": "57750000",
            "operatingCashflow": "960923000",
            "grossProfit": "1931650000",
            "totalRevenue": "5975495000",
            "sentiment": 0,
            "surprise": "0.04",
            "closePrice": "29.1503138858538"
        },
        {
            "fiscalDateEnding": "2010-02-28",
            "totalCurrentAssets": "8774452000",
            "cashAndShortTermInvestments": "4122074000",
            "totalCurrentLiabilities": "5809219000",
            "currentDebt": "206000",
            "netIncome": "399760000",
            "capitalExpenditures": "44046000",
            "operatingCashflow": "659981000",
            "grossProfit": "1690331000",
            "totalRevenue": "5537823000",
            "sentiment": 0,
            "surprise": "-0.01",
            "closePrice": "31.9538429488846"
        },
        {
            "fiscalDateEnding": "2009-11-30",
            "totalCurrentAssets": "8929311000",
            "cashAndShortTermInvestments": "4005119000",
            "totalCurrentLiabilities": "6177169000",
            "currentDebt": "1734000",
            "netIncome": "444817000",
            "capitalExpenditures": "34817000",
            "operatingCashflow": "219111000",
            "grossProfit": "1783954000",
            "totalRevenue": "5747687000",
            "sentiment": 0,
            "surprise": "0.02",
            "closePrice": "32.0615871206775"
        }
    ]
}