{
    "ADEA": [
        {
            "fiscalDateEnding": "2023-12-31",
            "totalCurrentAssets": "205842000",
            "cashAndShortTermInvestments": "89350000",
            "totalCurrentLiabilities": "102038000",
            "currentDebt": "66145000",
            "netIncome": "12700000",
            "capitalExpenditures": "4312000",
            "operatingCashflow": "39440000",
            "grossProfit": "37636000",
            "totalRevenue": "86867000",
            "sentiment": 0.2348892827693203,
            "surprise": "0.02",
            "closePrice": "11.8064317976513"
        },
        {
            "fiscalDateEnding": "2023-09-30",
            "totalCurrentAssets": "219784000",
            "cashAndShortTermInvestments": "86158000",
            "totalCurrentLiabilities": "81912000",
            "currentDebt": "36988000",
            "netIncome": "24232000",
            "capitalExpenditures": "391000",
            "operatingCashflow": "21247000",
            "grossProfit": "53885000",
            "totalRevenue": "101397000",
            "sentiment": 0.3456765136907004,
            "surprise": "0.12",
            "closePrice": "8.82445601534667"
        },
        {
            "fiscalDateEnding": "2023-06-30",
            "totalCurrentAssets": "200374000",
            "cashAndShortTermInvestments": "88644000",
            "totalCurrentLiabilities": "86111000",
            "currentDebt": "36400000",
            "netIncome": "1419000",
            "capitalExpenditures": "1250000",
            "operatingCashflow": "28716000",
            "grossProfit": "30839000",
            "totalRevenue": "83217000",
            "sentiment": 0.31910242447368303,
            "surprise": "0.01",
            "closePrice": "11.5090817488121"
        },
        {
            "fiscalDateEnding": "2023-03-31",
            "totalCurrentAssets": "208803000",
            "cashAndShortTermInvestments": "86352000",
            "totalCurrentLiabilities": "98558000",
            "currentDebt": "36344000",
            "netIncome": "29021000",
            "capitalExpenditures": "390000",
            "operatingCashflow": "63352000",
            "grossProfit": "68134000",
            "totalRevenue": "117307000",
            "sentiment": 0.48311894204876565,
            "surprise": "0.15",
            "closePrice": "7.11737403665876"
        },
        {
            "fiscalDateEnding": "2022-12-31",
            "totalCurrentAssets": "258713000",
            "cashAndShortTermInvestments": "118662000",
            "totalCurrentLiabilities": "166712000",
            "currentDebt": "109813000",
            "netIncome": "73730000",
            "capitalExpenditures": "0",
            "operatingCashflow": "40981000",
            "grossProfit": "103290000",
            "totalRevenue": "103289000",
            "sentiment": 0.2800883865564725,
            "surprise": "0.11",
            "closePrice": "10.1456697050326"
        },
        {
            "fiscalDateEnding": "2022-09-30",
            "totalCurrentAssets": "553964000",
            "cashAndShortTermInvestments": "277948000",
            "totalCurrentLiabilities": "225395000",
            "currentDebt": "36267000",
            "netIncome": "-388928000",
            "capitalExpenditures": "3763000",
            "operatingCashflow": "55009000",
            "grossProfit": "-302462000",
            "totalRevenue": "89297000",
            "sentiment": 0,
            "surprise": "-0.01",
            "closePrice": "10.8346796421974"
        },
        {
            "fiscalDateEnding": "2022-06-30",
            "totalCurrentAssets": "577755000",
            "cashAndShortTermInvestments": "289763000",
            "totalCurrentLiabilities": "210899000",
            "currentDebt": "36210000",
            "netIncome": "-5625000",
            "capitalExpenditures": "4634000",
            "operatingCashflow": "40760000",
            "grossProfit": "92501000",
            "totalRevenue": "107815000",
            "sentiment": 0,
            "surprise": "0.12",
            "closePrice": "4.19764557835214"
        },
        {
            "fiscalDateEnding": "2022-03-31",
            "totalCurrentAssets": "531533000",
            "cashAndShortTermInvestments": "272753000",
            "totalCurrentLiabilities": "196440000",
            "currentDebt": "36152000",
            "netIncome": "24943000",
            "capitalExpenditures": "4469000",
            "operatingCashflow": "46273000",
            "grossProfit": "118205000",
            "totalRevenue": "138532000",
            "sentiment": 0,
            "surprise": "0.29",
            "closePrice": "3.96833601217299"
        },
        {
            "fiscalDateEnding": "2021-12-31",
            "totalCurrentAssets": "519474000",
            "cashAndShortTermInvestments": "274027000",
            "totalCurrentLiabilities": "189747000",
            "currentDebt": "36095000",
            "netIncome": "-14559000",
            "capitalExpenditures": "5719000",
            "operatingCashflow": "68876000",
            "grossProfit": "89705000",
            "totalRevenue": "98278000",
            "sentiment": 0,
            "surprise": "-0.03",
            "closePrice": "4.15484553101727"
        },
        {
            "fiscalDateEnding": "2021-09-30",
            "totalCurrentAssets": "518707000",
            "cashAndShortTermInvestments": "241880000",
            "totalCurrentLiabilities": "208623000",
            "currentDebt": "36037000",
            "netIncome": "-45067000",
            "capitalExpenditures": "3467000",
            "operatingCashflow": "82934000",
            "grossProfit": "102037000",
            "totalRevenue": "219379000",
            "sentiment": 0,
            "surprise": "0.19",
            "closePrice": "4.83317233564138"
        },
        {
            "fiscalDateEnding": "2021-06-30",
            "totalCurrentAssets": "520210000",
            "cashAndShortTermInvestments": "206296000",
            "totalCurrentLiabilities": "179890000",
            "currentDebt": "36028000",
            "netIncome": "-1118000",
            "capitalExpenditures": "3142000",
            "operatingCashflow": "56250000",
            "grossProfit": "100060000",
            "totalRevenue": "222272000",
            "sentiment": 0,
            "surprise": "0.19",
            "closePrice": "5.36319535098928"
        },
        {
            "fiscalDateEnding": "2021-03-31",
            "totalCurrentAssets": "545653000",
            "cashAndShortTermInvestments": "241953000",
            "totalCurrentLiabilities": "187892000",
            "currentDebt": "43825000",
            "netIncome": "5287000",
            "capitalExpenditures": "1808000",
            "operatingCashflow": "26729000",
            "grossProfit": "99438000",
            "totalRevenue": "221596000",
            "sentiment": 0,
            "surprise": "0.12",
            "closePrice": "5.01961274063808"
        },
        {
            "fiscalDateEnding": "2020-12-31",
            "totalCurrentAssets": "546304000",
            "cashAndShortTermInvestments": "260984000",
            "totalCurrentLiabilities": "224671000",
            "currentDebt": "43689000",
            "netIncome": "179791000",
            "capitalExpenditures": "54647000",
            "operatingCashflow": "298170000",
            "grossProfit": "279079000",
            "totalRevenue": "57826000",
            "sentiment": 0,
            "surprise": "0.26",
            "closePrice": "5.54823258569932"
        },
        {
            "fiscalDateEnding": "2020-09-30",
            "totalCurrentAssets": "515120000",
            "cashAndShortTermInvestments": "207754000",
            "totalCurrentLiabilities": "207947000",
            "currentDebt": "43704000",
            "netIncome": "-29752000",
            "capitalExpenditures": "1256000",
            "operatingCashflow": "62191000",
            "grossProfit": "74791000",
            "totalRevenue": "202797000",
            "sentiment": 0,
            "surprise": "-0.01",
            "closePrice": "3.49920945072891"
        },
        {
            "fiscalDateEnding": "2020-06-30",
            "totalCurrentAssets": "544786000",
            "cashAndShortTermInvestments": "291128000",
            "totalCurrentLiabilities": "214455000",
            "currentDebt": "43612000",
            "netIncome": "-22613000",
            "capitalExpenditures": "1723000",
            "operatingCashflow": "34598000",
            "grossProfit": "921000",
            "totalRevenue": "137631000",
            "sentiment": 0,
            "surprise": "0.12",
            "closePrice": "4.2086843820176"
        }
    ]
}