{
    "ADSK": [
        {
            "fiscalDateEnding": "2023-10-31",
            "totalCurrentAssets": "2939000000",
            "cashAndShortTermInvestments": "1954000000",
            "totalCurrentLiabilities": "3912000000",
            "currentDebt": "None",
            "netIncome": "241000000",
            "capitalExpenditures": "20000000",
            "operatingCashflow": "18000000",
            "grossProfit": "1287000000",
            "totalRevenue": "1414000000",
            "sentiment": 0.3051598074603356,
            "surprise": "0.08",
            "closePrice": "217.67"
        },
        {
            "fiscalDateEnding": "2023-07-31",
            "totalCurrentAssets": "2821000000",
            "cashAndShortTermInvestments": "2073000000",
            "totalCurrentLiabilities": "3875000000",
            "currentDebt": "None",
            "netIncome": "222000000",
            "capitalExpenditures": "11000000",
            "operatingCashflow": "135000000",
            "grossProfit": "1218000000",
            "totalRevenue": "1345000000",
            "sentiment": 0.2317302537505376,
            "surprise": "0.18",
            "closePrice": "204.36"
        },
        {
            "fiscalDateEnding": "2023-04-30",
            "totalCurrentAssets": "2833000000",
            "cashAndShortTermInvestments": "2131000000",
            "totalCurrentLiabilities": "3926000000",
            "currentDebt": "None",
            "netIncome": "161000000",
            "capitalExpenditures": "15000000",
            "operatingCashflow": "723000000",
            "grossProfit": "1142000000",
            "totalRevenue": "1269000000",
            "sentiment": 0.1818696483367657,
            "surprise": "0",
            "closePrice": "197.56"
        },
        {
            "fiscalDateEnding": "2023-01-31",
            "totalCurrentAssets": "3341000000",
            "cashAndShortTermInvestments": "2072000000",
            "totalCurrentLiabilities": "4000000000",
            "currentDebt": "None",
            "netIncome": "293000000",
            "capitalExpenditures": "8000000",
            "operatingCashflow": "911000000",
            "grossProfit": "1194000000",
            "totalRevenue": "1318000000",
            "sentiment": 0.1765750557856587,
            "surprise": "0.05",
            "closePrice": "221.16"
        },
        {
            "fiscalDateEnding": "2022-10-31",
            "totalCurrentAssets": "2788000000",
            "cashAndShortTermInvestments": "1804000000",
            "totalCurrentLiabilities": "3811000000",
            "currentDebt": "350000000",
            "netIncome": "198000000",
            "capitalExpenditures": "10000000",
            "operatingCashflow": "469000000",
            "grossProfit": "1160000000",
            "totalRevenue": "1280000000",
            "sentiment": 0.2388306923737251,
            "surprise": "0",
            "closePrice": "208.9"
        },
        {
            "fiscalDateEnding": "2022-07-31",
            "totalCurrentAssets": "2329000000",
            "cashAndShortTermInvestments": "1525000000",
            "totalCurrentLiabilities": "3642000000",
            "currentDebt": "350000000",
            "netIncome": "186000000",
            "capitalExpenditures": "12000000",
            "operatingCashflow": "257000000",
            "grossProfit": "1118000000",
            "totalRevenue": "1237000000",
            "sentiment": 0.04550816437897323,
            "surprise": "0.08",
            "closePrice": "214.43"
        },
        {
            "fiscalDateEnding": "2022-04-30",
            "totalCurrentAssets": "2358000000",
            "cashAndShortTermInvestments": "1585000000",
            "totalCurrentLiabilities": "3801000000",
            "currentDebt": "350000000",
            "netIncome": "146000000",
            "capitalExpenditures": "16000000",
            "operatingCashflow": "434000000",
            "grossProfit": "1053000000",
            "totalRevenue": "1170000000",
            "sentiment": 0.03740991497402133,
            "surprise": "0.09",
            "closePrice": "191.63"
        },
        {
            "fiscalDateEnding": "2022-01-31",
            "totalCurrentAssets": "2764000000",
            "cashAndShortTermInvestments": "1764100000",
            "totalCurrentLiabilities": "4009000000",
            "currentDebt": "349700000",
            "netIncome": "89000000",
            "capitalExpenditures": "7400000",
            "operatingCashflow": "722000000",
            "grossProfit": "1099000000",
            "totalRevenue": "1211000000",
            "sentiment": 0,
            "surprise": "0.06",
            "closePrice": "218.18"
        },
        {
            "fiscalDateEnding": "2021-10-31",
            "totalCurrentAssets": "2654800000",
            "cashAndShortTermInvestments": "1792100000",
            "totalCurrentLiabilities": "3281500000",
            "currentDebt": "None",
            "netIncome": "137000000",
            "capitalExpenditures": "15300000",
            "operatingCashflow": "271000000",
            "grossProfit": "1018000000",
            "totalRevenue": "1126000000",
            "sentiment": 0,
            "surprise": "0.07",
            "closePrice": "304.0"
        },
        {
            "fiscalDateEnding": "2021-07-31",
            "totalCurrentAssets": "1546000000",
            "cashAndShortTermInvestments": "924900000",
            "totalCurrentLiabilities": "3087400000",
            "currentDebt": "None",
            "netIncome": "115000000",
            "capitalExpenditures": "22600000",
            "operatingCashflow": "202000000",
            "grossProfit": "954000000",
            "totalRevenue": "1060000000",
            "sentiment": 0,
            "surprise": "0.08",
            "closePrice": "342.27"
        },
        {
            "fiscalDateEnding": "2021-04-30",
            "totalCurrentAssets": "1505400000",
            "cashAndShortTermInvestments": "923200000",
            "totalCurrentLiabilities": "3130100000",
            "currentDebt": "None",
            "netIncome": "156000000",
            "capitalExpenditures": "21200000",
            "operatingCashflow": "336000000",
            "grossProfit": "897000000",
            "totalRevenue": "989000000",
            "sentiment": 0,
            "surprise": "0.09",
            "closePrice": "286.67"
        },
        {
            "fiscalDateEnding": "2021-01-31",
            "totalCurrentAssets": "2625500000",
            "cashAndShortTermInvestments": "1857200000",
            "totalCurrentLiabilities": "3254700000",
            "currentDebt": "None",
            "netIncome": "911300000",
            "capitalExpenditures": "23500000",
            "operatingCashflow": "657400000",
            "grossProfit": "948600000",
            "totalRevenue": "1039100000",
            "sentiment": 0,
            "surprise": "0.11",
            "closePrice": "284.03"
        },
        {
            "fiscalDateEnding": "2020-10-31",
            "totalCurrentAssets": "2339800000",
            "cashAndShortTermInvestments": "1615500000",
            "totalCurrentLiabilities": "2811600000",
            "currentDebt": "None",
            "netIncome": "132200000",
            "capitalExpenditures": "20900000",
            "operatingCashflow": "361100000",
            "grossProfit": "868700000",
            "totalRevenue": "952400000",
            "sentiment": 0,
            "surprise": "0.08",
            "closePrice": "258.97"
        },
        {
            "fiscalDateEnding": "2020-07-31",
            "totalCurrentAssets": "2203900000",
            "cashAndShortTermInvestments": "1519500000",
            "totalCurrentLiabilities": "2619600000",
            "currentDebt": "None",
            "netIncome": "98200000",
            "capitalExpenditures": "28000000",
            "operatingCashflow": "91200000",
            "grossProfit": "832200000",
            "totalRevenue": "913100000",
            "sentiment": 0,
            "surprise": "0.08",
            "closePrice": "252.24"
        },
        {
            "fiscalDateEnding": "2020-04-30",
            "totalCurrentAssets": "2024300000",
            "cashAndShortTermInvestments": "1466900000",
            "totalCurrentLiabilities": "2578300000",
            "currentDebt": "None",
            "netIncome": "66500000",
            "capitalExpenditures": "23500000",
            "operatingCashflow": "327300000",
            "grossProfit": "803800000",
            "totalRevenue": "885700000",
            "sentiment": 0,
            "surprise": "0.05",
            "closePrice": "199.81"
        },
        {
            "fiscalDateEnding": "2020-01-31",
            "totalCurrentAssets": "2659300000",
            "cashAndShortTermInvestments": "1843700000",
            "totalCurrentLiabilities": "3219200000",
            "currentDebt": "497800000",
            "netIncome": "131800000",
            "capitalExpenditures": "14000000",
            "operatingCashflow": "698200000",
            "grossProfit": "816100000",
            "totalRevenue": "899300000",
            "sentiment": 0,
            "surprise": "0.03",
            "closePrice": "180.65"
        },
        {
            "fiscalDateEnding": "2019-10-31",
            "totalCurrentAssets": "1706800000",
            "cashAndShortTermInvestments": "1024500000",
            "totalCurrentLiabilities": "2840200000",
            "currentDebt": "513400000",
            "netIncome": "66700000",
            "capitalExpenditures": "9700000",
            "operatingCashflow": "276400000",
            "grossProfit": "763200000",
            "totalRevenue": "842700000",
            "sentiment": 0,
            "surprise": "0.06",
            "closePrice": "170.8"
        },
        {
            "fiscalDateEnding": "2019-07-31",
            "totalCurrentAssets": "1515500000",
            "cashAndShortTermInvestments": "991300000",
            "totalCurrentLiabilities": "2707300000",
            "currentDebt": "508100000",
            "netIncome": "40200000",
            "capitalExpenditures": "14800000",
            "operatingCashflow": "219300000",
            "grossProfit": "717300000",
            "totalRevenue": "796800000",
            "sentiment": 0,
            "surprise": "0.04",
            "closePrice": "150.21"
        },
        {
            "fiscalDateEnding": "2019-04-30",
            "totalCurrentAssets": "1422300000",
            "cashAndShortTermInvestments": "972100000",
            "totalCurrentLiabilities": "2220700000",
            "currentDebt": "None",
            "netIncome": "-24200000",
            "capitalExpenditures": "14700000",
            "operatingCashflow": "221200000",
            "grossProfit": "652800000",
            "totalRevenue": "735500000",
            "sentiment": 0,
            "surprise": "-0.02",
            "closePrice": "169.54"
        },
        {
            "fiscalDateEnding": "2019-01-31",
            "totalCurrentAssets": "1620000000",
            "cashAndShortTermInvestments": "953600000",
            "totalCurrentLiabilities": "2301200000",
            "currentDebt": "None",
            "netIncome": "64700000",
            "capitalExpenditures": "17600000",
            "operatingCashflow": "311500000",
            "grossProfit": "660300000",
            "totalRevenue": "737300000",
            "sentiment": 0,
            "surprise": "0.04",
            "closePrice": "163.01"
        },
        {
            "fiscalDateEnding": "2018-10-31",
            "totalCurrentAssets": "1590000000",
            "cashAndShortTermInvestments": "1078200000",
            "totalCurrentLiabilities": "1985500000",
            "currentDebt": "None",
            "netIncome": "-23700000",
            "capitalExpenditures": "12700000",
            "operatingCashflow": "39200000",
            "grossProfit": "588600000",
            "totalRevenue": "660900000",
            "sentiment": 0,
            "surprise": "0.02",
            "closePrice": "123.05"
        },
        {
            "fiscalDateEnding": "2018-07-31",
            "totalCurrentAssets": "1598800000",
            "cashAndShortTermInvestments": "1169800000",
            "totalCurrentLiabilities": "1915100000",
            "currentDebt": "None",
            "netIncome": "-39400000",
            "capitalExpenditures": "20000000",
            "operatingCashflow": "43300000",
            "grossProfit": "541900000",
            "totalRevenue": "611700000",
            "sentiment": 0,
            "surprise": "0.04",
            "closePrice": "136.31"
        },
        {
            "fiscalDateEnding": "2018-04-30",
            "totalCurrentAssets": "1698000000",
            "cashAndShortTermInvestments": "1292900000",
            "totalCurrentLiabilities": "1852600000",
            "currentDebt": "None",
            "netIncome": "-82400000",
            "capitalExpenditures": "16700000",
            "operatingCashflow": "-16900000",
            "grossProfit": "493100000",
            "totalRevenue": "559900000",
            "sentiment": 0,
            "surprise": "0.03",
            "closePrice": "138.92"
        },
        {
            "fiscalDateEnding": "2018-01-31",
            "totalCurrentAssets": "1877900000",
            "cashAndShortTermInvestments": "1323200000",
            "totalCurrentLiabilities": "2123200000",
            "currentDebt": "None",
            "netIncome": "-173500000",
            "capitalExpenditures": "11400000",
            "operatingCashflow": "79300000",
            "grossProfit": "480700000",
            "totalRevenue": "553800000",
            "sentiment": 0,
            "surprise": "0.02",
            "closePrice": "119.87"
        },
        {
            "fiscalDateEnding": "2017-10-31",
            "totalCurrentAssets": "1871900000",
            "cashAndShortTermInvestments": "1453900000",
            "totalCurrentLiabilities": "1750000000",
            "currentDebt": "None",
            "netIncome": "-119800000",
            "capitalExpenditures": "12900000",
            "operatingCashflow": "-51100000",
            "grossProfit": "437800000",
            "totalRevenue": "515300000",
            "sentiment": 0,
            "surprise": "0.01",
            "closePrice": "129.95"
        },
        {
            "fiscalDateEnding": "2017-07-31",
            "totalCurrentAssets": "2083300000",
            "cashAndShortTermInvestments": "1707700000",
            "totalCurrentLiabilities": "1701700000",
            "currentDebt": "None",
            "netIncome": "-144000000",
            "capitalExpenditures": "17800000",
            "operatingCashflow": "-72500000",
            "grossProfit": "427200000",
            "totalRevenue": "501800000",
            "sentiment": 0,
            "surprise": "0.04",
            "closePrice": "110.61"
        },
        {
            "fiscalDateEnding": "2017-04-30",
            "totalCurrentAssets": "2139700000",
            "cashAndShortTermInvestments": "1811300000",
            "totalCurrentLiabilities": "2049600000",
            "currentDebt": "None",
            "netIncome": "-129600000",
            "capitalExpenditures": "8600000",
            "operatingCashflow": "45200000",
            "grossProfit": "407500000",
            "totalRevenue": "485700000",
            "sentiment": 0,
            "surprise": "0.08",
            "closePrice": "95.83"
        },
        {
            "fiscalDateEnding": "2017-01-31",
            "totalCurrentAssets": "2460600000",
            "cashAndShortTermInvestments": "1899900000",
            "totalCurrentLiabilities": "2185400000",
            "currentDebt": "None",
            "netIncome": "-173400000",
            "capitalExpenditures": "10900000",
            "operatingCashflow": "15600000",
            "grossProfit": "395900000",
            "totalRevenue": "478800000",
            "sentiment": 0,
            "surprise": "0.06",
            "closePrice": "87.32"
        },
        {
            "fiscalDateEnding": "2016-10-31",
            "totalCurrentAssets": "2332100000",
            "cashAndShortTermInvestments": "1968900000",
            "totalCurrentLiabilities": "1597600000",
            "currentDebt": "None",
            "netIncome": "-142800000",
            "capitalExpenditures": "22500000",
            "operatingCashflow": "7700000",
            "grossProfit": "408100000",
            "totalRevenue": "489600000",
            "sentiment": 0,
            "surprise": "0.06",
            "closePrice": "75.26"
        },
        {
            "fiscalDateEnding": "2016-07-31",
            "totalCurrentAssets": "2486500000",
            "cashAndShortTermInvestments": "2064900000",
            "totalCurrentLiabilities": "1559600000",
            "currentDebt": "None",
            "netIncome": "-98200000",
            "capitalExpenditures": "20300000",
            "operatingCashflow": "-18000000",
            "grossProfit": "465600000",
            "totalRevenue": "550700000",
            "sentiment": 0,
            "surprise": "0.18",
            "closePrice": "63.7"
        },
        {
            "fiscalDateEnding": "2016-04-30",
            "totalCurrentAssets": "2629000000",
            "cashAndShortTermInvestments": "2267300000",
            "totalCurrentLiabilities": "1474500000",
            "currentDebt": "None",
            "netIncome": "-167700000",
            "capitalExpenditures": "22300000",
            "operatingCashflow": "164400000",
            "grossProfit": "419500000",
            "totalRevenue": "511900000",
            "sentiment": 0,
            "surprise": "0.04",
            "closePrice": "57.52"
        },
        {
            "fiscalDateEnding": "2016-01-31",
            "totalCurrentAssets": "2993100000",
            "cashAndShortTermInvestments": "2250900000",
            "totalCurrentLiabilities": "1591000000",
            "currentDebt": "None",
            "netIncome": "-37200000",
            "capitalExpenditures": "30600000",
            "operatingCashflow": "169900000",
            "grossProfit": "553400000",
            "totalRevenue": "648300000",
            "sentiment": 0,
            "surprise": "0.1",
            "closePrice": "49.42"
        },
        {
            "fiscalDateEnding": "2015-10-31",
            "totalCurrentAssets": "2747500000",
            "cashAndShortTermInvestments": "2284300000",
            "totalCurrentLiabilities": "1311200000",
            "currentDebt": "None",
            "netIncome": "-43800000",
            "capitalExpenditures": "12000000",
            "operatingCashflow": "80400000",
            "grossProfit": "508800000",
            "totalRevenue": "599800000",
            "sentiment": 0,
            "surprise": "0.06",
            "closePrice": "62.39"
        },
        {
            "fiscalDateEnding": "2015-07-31",
            "totalCurrentAssets": "2899800000",
            "cashAndShortTermInvestments": "2389900000",
            "totalCurrentLiabilities": "1313800000",
            "currentDebt": "None",
            "netIncome": "-268600000",
            "capitalExpenditures": "17300000",
            "operatingCashflow": "77200000",
            "grossProfit": "516500000",
            "totalRevenue": "609500000",
            "sentiment": 0,
            "surprise": "0.02",
            "closePrice": "50.0"
        },
        {
            "fiscalDateEnding": "2015-04-30",
            "totalCurrentAssets": "2341000000",
            "cashAndShortTermInvestments": "1830900000",
            "totalCurrentLiabilities": "1270300000",
            "currentDebt": "None",
            "netIncome": "19100000",
            "capitalExpenditures": "12500000",
            "operatingCashflow": "86500000",
            "grossProfit": "554700000",
            "totalRevenue": "646500000",
            "sentiment": 0,
            "surprise": "0.02",
            "closePrice": "57.52"
        },
        {
            "fiscalDateEnding": "2015-01-31",
            "totalCurrentAssets": "2671300000",
            "cashAndShortTermInvestments": "2026400000",
            "totalCurrentLiabilities": "1400100000",
            "currentDebt": "None",
            "netIncome": "11500000",
            "capitalExpenditures": "15500000",
            "operatingCashflow": "257700000",
            "grossProfit": "575100000",
            "totalRevenue": "664600000",
            "sentiment": 0,
            "surprise": "0.01",
            "closePrice": "61.01"
        },
        {
            "fiscalDateEnding": "2014-10-31",
            "totalCurrentAssets": "2458700000",
            "cashAndShortTermInvestments": "1901400000",
            "totalCurrentLiabilities": "1193300000",
            "currentDebt": "None",
            "netIncome": "10700000",
            "capitalExpenditures": "28400000",
            "operatingCashflow": "136000000",
            "grossProfit": "532000000",
            "totalRevenue": "618000000",
            "sentiment": 0,
            "surprise": "0.03",
            "closePrice": "58.41"
        },
        {
            "fiscalDateEnding": "2014-07-31",
            "totalCurrentAssets": "2450000000",
            "cashAndShortTermInvestments": "1906400000",
            "totalCurrentLiabilities": "1157300000",
            "currentDebt": "None",
            "netIncome": "31300000",
            "capitalExpenditures": "17100000",
            "operatingCashflow": "96200000",
            "grossProfit": "549200000",
            "totalRevenue": "637100000",
            "sentiment": 0,
            "surprise": "0.06",
            "closePrice": "56.28"
        },
        {
            "fiscalDateEnding": "2014-04-30",
            "totalCurrentAssets": "2590300000",
            "cashAndShortTermInvestments": "2119700000",
            "totalCurrentLiabilities": "1118700000",
            "currentDebt": "None",
            "netIncome": "28300000",
            "capitalExpenditures": "14500000",
            "operatingCashflow": "218700000",
            "grossProfit": "513800000",
            "totalRevenue": "592500000",
            "sentiment": 0,
            "surprise": "0.11",
            "closePrice": "47.82"
        },
        {
            "fiscalDateEnding": "2014-01-31",
            "totalCurrentAssets": "2835000000",
            "cashAndShortTermInvestments": "2267100000",
            "totalCurrentLiabilities": "1071500000",
            "currentDebt": "None",
            "netIncome": "53900000",
            "capitalExpenditures": "9200000",
            "operatingCashflow": "183500000",
            "grossProfit": "514700000",
            "totalRevenue": "586600000",
            "sentiment": 0,
            "surprise": "0.06",
            "closePrice": "54.72"
        },
        {
            "fiscalDateEnding": "2013-10-31",
            "totalCurrentAssets": "2517900000",
            "cashAndShortTermInvestments": "2060500000",
            "totalCurrentLiabilities": "948100000",
            "currentDebt": "None",
            "netIncome": "57600000",
            "capitalExpenditures": "12400000",
            "operatingCashflow": "90600000",
            "grossProfit": "488100000",
            "totalRevenue": "555200000",
            "sentiment": 0,
            "surprise": "0.02",
            "closePrice": "43.53"
        },
        {
            "fiscalDateEnding": "2013-07-31",
            "totalCurrentAssets": "2436500000",
            "cashAndShortTermInvestments": "1997900000",
            "totalCurrentLiabilities": "955900000",
            "currentDebt": "None",
            "netIncome": "61700000",
            "capitalExpenditures": "16800000",
            "operatingCashflow": "65300000",
            "grossProfit": "493900000",
            "totalRevenue": "561700000",
            "sentiment": 0,
            "surprise": "0.03",
            "closePrice": "36.13"
        },
        {
            "fiscalDateEnding": "2013-04-30",
            "totalCurrentAssets": "2511100000",
            "cashAndShortTermInvestments": "2087900000",
            "totalCurrentLiabilities": "979800000",
            "currentDebt": "None",
            "netIncome": "55600000",
            "capitalExpenditures": "25800000",
            "operatingCashflow": "224100000",
            "grossProfit": "502900000",
            "totalRevenue": "570400000",
            "sentiment": 0,
            "surprise": "-0.03",
            "closePrice": "39.78"
        },
        {
            "fiscalDateEnding": "2013-01-31",
            "totalCurrentAssets": "2552400000",
            "cashAndShortTermInvestments": "1954300000",
            "totalCurrentLiabilities": "1043700000",
            "currentDebt": "None",
            "netIncome": "74500000",
            "capitalExpenditures": "11700000",
            "operatingCashflow": "155600000",
            "grossProfit": "544900000",
            "totalRevenue": "606900000",
            "sentiment": 0,
            "surprise": "0.03",
            "closePrice": "36.62"
        },
        {
            "fiscalDateEnding": "2012-10-31",
            "totalCurrentAssets": "1724600000",
            "cashAndShortTermInvestments": "1329100000",
            "totalCurrentLiabilities": "985300000",
            "currentDebt": "None",
            "netIncome": "29400000",
            "capitalExpenditures": "16500000",
            "operatingCashflow": "157100000",
            "grossProfit": "490100000",
            "totalRevenue": "548000000",
            "sentiment": 0,
            "surprise": "0.04",
            "closePrice": "30.5"
        },
        {
            "fiscalDateEnding": "2012-07-31",
            "totalCurrentAssets": "1902700000",
            "cashAndShortTermInvestments": "1430700000",
            "totalCurrentLiabilities": "901400000",
            "currentDebt": "None",
            "netIncome": "64600000",
            "capitalExpenditures": "16700000",
            "operatingCashflow": "107100000",
            "grossProfit": "508900000",
            "totalRevenue": "568700000",
            "sentiment": 0,
            "surprise": "-0.01",
            "closePrice": "35.71"
        },
        {
            "fiscalDateEnding": "2012-04-30",
            "totalCurrentAssets": "1912100000",
            "cashAndShortTermInvestments": "1512000000",
            "totalCurrentLiabilities": "875500000",
            "currentDebt": "None",
            "netIncome": "78900000",
            "capitalExpenditures": "11500000",
            "operatingCashflow": "139300000",
            "grossProfit": "529800000",
            "totalRevenue": "588600000",
            "sentiment": 0,
            "surprise": "0",
            "closePrice": "34.73"
        },
        {
            "fiscalDateEnding": "2012-01-31",
            "totalCurrentAssets": "1895900000",
            "cashAndShortTermInvestments": "1411300000",
            "totalCurrentLiabilities": "954100000",
            "currentDebt": "None",
            "netIncome": "72000000",
            "capitalExpenditures": "-25800000",
            "operatingCashflow": "175200000",
            "grossProfit": "534900000",
            "totalRevenue": "592400000",
            "sentiment": 0,
            "surprise": "0.01",
            "closePrice": "38.2"
        },
        {
            "fiscalDateEnding": "2011-10-31",
            "totalCurrentAssets": "1698600000",
            "cashAndShortTermInvestments": "1343600000",
            "totalCurrentLiabilities": "813600000",
            "currentDebt": "None",
            "netIncome": "72800000",
            "capitalExpenditures": "35800000",
            "operatingCashflow": "137700000",
            "grossProfit": "489000000",
            "totalRevenue": "548600000",
            "sentiment": 0,
            "surprise": "0.03",
            "closePrice": "34.04"
        },
        {
            "fiscalDateEnding": "2011-07-31",
            "totalCurrentAssets": "1778800000",
            "cashAndShortTermInvestments": "1373300000",
            "totalCurrentLiabilities": "827100000",
            "currentDebt": "None",
            "netIncome": "71200000",
            "capitalExpenditures": "29600000",
            "operatingCashflow": "132200000",
            "grossProfit": "488900000",
            "totalRevenue": "546300000",
            "sentiment": 0,
            "surprise": "0.03",
            "closePrice": "26.51"
        },
        {
            "fiscalDateEnding": "2011-04-30",
            "totalCurrentAssets": "1732400000",
            "cashAndShortTermInvestments": "1349800000",
            "totalCurrentLiabilities": "819500000",
            "currentDebt": "None",
            "netIncome": "69300000",
            "capitalExpenditures": "23400000",
            "operatingCashflow": "128400000",
            "grossProfit": "473700000",
            "totalRevenue": "528300000",
            "sentiment": 0,
            "surprise": "0.03",
            "closePrice": "44.39"
        },
        {
            "fiscalDateEnding": "2011-01-31",
            "totalCurrentAssets": "1714300000",
            "cashAndShortTermInvestments": "1274300000",
            "totalCurrentLiabilities": "869800000",
            "currentDebt": "None",
            "netIncome": "61600000",
            "capitalExpenditures": "10200000",
            "operatingCashflow": "175900000",
            "grossProfit": "479300000",
            "totalRevenue": "527700000",
            "sentiment": 0,
            "surprise": "0.01",
            "closePrice": "40.43"
        },
        {
            "fiscalDateEnding": "2010-10-31",
            "totalCurrentAssets": "1470800000",
            "cashAndShortTermInvestments": "1136800000",
            "totalCurrentLiabilities": "734700000",
            "currentDebt": "None",
            "netIncome": "53600000",
            "capitalExpenditures": "7000000",
            "operatingCashflow": "114300000",
            "grossProfit": "428200000",
            "totalRevenue": "476700000",
            "sentiment": 0,
            "surprise": "0",
            "closePrice": "36.26"
        },
        {
            "fiscalDateEnding": "2010-07-31",
            "totalCurrentAssets": "1417400000",
            "cashAndShortTermInvestments": "1086600000",
            "totalCurrentLiabilities": "723100000",
            "currentDebt": "None",
            "netIncome": "59900000",
            "capitalExpenditures": "5300000",
            "operatingCashflow": "111500000",
            "grossProfit": "424400000",
            "totalRevenue": "472800000",
            "sentiment": 0,
            "surprise": "0.09",
            "closePrice": "27.45"
        },
        {
            "fiscalDateEnding": "2010-04-30",
            "totalCurrentAssets": "1394000000",
            "cashAndShortTermInvestments": "1059800000",
            "totalCurrentLiabilities": "711000000",
            "currentDebt": "None",
            "netIncome": "36900000",
            "capitalExpenditures": "5800000",
            "operatingCashflow": "139100000",
            "grossProfit": "423300000",
            "totalRevenue": "474600000",
            "sentiment": 0,
            "surprise": "0.07",
            "closePrice": "30.35"
        },
        {
            "fiscalDateEnding": "2010-01-31",
            "totalCurrentAssets": "1379600000",
            "cashAndShortTermInvestments": "1000600000",
            "totalCurrentLiabilities": "704000000",
            "currentDebt": "None",
            "netIncome": "50100000",
            "capitalExpenditures": "8800000",
            "operatingCashflow": "125600000",
            "grossProfit": "411700000",
            "totalRevenue": "456100000",
            "sentiment": 0,
            "surprise": "0.07",
            "closePrice": "25.66"
        },
        {
            "fiscalDateEnding": "2009-10-31",
            "totalCurrentAssets": "1287100000",
            "cashAndShortTermInvestments": "961600000",
            "totalCurrentLiabilities": "627300000",
            "currentDebt": "None",
            "netIncome": "29500000",
            "capitalExpenditures": "5900000",
            "operatingCashflow": "46700000",
            "grossProfit": "371900000",
            "totalRevenue": "416900000",
            "sentiment": 0,
            "surprise": "0.04",
            "closePrice": "27.0"
        },
        {
            "fiscalDateEnding": "2009-07-31",
            "totalCurrentAssets": "1267300000",
            "cashAndShortTermInvestments": "936400000",
            "totalCurrentLiabilities": "661700000",
            "currentDebt": "None",
            "netIncome": "10500000",
            "capitalExpenditures": "10700000",
            "operatingCashflow": "47300000",
            "grossProfit": "364800000",
            "totalRevenue": "414900000",
            "sentiment": 0,
            "surprise": "0.05",
            "closePrice": "24.2"
        },
        {
            "fiscalDateEnding": "2009-04-30",
            "totalCurrentAssets": "1302200000",
            "cashAndShortTermInvestments": "958900000",
            "totalCurrentLiabilities": "681800000",
            "currentDebt": "None",
            "netIncome": "-32100000",
            "capitalExpenditures": "13600000",
            "operatingCashflow": "27200000",
            "grossProfit": "373500000",
            "totalRevenue": "425800000",
            "sentiment": 0,
            "surprise": "0.1",
            "closePrice": "18.83"
        }
    ]
}