{
    "AFRM": [
        {
            "fiscalDateEnding": "2023-12-31",
            "totalCurrentAssets": "1036719000",
            "cashAndShortTermInvestments": "1036719000",
            "totalCurrentLiabilities": "158695000",
            "currentDebt": "None",
            "netIncome": "-166902000",
            "capitalExpenditures": "38747000",
            "operatingCashflow": "74321000",
            "grossProfit": "172232000",
            "totalRevenue": "591110000",
            "sentiment": 0.29004536291615274,
            "surprise": "0.18",
            "closePrice": "49.22"
        },
        {
            "fiscalDateEnding": "2023-09-30",
            "totalCurrentAssets": "1079261000",
            "cashAndShortTermInvestments": "1079261000",
            "totalCurrentLiabilities": "130508000",
            "currentDebt": "None",
            "netIncome": "-171783000",
            "capitalExpenditures": "35817000",
            "operatingCashflow": "98902000",
            "grossProfit": "92986000",
            "totalRevenue": "496547000",
            "sentiment": 0.25059273791702413,
            "surprise": "0.13",
            "closePrice": "39.92"
        },
        {
            "fiscalDateEnding": "2023-06-30",
            "totalCurrentAssets": "892027000",
            "cashAndShortTermInvestments": "892027000",
            "totalCurrentLiabilities": "146071000",
            "currentDebt": "None",
            "netIncome": "-205962000",
            "capitalExpenditures": "24858000",
            "operatingCashflow": "43789000",
            "grossProfit": "394270000",
            "totalRevenue": "445825000",
            "sentiment": 0.21537779660406373,
            "surprise": "0.16",
            "closePrice": "13.81"
        },
        {
            "fiscalDateEnding": "2023-03-31",
            "totalCurrentAssets": "972477000",
            "cashAndShortTermInvestments": "972477000",
            "totalCurrentLiabilities": "136034000",
            "currentDebt": "None",
            "netIncome": "-205677000",
            "capitalExpenditures": "30516000",
            "operatingCashflow": "-54275000",
            "grossProfit": "-24202000",
            "totalRevenue": "380978000",
            "sentiment": 0.010963873201310955,
            "surprise": "0.23",
            "closePrice": "12.3"
        },
        {
            "fiscalDateEnding": "2022-12-31",
            "totalCurrentAssets": "1454671000",
            "cashAndShortTermInvestments": "1440333000",
            "totalCurrentLiabilities": "162184000",
            "currentDebt": "None",
            "netIncome": "-322437000",
            "capitalExpenditures": "34250000",
            "operatingCashflow": "-28548000",
            "grossProfit": "-61504000",
            "totalRevenue": "399558000",
            "sentiment": 0.05039412362764817,
            "surprise": "-0.12",
            "closePrice": "16.02"
        },
        {
            "fiscalDateEnding": "2022-09-30",
            "totalCurrentAssets": "1545215000",
            "cashAndShortTermInvestments": "1530132000",
            "totalCurrentLiabilities": "171355000",
            "currentDebt": "None",
            "netIncome": "-251269000",
            "capitalExpenditures": "31151000",
            "operatingCashflow": "51215000",
            "grossProfit": "-34871000",
            "totalRevenue": "361624000",
            "sentiment": 0.10158437248809545,
            "surprise": "-0.03",
            "closePrice": "15.64"
        },
        {
            "fiscalDateEnding": "2022-06-30",
            "totalCurrentAssets": "1290343000",
            "cashAndShortTermInvestments": "1255171000",
            "totalCurrentLiabilities": "277329000",
            "currentDebt": "None",
            "netIncome": "-186396000",
            "capitalExpenditures": "52451000",
            "operatingCashflow": "-59109000",
            "grossProfit": "-42243000",
            "totalRevenue": "364134000",
            "sentiment": -0.08546627584234393,
            "surprise": "-0.02",
            "closePrice": "31.23"
        },
        {
            "fiscalDateEnding": "2022-03-31",
            "totalCurrentAssets": "2297109000",
            "cashAndShortTermInvestments": "2261937000",
            "totalCurrentLiabilities": "365284000",
            "currentDebt": "None",
            "netIncome": "-54671000",
            "capitalExpenditures": "21095000",
            "operatingCashflow": "-27981000",
            "grossProfit": "-15712000",
            "totalRevenue": "354762000",
            "sentiment": -0.08285113253392,
            "surprise": "0.32",
            "closePrice": "18.04"
        },
        {
            "fiscalDateEnding": "2021-12-31",
            "totalCurrentAssets": "2604708000",
            "cashAndShortTermInvestments": "2567401000",
            "totalCurrentLiabilities": "484743000",
            "currentDebt": "None",
            "netIncome": "-159735000",
            "capitalExpenditures": "21812000",
            "operatingCashflow": "-440254000",
            "grossProfit": "18103000",
            "totalRevenue": "361011000",
            "sentiment": 0,
            "surprise": "-0.23",
            "closePrice": "58.68"
        },
        {
            "fiscalDateEnding": "2021-09-30",
            "totalCurrentAssets": "1462822000",
            "cashAndShortTermInvestments": "1439531000",
            "totalCurrentLiabilities": "879820000",
            "currentDebt": "None",
            "netIncome": "-306615000",
            "capitalExpenditures": "16347000",
            "operatingCashflow": "365150000",
            "grossProfit": "74000",
            "totalRevenue": "269385000",
            "sentiment": 0,
            "surprise": "-0.83",
            "closePrice": "133.53"
        },
        {
            "fiscalDateEnding": "2021-06-30",
            "totalCurrentAssets": "1577836000",
            "cashAndShortTermInvestments": "1466558000",
            "totalCurrentLiabilities": "378460000",
            "currentDebt": "None",
            "netIncome": "-123420000",
            "capitalExpenditures": "7838000",
            "operatingCashflow": "-19913000",
            "grossProfit": "17287000",
            "totalRevenue": "261780000",
            "sentiment": 0,
            "surprise": "-0.19",
            "closePrice": "92.06"
        },
        {
            "fiscalDateEnding": "2021-03-31",
            "totalCurrentAssets": "1714617000",
            "cashAndShortTermInvestments": "1623672000",
            "totalCurrentLiabilities": "324324000",
            "currentDebt": "None",
            "netIncome": "-287051000",
            "capitalExpenditures": "5351000",
            "operatingCashflow": "-123258000",
            "grossProfit": "15026000",
            "totalRevenue": "230665000",
            "sentiment": 0,
            "surprise": "-0.77",
            "closePrice": "57.0"
        },
        {
            "fiscalDateEnding": "2020-12-31",
            "totalCurrentAssets": "520741000",
            "cashAndShortTermInvestments": "520741000",
            "totalCurrentLiabilities": "73986000",
            "currentDebt": "None",
            "netIncome": "-26610000",
            "capitalExpenditures": "2894000",
            "operatingCashflow": "-47655000",
            "grossProfit": "106545000",
            "totalRevenue": "204041000",
            "sentiment": 0,
            "surprise": "0.36",
            "closePrice": "139.99"
        }
    ]
}