{
    "AGYS": [
        {
            "fiscalDateEnding": "2023-12-31",
            "totalCurrentAssets": "183694000",
            "cashAndShortTermInvestments": "116200000",
            "totalCurrentLiabilities": "91207000",
            "currentDebt": "None",
            "netIncome": "77141000",
            "capitalExpenditures": "1656000",
            "operatingCashflow": "12909000",
            "grossProfit": "37824000",
            "totalRevenue": "60566000",
            "sentiment": 0.3203244988460139,
            "surprise": "0.09",
            "closePrice": "86.71"
        },
        {
            "fiscalDateEnding": "2023-09-30",
            "totalCurrentAssets": "153411000",
            "cashAndShortTermInvestments": "107413000",
            "totalCurrentLiabilities": "72707000",
            "currentDebt": "None",
            "netIncome": "4545000",
            "capitalExpenditures": "2937000",
            "operatingCashflow": "5448000",
            "grossProfit": "35096000",
            "totalRevenue": "58616000",
            "sentiment": 0.36597904437109674,
            "surprise": "0.06",
            "closePrice": "63.9"
        },
        {
            "fiscalDateEnding": "2023-06-30",
            "totalCurrentAssets": "149438000",
            "cashAndShortTermInvestments": "107093000",
            "totalCurrentLiabilities": "73893000",
            "currentDebt": "1000",
            "netIncome": "1548000",
            "capitalExpenditures": "3065000",
            "operatingCashflow": "22000",
            "grossProfit": "33057000",
            "totalRevenue": "56059000",
            "sentiment": 0.13199885921772261,
            "surprise": "0.04",
            "closePrice": "67.82"
        },
        {
            "fiscalDateEnding": "2023-03-31",
            "totalCurrentAssets": "154658000",
            "cashAndShortTermInvestments": "112842000",
            "totalCurrentLiabilities": "78515000",
            "currentDebt": "2000",
            "netIncome": "4075000",
            "capitalExpenditures": "3622000",
            "operatingCashflow": "16783000",
            "grossProfit": "32183000",
            "totalRevenue": "53686000",
            "sentiment": 0.12450243203916864,
            "surprise": "0.04",
            "closePrice": "77.79"
        },
        {
            "fiscalDateEnding": "2022-12-31",
            "totalCurrentAssets": "159083000",
            "cashAndShortTermInvestments": "105818000",
            "totalCurrentLiabilities": "81132000",
            "currentDebt": "3000",
            "netIncome": "3892000",
            "capitalExpenditures": "2819000",
            "operatingCashflow": "14563000",
            "grossProfit": "30776000",
            "totalRevenue": "49920000",
            "sentiment": 0.3545509106571614,
            "surprise": "0.05",
            "closePrice": "81.89"
        },
        {
            "fiscalDateEnding": "2022-09-30",
            "totalCurrentAssets": "136427000",
            "cashAndShortTermInvestments": "96196000",
            "totalCurrentLiabilities": "62054000",
            "currentDebt": "3000",
            "netIncome": "3576000",
            "capitalExpenditures": "699000",
            "operatingCashflow": "3016000",
            "grossProfit": "29365000",
            "totalRevenue": "47741000",
            "sentiment": 0.22485111745795305,
            "surprise": "0.06",
            "closePrice": "54.86"
        },
        {
            "fiscalDateEnding": "2022-06-30",
            "totalCurrentAssets": "132140000",
            "cashAndShortTermInvestments": "94897000",
            "totalCurrentLiabilities": "62777000",
            "currentDebt": "4000",
            "netIncome": "3039000",
            "capitalExpenditures": "98000",
            "operatingCashflow": "101000",
            "grossProfit": "28495000",
            "totalRevenue": "47505000",
            "sentiment": 0.022431366286705296,
            "surprise": "0.03",
            "closePrice": "51.54"
        },
        {
            "fiscalDateEnding": "2022-03-31",
            "totalCurrentAssets": "136173000",
            "cashAndShortTermInvestments": "96971000",
            "totalCurrentLiabilities": "71466000",
            "currentDebt": "4000",
            "netIncome": "1982000",
            "capitalExpenditures": "119000",
            "operatingCashflow": "6660000",
            "grossProfit": "27692000",
            "totalRevenue": "47333000",
            "sentiment": 0.020662,
            "surprise": "0.07",
            "closePrice": "35.94"
        },
        {
            "fiscalDateEnding": "2021-12-31",
            "totalCurrentAssets": "149614000",
            "cashAndShortTermInvestments": "115122000",
            "totalCurrentLiabilities": "64151000",
            "currentDebt": "7000",
            "netIncome": "1542000",
            "capitalExpenditures": "292000",
            "operatingCashflow": "10142000",
            "grossProfit": "24716000",
            "totalRevenue": "39456000",
            "sentiment": 0,
            "surprise": "0.04",
            "closePrice": "36.33"
        },
        {
            "fiscalDateEnding": "2021-09-30",
            "totalCurrentAssets": "134223000",
            "cashAndShortTermInvestments": "106389000",
            "totalCurrentLiabilities": "52199000",
            "currentDebt": "10000",
            "netIncome": "982000",
            "capitalExpenditures": "512000",
            "operatingCashflow": "3678000",
            "grossProfit": "24255000",
            "totalRevenue": "37891000",
            "sentiment": 0,
            "surprise": "-0.01",
            "closePrice": "52.36"
        },
        {
            "fiscalDateEnding": "2021-06-30",
            "totalCurrentAssets": "134827000",
            "cashAndShortTermInvestments": "103911000",
            "totalCurrentLiabilities": "57019000",
            "currentDebt": "15000",
            "netIncome": "1972000",
            "capitalExpenditures": "274000",
            "operatingCashflow": "7995000",
            "grossProfit": "24867000",
            "totalRevenue": "38724000",
            "sentiment": 0,
            "surprise": "0.04",
            "closePrice": "54.84"
        },
        {
            "fiscalDateEnding": "2021-03-31",
            "totalCurrentAssets": "133250000",
            "cashAndShortTermInvestments": "99180000",
            "totalCurrentLiabilities": "61155000",
            "currentDebt": "19000",
            "netIncome": "-24281000",
            "capitalExpenditures": "313000",
            "operatingCashflow": "13323000",
            "grossProfit": "23478000",
            "totalRevenue": "36458000",
            "sentiment": 0,
            "surprise": "0.05",
            "closePrice": "47.28"
        },
        {
            "fiscalDateEnding": "2020-12-31",
            "totalCurrentAssets": "131952000",
            "cashAndShortTermInvestments": "92608000",
            "totalCurrentLiabilities": "58425000",
            "currentDebt": "22000",
            "netIncome": "-2070000",
            "capitalExpenditures": "605000",
            "operatingCashflow": "8442000",
            "grossProfit": "24196000",
            "totalRevenue": "36666000",
            "sentiment": 0,
            "surprise": "0.03",
            "closePrice": "49.87"
        },
        {
            "fiscalDateEnding": "2020-09-30",
            "totalCurrentAssets": "115544000",
            "cashAndShortTermInvestments": "85706000",
            "totalCurrentLiabilities": "45777000",
            "currentDebt": "23000",
            "netIncome": "5867000",
            "capitalExpenditures": "228000",
            "operatingCashflow": "11571000",
            "grossProfit": "23154000",
            "totalRevenue": "34358000",
            "sentiment": 0,
            "surprise": "0.17",
            "closePrice": "25.39"
        },
        {
            "fiscalDateEnding": "2020-06-30",
            "totalCurrentAssets": "116942000",
            "cashAndShortTermInvestments": "74604000",
            "totalCurrentLiabilities": "56054000",
            "currentDebt": "24000",
            "netIncome": "-517000",
            "capitalExpenditures": "243000",
            "operatingCashflow": "-4929000",
            "grossProfit": "18550000",
            "totalRevenue": "29806000",
            "sentiment": 0,
            "surprise": "0.1",
            "closePrice": "17.88"
        },
        {
            "fiscalDateEnding": "2020-03-31",
            "totalCurrentAssets": "93408000",
            "cashAndShortTermInvestments": "46653000",
            "totalCurrentLiabilities": "69423000",
            "currentDebt": "4743000",
            "netIncome": "-26992000",
            "capitalExpenditures": "411000",
            "operatingCashflow": "5302000",
            "grossProfit": "19657000",
            "totalRevenue": "39659000",
            "sentiment": 0,
            "surprise": "0.07",
            "closePrice": "20.09"
        },
        {
            "fiscalDateEnding": "2019-12-31",
            "totalCurrentAssets": "84313000",
            "cashAndShortTermInvestments": "41905000",
            "totalCurrentLiabilities": "62569000",
            "currentDebt": "4259000",
            "netIncome": "-2582000",
            "capitalExpenditures": "1069000",
            "operatingCashflow": "4039000",
            "grossProfit": "21064000",
            "totalRevenue": "41962000",
            "sentiment": 0,
            "surprise": "0.12",
            "closePrice": "31.09"
        },
        {
            "fiscalDateEnding": "2019-09-30",
            "totalCurrentAssets": "72393000",
            "cashAndShortTermInvestments": "38915000",
            "totalCurrentLiabilities": "52585000",
            "currentDebt": "4224000",
            "netIncome": "-2918000",
            "capitalExpenditures": "1369000",
            "operatingCashflow": "3147000",
            "grossProfit": "20217000",
            "totalRevenue": "40720000",
            "sentiment": 0,
            "surprise": "0.08",
            "closePrice": "25.55"
        },
        {
            "fiscalDateEnding": "2019-06-30",
            "totalCurrentAssets": "73449000",
            "cashAndShortTermInvestments": "37233000",
            "totalCurrentLiabilities": "53756000",
            "currentDebt": "4224000",
            "netIncome": "-1575000",
            "capitalExpenditures": "571000",
            "operatingCashflow": "-1913000",
            "grossProfit": "20014000",
            "totalRevenue": "38388000",
            "sentiment": 0,
            "surprise": "0.16",
            "closePrice": "23.53"
        },
        {
            "fiscalDateEnding": "2019-03-31",
            "totalCurrentAssets": "79008000",
            "cashAndShortTermInvestments": "40771000",
            "totalCurrentLiabilities": "57815000",
            "currentDebt": "22000",
            "netIncome": "-3589000",
            "capitalExpenditures": "1708000",
            "operatingCashflow": "5522000",
            "grossProfit": "19595000",
            "totalRevenue": "36618000",
            "sentiment": 0,
            "surprise": "0",
            "closePrice": "20.41"
        },
        {
            "fiscalDateEnding": "2018-12-31",
            "totalCurrentAssets": "80756000",
            "cashAndShortTermInvestments": "36995000",
            "totalCurrentLiabilities": "59286000",
            "currentDebt": "48000",
            "netIncome": "-4048000",
            "capitalExpenditures": "277000",
            "operatingCashflow": "4467000",
            "grossProfit": "18647000",
            "totalRevenue": "36011000",
            "sentiment": 0,
            "surprise": "-0.01",
            "closePrice": "14.14"
        },
        {
            "fiscalDateEnding": "2018-09-30",
            "totalCurrentAssets": "63330000",
            "cashAndShortTermInvestments": "32904000",
            "totalCurrentLiabilities": "42701000",
            "currentDebt": "72000",
            "netIncome": "-3791000",
            "capitalExpenditures": "589000",
            "operatingCashflow": "-1385000",
            "grossProfit": "17749000",
            "totalRevenue": "34200000",
            "sentiment": 0,
            "surprise": "0.02",
            "closePrice": "15.33"
        },
        {
            "fiscalDateEnding": "2018-06-30",
            "totalCurrentAssets": "67841000",
            "cashAndShortTermInvestments": "35076000",
            "totalCurrentLiabilities": "48451000",
            "currentDebt": "96000",
            "netIncome": "-1736000",
            "capitalExpenditures": "744000",
            "operatingCashflow": "-1363000",
            "grossProfit": "17889000",
            "totalRevenue": "34004000",
            "sentiment": 0,
            "surprise": "0.09",
            "closePrice": "16.35"
        },
        {
            "fiscalDateEnding": "2018-03-31",
            "totalCurrentAssets": "63924000",
            "cashAndShortTermInvestments": "39943000",
            "totalCurrentLiabilities": "44581000",
            "currentDebt": "120000",
            "netIncome": "-210000",
            "capitalExpenditures": "851000",
            "operatingCashflow": "4776000",
            "grossProfit": "16749000",
            "totalRevenue": "32056000",
            "sentiment": 0,
            "surprise": "0.05",
            "closePrice": "12.66"
        },
        {
            "fiscalDateEnding": "2017-12-31",
            "totalCurrentAssets": "61341000",
            "cashAndShortTermInvestments": "37615000",
            "totalCurrentLiabilities": "41564000",
            "currentDebt": "113000",
            "netIncome": "-1934000",
            "capitalExpenditures": "2183000",
            "operatingCashflow": "3746000",
            "grossProfit": "15628000",
            "totalRevenue": "31307000",
            "sentiment": 0,
            "surprise": "0.03",
            "closePrice": "12.85"
        },
        {
            "fiscalDateEnding": "2017-09-30",
            "totalCurrentAssets": "61001000",
            "cashAndShortTermInvestments": "38532000",
            "totalCurrentLiabilities": "38918000",
            "currentDebt": "116000",
            "netIncome": "-3248000",
            "capitalExpenditures": "981000",
            "operatingCashflow": "-1164000",
            "grossProfit": "15370000",
            "totalRevenue": "30127000",
            "sentiment": 0,
            "surprise": "0.03",
            "closePrice": "12.42"
        },
        {
            "fiscalDateEnding": "2017-06-30",
            "totalCurrentAssets": "69293000",
            "cashAndShortTermInvestments": "43408000",
            "totalCurrentLiabilities": "45031000",
            "currentDebt": "116000",
            "netIncome": "-2958000",
            "capitalExpenditures": "2125000",
            "operatingCashflow": "-484000",
            "grossProfit": "16670000",
            "totalRevenue": "33863000",
            "sentiment": 0,
            "surprise": "0.02",
            "closePrice": "10.23"
        },
        {
            "fiscalDateEnding": "2017-03-31",
            "totalCurrentAssets": "73520000",
            "cashAndShortTermInvestments": "49255000",
            "totalCurrentLiabilities": "46337000",
            "currentDebt": "121000",
            "netIncome": "-210000",
            "capitalExpenditures": "831000",
            "operatingCashflow": "-1960000",
            "grossProfit": "16749000",
            "totalRevenue": "30602000",
            "sentiment": 0,
            "surprise": "-0.12",
            "closePrice": "10.05"
        },
        {
            "fiscalDateEnding": "2016-12-31",
            "totalCurrentAssets": "78698000",
            "cashAndShortTermInvestments": "52713000",
            "totalCurrentLiabilities": "46607000",
            "currentDebt": "119000",
            "netIncome": "-1934000",
            "capitalExpenditures": "1055000",
            "operatingCashflow": "5577000",
            "grossProfit": "15628000",
            "totalRevenue": "33445000",
            "sentiment": 0,
            "surprise": "0.11",
            "closePrice": "8.9"
        },
        {
            "fiscalDateEnding": "2016-09-30",
            "totalCurrentAssets": "79077000",
            "cashAndShortTermInvestments": "51629000",
            "totalCurrentLiabilities": "44327000",
            "currentDebt": "120000",
            "netIncome": "-3248000",
            "capitalExpenditures": "1454000",
            "operatingCashflow": "835000",
            "grossProfit": "15370000",
            "totalRevenue": "32672000",
            "sentiment": 0,
            "surprise": "-0.05",
            "closePrice": "10.44"
        },
        {
            "fiscalDateEnding": "2016-06-30",
            "totalCurrentAssets": "83834000",
            "cashAndShortTermInvestments": "55312000",
            "totalCurrentLiabilities": "46094000",
            "currentDebt": "122000",
            "netIncome": "-2958000",
            "capitalExpenditures": "818000",
            "operatingCashflow": "-1019000",
            "grossProfit": "16670000",
            "totalRevenue": "30949000",
            "sentiment": 0,
            "surprise": "-0.03",
            "closePrice": "10.68"
        },
        {
            "fiscalDateEnding": "2016-03-31",
            "totalCurrentAssets": "95501000",
            "cashAndShortTermInvestments": "60608000",
            "totalCurrentLiabilities": "54100000",
            "currentDebt": "118000",
            "netIncome": "-5287000",
            "capitalExpenditures": "2283000",
            "operatingCashflow": "-1096000",
            "grossProfit": "15475000",
            "totalRevenue": "31924000",
            "sentiment": 0,
            "surprise": "-0.02",
            "closePrice": "11.65"
        },
        {
            "fiscalDateEnding": "2015-12-31",
            "totalCurrentAssets": "95477000",
            "cashAndShortTermInvestments": "65652000",
            "totalCurrentLiabilities": "52016000",
            "currentDebt": "136000",
            "netIncome": "-1737000",
            "capitalExpenditures": "1337000",
            "operatingCashflow": "8538000",
            "grossProfit": "16241000",
            "totalRevenue": "31299000",
            "sentiment": 0,
            "surprise": "0.03",
            "closePrice": "9.87"
        },
        {
            "fiscalDateEnding": "2015-09-30",
            "totalCurrentAssets": "84060000",
            "cashAndShortTermInvestments": "62101000",
            "totalCurrentLiabilities": "36797000",
            "currentDebt": "139000",
            "netIncome": "-2400000",
            "capitalExpenditures": "1068000",
            "operatingCashflow": "1641000",
            "grossProfit": "15879000",
            "totalRevenue": "29639000",
            "sentiment": 0,
            "surprise": "0.03",
            "closePrice": "12.36"
        },
        {
            "fiscalDateEnding": "2015-06-30",
            "totalCurrentAssets": "89468000",
            "cashAndShortTermInvestments": "66034000",
            "totalCurrentLiabilities": "39538000",
            "currentDebt": "141000",
            "netIncome": "-2297000",
            "capitalExpenditures": "1212000",
            "operatingCashflow": "-1865000",
            "grossProfit": "16191000",
            "totalRevenue": "27483000",
            "sentiment": 0,
            "surprise": "0.06",
            "closePrice": "9.89"
        },
        {
            "fiscalDateEnding": "2015-03-31",
            "totalCurrentAssets": "105017000",
            "cashAndShortTermInvestments": "75067000",
            "totalCurrentLiabilities": "50610000",
            "currentDebt": "142000",
            "netIncome": "-5426000",
            "capitalExpenditures": "794000",
            "operatingCashflow": "5283000",
            "grossProfit": "14610000",
            "totalRevenue": "28708000",
            "sentiment": 0,
            "surprise": "-0.03",
            "closePrice": "9.67"
        },
        {
            "fiscalDateEnding": "2014-12-31",
            "totalCurrentAssets": "99086000",
            "cashAndShortTermInvestments": "8013000",
            "totalCurrentLiabilities": "37389000",
            "currentDebt": "141000",
            "netIncome": "-2715000",
            "capitalExpenditures": "106000",
            "operatingCashflow": "2035000",
            "grossProfit": "14129000",
            "totalRevenue": "24735000",
            "sentiment": 0,
            "surprise": "-0.09",
            "closePrice": "10.22"
        },
        {
            "fiscalDateEnding": "2014-09-30",
            "totalCurrentAssets": "104970000",
            "cashAndShortTermInvestments": "13076000",
            "totalCurrentLiabilities": "37135000",
            "currentDebt": "141000",
            "netIncome": "-1127000",
            "capitalExpenditures": "2519000",
            "operatingCashflow": "-1317000",
            "grossProfit": "16669000",
            "totalRevenue": "26304000",
            "sentiment": 0,
            "surprise": "0.02",
            "closePrice": "11.35"
        },
        {
            "fiscalDateEnding": "2014-06-30",
            "totalCurrentAssets": "114856000",
            "cashAndShortTermInvestments": "21137000",
            "totalCurrentLiabilities": "38999000",
            "currentDebt": "141000",
            "netIncome": "-2229000",
            "capitalExpenditures": "1231000",
            "operatingCashflow": "-8187000",
            "grossProfit": "14674000",
            "totalRevenue": "23733000",
            "sentiment": 0,
            "surprise": "-0.05",
            "closePrice": "12.56"
        },
        {
            "fiscalDateEnding": "2014-03-31",
            "totalCurrentAssets": "129854000",
            "cashAndShortTermInvestments": "28999000",
            "totalCurrentLiabilities": "48143000",
            "currentDebt": "43000",
            "netIncome": "-2009000",
            "capitalExpenditures": "815000",
            "operatingCashflow": "8594000",
            "grossProfit": "16660000",
            "totalRevenue": "27750000",
            "sentiment": 0,
            "surprise": "0.07",
            "closePrice": "12.57"
        },
        {
            "fiscalDateEnding": "2013-12-31",
            "totalCurrentAssets": "127976000",
            "cashAndShortTermInvestments": "96357000",
            "totalCurrentLiabilities": "43522000",
            "currentDebt": "43000",
            "netIncome": "-2663000",
            "capitalExpenditures": "783000",
            "operatingCashflow": "157000",
            "grossProfit": "15155000",
            "totalRevenue": "25963000",
            "sentiment": 0,
            "surprise": "0",
            "closePrice": "13.85"
        },
        {
            "fiscalDateEnding": "2013-09-30",
            "totalCurrentAssets": "124991000",
            "cashAndShortTermInvestments": "100432000",
            "totalCurrentLiabilities": "37976000",
            "currentDebt": "52000",
            "netIncome": "20453000",
            "capitalExpenditures": "1048000",
            "operatingCashflow": "-2214000",
            "grossProfit": "16588000",
            "totalRevenue": "26534000",
            "sentiment": 0,
            "surprise": "0.02",
            "closePrice": "11.91"
        },
        {
            "fiscalDateEnding": "2013-06-30",
            "totalCurrentAssets": "123150000",
            "cashAndShortTermInvestments": "70611000",
            "totalCurrentLiabilities": "56268000",
            "currentDebt": "73000",
            "netIncome": "1316000",
            "capitalExpenditures": "1377000",
            "operatingCashflow": "-6464000",
            "grossProfit": "15637000",
            "totalRevenue": "24439000",
            "sentiment": 0,
            "surprise": "None",
            "closePrice": "11.64"
        },
        {
            "fiscalDateEnding": "2013-03-31",
            "totalCurrentAssets": "146296000",
            "cashAndShortTermInvestments": "82931000",
            "totalCurrentLiabilities": "74174000",
            "currentDebt": "306000",
            "netIncome": "329000",
            "capitalExpenditures": "1002000",
            "operatingCashflow": "6683000",
            "grossProfit": "14850000",
            "totalRevenue": "63037000",
            "sentiment": 0,
            "surprise": "0.09",
            "closePrice": "13.95"
        },
        {
            "fiscalDateEnding": "2012-12-31",
            "totalCurrentAssets": "154354000",
            "cashAndShortTermInvestments": "79838000",
            "totalCurrentLiabilities": "79785000",
            "currentDebt": "342000",
            "netIncome": "516000",
            "capitalExpenditures": "793000",
            "operatingCashflow": "4384000",
            "grossProfit": "14930000",
            "totalRevenue": "67155000",
            "sentiment": 0,
            "surprise": "0.03",
            "closePrice": "8.51"
        },
        {
            "fiscalDateEnding": "2012-09-30",
            "totalCurrentAssets": "127994000",
            "cashAndShortTermInvestments": "77327000",
            "totalCurrentLiabilities": "53120000",
            "currentDebt": "429000",
            "netIncome": "-351000",
            "capitalExpenditures": "205000",
            "operatingCashflow": "-1965000",
            "grossProfit": "14273000",
            "totalRevenue": "54228000",
            "sentiment": 0,
            "surprise": "0.01",
            "closePrice": "8.15"
        },
        {
            "fiscalDateEnding": "2012-06-30",
            "totalCurrentAssets": "135622000",
            "cashAndShortTermInvestments": "80336000",
            "totalCurrentLiabilities": "61051000",
            "currentDebt": "470000",
            "netIncome": "-1792000",
            "capitalExpenditures": "532000",
            "operatingCashflow": "-19807000",
            "grossProfit": "13566000",
            "totalRevenue": "51793000",
            "sentiment": 0,
            "surprise": "0",
            "closePrice": "8.26"
        },
        {
            "fiscalDateEnding": "2012-03-31",
            "totalCurrentAssets": "154295000",
            "cashAndShortTermInvestments": "97587000",
            "totalCurrentLiabilities": "78009000",
            "currentDebt": "647000",
            "netIncome": "-16979000",
            "capitalExpenditures": "-858000",
            "operatingCashflow": "15994000",
            "grossProfit": "20828000",
            "totalRevenue": "52031000",
            "sentiment": 0,
            "surprise": "-0.34",
            "closePrice": "7.53"
        },
        {
            "fiscalDateEnding": "2011-12-31",
            "totalCurrentAssets": "139161000",
            "cashAndShortTermInvestments": "84055000",
            "totalCurrentLiabilities": "56254000",
            "currentDebt": "819000",
            "netIncome": "-6509000",
            "capitalExpenditures": "1625000",
            "operatingCashflow": "-5395000",
            "grossProfit": "19932000",
            "totalRevenue": "51522000",
            "sentiment": 0,
            "surprise": "-0.2",
            "closePrice": "7.41"
        },
        {
            "fiscalDateEnding": "2011-09-30",
            "totalCurrentAssets": "153052000",
            "cashAndShortTermInvestments": "93662000",
            "totalCurrentLiabilities": "58713000",
            "currentDebt": "970000",
            "netIncome": "6933000",
            "capitalExpenditures": "708000",
            "operatingCashflow": "-11063000",
            "grossProfit": "20988000",
            "totalRevenue": "53049000",
            "sentiment": 0,
            "surprise": "-0.05",
            "closePrice": "8.02"
        },
        {
            "fiscalDateEnding": "2011-06-30",
            "totalCurrentAssets": "228409000",
            "cashAndShortTermInvestments": "51675000",
            "totalCurrentLiabilities": "144153000",
            "currentDebt": "1289000",
            "netIncome": "-6228000",
            "capitalExpenditures": "756000",
            "operatingCashflow": "-21234000",
            "grossProfit": "18088000",
            "totalRevenue": "151305000",
            "sentiment": 0,
            "surprise": "-0.05",
            "closePrice": "7.1"
        }
    ]
}