{
    "AI": [
        {
            "fiscalDateEnding": "2024-01-31",
            "totalCurrentAssets": "926027000",
            "cashAndShortTermInvestments": "723322000",
            "totalCurrentLiabilities": "109179000",
            "currentDebt": "None",
            "netIncome": "-72631000",
            "capitalExpenditures": "6087000",
            "operatingCashflow": "-39051000",
            "grossProfit": "45287000",
            "totalRevenue": "78401000",
            "sentiment": 0,
            "surprise": "0.15",
            "closePrice": "29.69"
        },
        {
            "fiscalDateEnding": "2023-10-31",
            "totalCurrentAssets": "931084000",
            "cashAndShortTermInvestments": "762269000",
            "totalCurrentLiabilities": "114154000",
            "currentDebt": "None",
            "netIncome": "-69780000",
            "capitalExpenditures": "6543000",
            "operatingCashflow": "-48590000",
            "grossProfit": "41113000",
            "totalRevenue": "73229000",
            "sentiment": 0,
            "surprise": "0.05",
            "closePrice": "29.16"
        },
        {
            "fiscalDateEnding": "2023-07-31",
            "totalCurrentAssets": "894795000",
            "cashAndShortTermInvestments": "750875000",
            "totalCurrentLiabilities": "110711000",
            "currentDebt": "None",
            "netIncome": "-64358000",
            "capitalExpenditures": "12838000",
            "operatingCashflow": "3936000",
            "grossProfit": "40549000",
            "totalRevenue": "72362000",
            "sentiment": 0.22578220234830385,
            "surprise": "0.08",
            "closePrice": "31.46"
        },
        {
            "fiscalDateEnding": "2023-04-30",
            "totalCurrentAssets": "888879000",
            "cashAndShortTermInvestments": "730984000",
            "totalCurrentLiabilities": "136039000",
            "currentDebt": "None",
            "netIncome": "-64956000",
            "capitalExpenditures": "10751000",
            "operatingCashflow": "27054000",
            "grossProfit": "47502000",
            "totalRevenue": "72410000",
            "sentiment": 0.16518402358296302,
            "surprise": "0.04",
            "closePrice": "40.01"
        },
        {
            "fiscalDateEnding": "2023-01-31",
            "totalCurrentAssets": "946510000",
            "cashAndShortTermInvestments": "772440000",
            "totalCurrentLiabilities": "123608000",
            "currentDebt": "None",
            "netIncome": "-63162000",
            "capitalExpenditures": "19789000",
            "operatingCashflow": "-51900000",
            "grossProfit": "44398000",
            "totalRevenue": "66669000",
            "sentiment": 0.21702500000000002,
            "surprise": "0.16",
            "closePrice": "21.31"
        },
        {
            "fiscalDateEnding": "2022-10-31",
            "totalCurrentAssets": "960068000",
            "cashAndShortTermInvestments": "840070000",
            "totalCurrentLiabilities": "118655000",
            "currentDebt": "None",
            "netIncome": "-68850000",
            "capitalExpenditures": "24442000",
            "operatingCashflow": "-52587000",
            "grossProfit": "41656000",
            "totalRevenue": "62408000",
            "sentiment": 0,
            "surprise": "0.05",
            "closePrice": "11.98"
        },
        {
            "fiscalDateEnding": "2022-07-31",
            "totalCurrentAssets": "1006634000",
            "cashAndShortTermInvestments": "907280000",
            "totalCurrentLiabilities": "131251000",
            "currentDebt": "None",
            "netIncome": "-71871000",
            "capitalExpenditures": "16536000",
            "operatingCashflow": "-38258000",
            "grossProfit": "46902000",
            "totalRevenue": "65308000",
            "sentiment": -0.05126960627387412,
            "surprise": "0.12",
            "closePrice": "18.0"
        },
        {
            "fiscalDateEnding": "2022-04-30",
            "totalCurrentAssets": "1060436000",
            "cashAndShortTermInvestments": "960161000",
            "totalCurrentLiabilities": "150169000",
            "currentDebt": "None",
            "netIncome": "-58420000",
            "capitalExpenditures": "1608000",
            "operatingCashflow": "-13162000",
            "grossProfit": "54954000",
            "totalRevenue": "72317000",
            "sentiment": -0.17521261527314502,
            "surprise": "0.08",
            "closePrice": "18.55"
        },
        {
            "fiscalDateEnding": "2022-01-31",
            "totalCurrentAssets": "1062567000",
            "cashAndShortTermInvestments": "968635000",
            "totalCurrentLiabilities": "129188000",
            "currentDebt": "None",
            "netIncome": "-39447000",
            "capitalExpenditures": "754000",
            "operatingCashflow": "-55424000",
            "grossProfit": "52419000",
            "totalRevenue": "69773000",
            "sentiment": 0,
            "surprise": "0.2",
            "closePrice": "22.66"
        },
        {
            "fiscalDateEnding": "2021-10-31",
            "totalCurrentAssets": "1016126000",
            "cashAndShortTermInvestments": "970422000",
            "totalCurrentLiabilities": "132183000",
            "currentDebt": "None",
            "netIncome": "-56739000",
            "capitalExpenditures": "918000",
            "operatingCashflow": "-18898000",
            "grossProfit": "42292000",
            "totalRevenue": "58263000",
            "sentiment": 0,
            "surprise": "0.05",
            "closePrice": "33.83"
        },
        {
            "fiscalDateEnding": "2021-07-31",
            "totalCurrentAssets": "1167385000",
            "cashAndShortTermInvestments": "1098990000",
            "totalCurrentLiabilities": "140133000",
            "currentDebt": "None",
            "netIncome": "-37459000",
            "capitalExpenditures": "1011000",
            "operatingCashflow": "1022000",
            "grossProfit": "39381000",
            "totalRevenue": "52406000",
            "sentiment": 0,
            "surprise": "-0.09",
            "closePrice": "53.11"
        },
        {
            "fiscalDateEnding": "2021-04-30",
            "totalCurrentAssets": "1173137000",
            "cashAndShortTermInvestments": "1093375000",
            "totalCurrentLiabilities": "124485000",
            "currentDebt": "None",
            "netIncome": "-24050000",
            "capitalExpenditures": "462000",
            "operatingCashflow": "-31725000",
            "grossProfit": "40572000",
            "totalRevenue": "52284000",
            "sentiment": 0,
            "surprise": "0.03",
            "closePrice": "76.15"
        },
        {
            "fiscalDateEnding": "2021-01-31",
            "totalCurrentAssets": "1166736000",
            "cashAndShortTermInvestments": "1123002000",
            "totalCurrentLiabilities": "104098000",
            "currentDebt": "None",
            "netIncome": "-16852000",
            "capitalExpenditures": "247000",
            "operatingCashflow": "-24664000",
            "grossProfit": "36883000",
            "totalRevenue": "49109000",
            "sentiment": 0,
            "surprise": "0.03",
            "closePrice": "121.05"
        }
    ]
}