{
    "ALGM": [
        {
            "fiscalDateEnding": "2023-12-31",
            "totalCurrentAssets": "549496000",
            "cashAndShortTermInvestments": "214308000",
            "totalCurrentLiabilities": "120187000",
            "currentDebt": "3959000",
            "netIncome": "33345000",
            "capitalExpenditures": "34399000",
            "operatingCashflow": "72558000",
            "grossProfit": "133828000",
            "totalRevenue": "251130000",
            "sentiment": 0.17607424838057048,
            "surprise": "0.03",
            "closePrice": "29.14"
        },
        {
            "fiscalDateEnding": "2023-09-30",
            "totalCurrentAssets": "714896000",
            "cashAndShortTermInvestments": "370013000",
            "totalCurrentLiabilities": "134241000",
            "currentDebt": "None",
            "netIncome": "65617000",
            "capitalExpenditures": "31191000",
            "operatingCashflow": "46730000",
            "grossProfit": "159503000",
            "totalRevenue": "274751000",
            "sentiment": 0.19214833706035805,
            "surprise": "0.03",
            "closePrice": "25.81"
        },
        {
            "fiscalDateEnding": "2023-06-30",
            "totalCurrentAssets": "700304000",
            "cashAndShortTermInvestments": "353408000",
            "totalCurrentLiabilities": "153545000",
            "currentDebt": "None",
            "netIncome": "60850000",
            "capitalExpenditures": "44910000",
            "operatingCashflow": "49663000",
            "grossProfit": "157950000",
            "totalRevenue": "277524000",
            "sentiment": 0.2795996268295608,
            "surprise": "0.02",
            "closePrice": "45.24"
        },
        {
            "fiscalDateEnding": "2023-03-31",
            "totalCurrentAssets": "665829000",
            "cashAndShortTermInvestments": "351576000",
            "totalCurrentLiabilities": "165325000",
            "currentDebt": "None",
            "netIncome": "61977000",
            "capitalExpenditures": "30212000",
            "operatingCashflow": "47548000",
            "grossProfit": "153089000",
            "totalRevenue": "267073000",
            "sentiment": 0.27835143556096564,
            "surprise": "0.01",
            "closePrice": "37.83"
        },
        {
            "fiscalDateEnding": "2022-12-23",
            "totalCurrentAssets": "619952000",
            "cashAndShortTermInvestments": "334306000",
            "totalCurrentLiabilities": "137228000",
            "currentDebt": "None",
            "netIncome": "64519000",
            "capitalExpenditures": "14343000",
            "operatingCashflow": "53854000",
            "grossProfit": "142594000",
            "totalRevenue": "248583000",
            "sentiment": 0.18683457365032005,
            "surprise": "0.03",
            "closePrice": "38.17"
        },
        {
            "fiscalDateEnding": "2022-09-23",
            "totalCurrentAssets": "545485000",
            "cashAndShortTermInvestments": "293588000",
            "totalCurrentLiabilities": "112754000",
            "currentDebt": "None",
            "netIncome": "50614000",
            "capitalExpenditures": "20831000",
            "operatingCashflow": "55251000",
            "grossProfit": "132022000",
            "totalRevenue": "237401000",
            "sentiment": 0.19983700721517295,
            "surprise": "0.05",
            "closePrice": "23.83"
        },
        {
            "fiscalDateEnding": "2022-06-30",
            "totalCurrentAssets": "529034000",
            "cashAndShortTermInvestments": "286557000",
            "totalCurrentLiabilities": "111804000",
            "currentDebt": "None",
            "netIncome": "10247000",
            "capitalExpenditures": "14389000",
            "operatingCashflow": "36553000",
            "grossProfit": "118374000",
            "totalRevenue": "219653000",
            "sentiment": 0.06701448733415998,
            "surprise": "0.02",
            "closePrice": "24.25"
        },
        {
            "fiscalDateEnding": "2022-03-31",
            "totalCurrentAssets": "511692000",
            "cashAndShortTermInvestments": "282383000",
            "totalCurrentLiabilities": "104223000",
            "currentDebt": "None",
            "netIncome": "25616000",
            "capitalExpenditures": "14149000",
            "operatingCashflow": "37571000",
            "grossProfit": "109603000",
            "totalRevenue": "199754000",
            "sentiment": 0.1274,
            "surprise": "0",
            "closePrice": "23.95"
        },
        {
            "fiscalDateEnding": "2021-12-31",
            "totalCurrentAssets": "469192000",
            "cashAndShortTermInvestments": "259208000",
            "totalCurrentLiabilities": "100841000",
            "currentDebt": "None",
            "netIncome": "32936000",
            "capitalExpenditures": "21971000",
            "operatingCashflow": "48682000",
            "grossProfit": "101165000",
            "totalRevenue": "186626000",
            "sentiment": 0,
            "surprise": "0.01",
            "closePrice": "28.69"
        },
        {
            "fiscalDateEnding": "2021-09-30",
            "totalCurrentAssets": "445914000",
            "cashAndShortTermInvestments": "248579000",
            "totalCurrentLiabilities": "88416000",
            "currentDebt": "None",
            "netIncome": "33186000",
            "capitalExpenditures": "18475000",
            "operatingCashflow": "31381000",
            "grossProfit": "102532000",
            "totalRevenue": "193812000",
            "sentiment": 0,
            "surprise": "0.02",
            "closePrice": "33.83"
        },
        {
            "fiscalDateEnding": "2021-06-30",
            "totalCurrentAssets": "452527000",
            "cashAndShortTermInvestments": "221934000",
            "totalCurrentLiabilities": "119033000",
            "currentDebt": "None",
            "netIncome": "27669000",
            "capitalExpenditures": "15346000",
            "operatingCashflow": "38495000",
            "grossProfit": "94160000",
            "totalRevenue": "187863000",
            "sentiment": 0,
            "surprise": "0.02",
            "closePrice": "27.12"
        },
        {
            "fiscalDateEnding": "2021-03-31",
            "totalCurrentAssets": "430564000",
            "cashAndShortTermInvestments": "197214000",
            "totalCurrentLiabilities": "116674000",
            "currentDebt": "None",
            "netIncome": "8644000",
            "capitalExpenditures": "14793000",
            "operatingCashflow": "57036000",
            "grossProfit": "87006000",
            "totalRevenue": "173550000",
            "sentiment": 0,
            "surprise": "0.01",
            "closePrice": "25.24"
        },
        {
            "fiscalDateEnding": "2020-12-31",
            "totalCurrentAssets": "378530000",
            "cashAndShortTermInvestments": "157653000",
            "totalCurrentLiabilities": "89119000",
            "currentDebt": "None",
            "netIncome": "-5095000",
            "capitalExpenditures": "7789000",
            "operatingCashflow": "34894000",
            "grossProfit": "74425000",
            "totalRevenue": "155249000",
            "sentiment": 0,
            "surprise": "0.01",
            "closePrice": "32.01"
        },
        {
            "fiscalDateEnding": "2020-09-30",
            "totalCurrentAssets": "407222000",
            "cashAndShortTermInvestments": "201998000",
            "totalCurrentLiabilities": "122942000",
            "currentDebt": "None",
            "netIncome": "9584000",
            "capitalExpenditures": "10117000",
            "operatingCashflow": "2974000",
            "grossProfit": "61770000",
            "totalRevenue": "136649000",
            "sentiment": 0,
            "surprise": "0.1988",
            "closePrice": "22.79"
        }
    ]
}