{
    "ALIT": [
        {
            "fiscalDateEnding": "2023-12-31",
            "totalCurrentAssets": "2776000000",
            "cashAndShortTermInvestments": "358000000",
            "totalCurrentLiabilities": "2187000000",
            "currentDebt": "36000000",
            "netIncome": "-162000000",
            "capitalExpenditures": "33000000",
            "operatingCashflow": "135000000",
            "grossProfit": "369000000",
            "totalRevenue": "925000000",
            "sentiment": 0.412866021810762,
            "surprise": "0.04",
            "closePrice": "9.3"
        },
        {
            "fiscalDateEnding": "2023-09-30",
            "totalCurrentAssets": "2549000000",
            "cashAndShortTermInvestments": "276000000",
            "totalCurrentLiabilities": "2084000000",
            "currentDebt": "39000000",
            "netIncome": "-48000000",
            "capitalExpenditures": "38000000",
            "operatingCashflow": "89000000",
            "grossProfit": "257000000",
            "totalRevenue": "779000000",
            "sentiment": 0.175266,
            "surprise": "0.01",
            "closePrice": "7.34"
        },
        {
            "fiscalDateEnding": "2023-06-30",
            "totalCurrentAssets": "2488000000",
            "cashAndShortTermInvestments": "271000000",
            "totalCurrentLiabilities": "2025000000",
            "currentDebt": "48000000",
            "netIncome": "-67000000",
            "capitalExpenditures": "44000000",
            "operatingCashflow": "90000000",
            "grossProfit": "257000000",
            "totalRevenue": "773000000",
            "sentiment": 0.38826355958912706,
            "surprise": "0.02",
            "closePrice": "9.68"
        },
        {
            "fiscalDateEnding": "2023-03-31",
            "totalCurrentAssets": "2576000000",
            "cashAndShortTermInvestments": "239000000",
            "totalCurrentLiabilities": "2139000000",
            "currentDebt": "50000000",
            "netIncome": "-68000000",
            "capitalExpenditures": "45000000",
            "operatingCashflow": "72000000",
            "grossProfit": "257000000",
            "totalRevenue": "798000000",
            "sentiment": 0.334446628014528,
            "surprise": "0.01",
            "closePrice": "8.51"
        },
        {
            "fiscalDateEnding": "2022-12-31",
            "totalCurrentAssets": "2816000000",
            "cashAndShortTermInvestments": "250000000",
            "totalCurrentLiabilities": "2348000000",
            "currentDebt": "56000000",
            "netIncome": "-65000000",
            "capitalExpenditures": "33000000",
            "operatingCashflow": "85000000",
            "grossProfit": "342000000",
            "totalRevenue": "918000000",
            "sentiment": 0.06409038815962673,
            "surprise": "0",
            "closePrice": "9.2"
        },
        {
            "fiscalDateEnding": "2022-09-30",
            "totalCurrentAssets": "2506000000",
            "cashAndShortTermInvestments": "304000000",
            "totalCurrentLiabilities": "2046000000",
            "currentDebt": "57000000",
            "netIncome": "-37000000",
            "capitalExpenditures": "36000000",
            "operatingCashflow": "83000000",
            "grossProfit": "212000000",
            "totalRevenue": "719000000",
            "sentiment": 0,
            "surprise": "0.06",
            "closePrice": "8.31"
        },
        {
            "fiscalDateEnding": "2022-06-30",
            "totalCurrentAssets": "2437000000",
            "cashAndShortTermInvestments": "272000000",
            "totalCurrentLiabilities": "2005000000",
            "currentDebt": "58000000",
            "netIncome": "51000000",
            "capitalExpenditures": "38000000",
            "operatingCashflow": "99000000",
            "grossProfit": "219000000",
            "totalRevenue": "686000000",
            "sentiment": -0.056421344223604175,
            "surprise": "0",
            "closePrice": "8.26"
        },
        {
            "fiscalDateEnding": "2022-03-31",
            "totalCurrentAssets": "2733000000",
            "cashAndShortTermInvestments": "326000000",
            "totalCurrentLiabilities": "2360000000",
            "currentDebt": "66000000",
            "netIncome": "-11000000",
            "capitalExpenditures": "41000000",
            "operatingCashflow": "19000000",
            "grossProfit": "223000000",
            "totalRevenue": "696000000",
            "sentiment": 0,
            "surprise": "0.02",
            "closePrice": "7.92"
        },
        {
            "fiscalDateEnding": "2021-12-31",
            "totalCurrentAssets": "2469000000",
            "cashAndShortTermInvestments": "372000000",
            "totalCurrentLiabilities": "2125000000",
            "currentDebt": "65000000",
            "netIncome": "72000000",
            "capitalExpenditures": "32000000",
            "operatingCashflow": "64000000",
            "grossProfit": "294000000",
            "totalRevenue": "833000000",
            "sentiment": 0,
            "surprise": "-0.05",
            "closePrice": "10.11"
        },
        {
            "fiscalDateEnding": "2021-09-30",
            "totalCurrentAssets": "2914000000",
            "cashAndShortTermInvestments": "769000000",
            "totalCurrentLiabilities": "2148000000",
            "currentDebt": "71000000",
            "netIncome": "-107000000",
            "capitalExpenditures": "27000000",
            "operatingCashflow": "-7000000",
            "grossProfit": "238000000",
            "totalRevenue": "663000000",
            "sentiment": 0,
            "surprise": "0.05",
            "closePrice": "11.98"
        },
        {
            "fiscalDateEnding": "2021-06-30",
            "totalCurrentAssets": "152466",
            "cashAndShortTermInvestments": "14551",
            "totalCurrentLiabilities": "10050365",
            "currentDebt": "None",
            "netIncome": "-24255480",
            "capitalExpenditures": "28000000",
            "operatingCashflow": "-221573",
            "grossProfit": "-135000000",
            "totalRevenue": "602000000",
            "sentiment": 0,
            "surprise": "None",
            "closePrice": "11.01"
        },
        {
            "fiscalDateEnding": "2021-03-31",
            "totalCurrentAssets": "415288",
            "cashAndShortTermInvestments": "236123",
            "totalCurrentLiabilities": "6096905",
            "currentDebt": "None",
            "netIncome": "78081660",
            "capitalExpenditures": "27000000",
            "operatingCashflow": "-260347",
            "grossProfit": "570000000",
            "totalRevenue": "627000000",
            "sentiment": 0,
            "surprise": "None",
            "closePrice": "10.42"
        },
        {
            "fiscalDateEnding": "2020-12-31",
            "totalCurrentAssets": "2231000000",
            "cashAndShortTermInvestments": "496471",
            "totalCurrentLiabilities": "1785000000",
            "currentDebt": "65000000",
            "netIncome": "-114586707",
            "capitalExpenditures": "19000000",
            "operatingCashflow": "-62899",
            "grossProfit": "1572000000",
            "totalRevenue": "664000000",
            "sentiment": 0,
            "surprise": "None",
            "closePrice": "10.4"
        },
        {
            "fiscalDateEnding": "2020-09-30",
            "totalCurrentAssets": "863887",
            "cashAndShortTermInvestments": "579370",
            "totalCurrentLiabilities": "229065",
            "currentDebt": "None",
            "netIncome": "-39000000",
            "capitalExpenditures": "24000000",
            "operatingCashflow": "-105819",
            "grossProfit": "227000000",
            "totalRevenue": "604000000",
            "sentiment": 0,
            "surprise": "None",
            "closePrice": "10.045"
        },
        {
            "fiscalDateEnding": "2020-06-30",
            "totalCurrentAssets": "1598656",
            "cashAndShortTermInvestments": "1285189",
            "totalCurrentLiabilities": "724650",
            "currentDebt": "None",
            "netIncome": "-31017171",
            "capitalExpenditures": "620000",
            "operatingCashflow": "-334857",
            "grossProfit": "187000000",
            "totalRevenue": "647000000",
            "sentiment": 0,
            "surprise": "-0.24",
            "closePrice": "10.25"
        }
    ]
}