{
    "ALKT": [
        {
            "fiscalDateEnding": "2023-12-31",
            "totalCurrentAssets": "148585000",
            "cashAndShortTermInvestments": "92123000",
            "totalCurrentLiabilities": "39430000",
            "currentDebt": "None",
            "netIncome": "-12713000",
            "capitalExpenditures": "1675000",
            "operatingCashflow": "-5305000",
            "grossProfit": "39949000",
            "totalRevenue": "69090000",
            "sentiment": 0.1933065057488097,
            "surprise": "0",
            "closePrice": "25.81"
        },
        {
            "fiscalDateEnding": "2023-09-30",
            "totalCurrentAssets": "232656000",
            "cashAndShortTermInvestments": "178246000",
            "totalCurrentLiabilities": "49176000",
            "currentDebt": "6375000",
            "netIncome": "-15476000",
            "capitalExpenditures": "1539000",
            "operatingCashflow": "3128000",
            "grossProfit": "36550000",
            "totalRevenue": "65772000",
            "sentiment": 0.3694721958412218,
            "surprise": "-0.14",
            "closePrice": "17.6"
        },
        {
            "fiscalDateEnding": "2023-06-30",
            "totalCurrentAssets": "226308000",
            "cashAndShortTermInvestments": "176306000",
            "totalCurrentLiabilities": "41605000",
            "currentDebt": "5313000",
            "netIncome": "-17761000",
            "capitalExpenditures": "1708000",
            "operatingCashflow": "-5710000",
            "grossProfit": "35474000",
            "totalRevenue": "64037000",
            "sentiment": 0.2369679788431909,
            "surprise": "0.02",
            "closePrice": "16.15"
        },
        {
            "fiscalDateEnding": "2023-03-31",
            "totalCurrentAssets": "236500000",
            "cashAndShortTermInvestments": "185395000",
            "totalCurrentLiabilities": "42101000",
            "currentDebt": "4250000",
            "netIncome": "-16963000",
            "capitalExpenditures": "1370000",
            "operatingCashflow": "-9615000",
            "grossProfit": "32138000",
            "totalRevenue": "58339000",
            "sentiment": 0.33056350226332926,
            "surprise": "0.03",
            "closePrice": "11.32"
        },
        {
            "fiscalDateEnding": "2022-12-31",
            "totalCurrentAssets": "242165000",
            "cashAndShortTermInvestments": "196355000",
            "totalCurrentLiabilities": "41614000",
            "currentDebt": "3188000",
            "netIncome": "-4912000",
            "capitalExpenditures": "960000",
            "operatingCashflow": "-13568000",
            "grossProfit": "28673000",
            "totalRevenue": "54306000",
            "sentiment": 0.46633652076175625,
            "surprise": "0.02",
            "closePrice": "15.89"
        },
        {
            "fiscalDateEnding": "2022-09-30",
            "totalCurrentAssets": "255316000",
            "cashAndShortTermInvestments": "208851000",
            "totalCurrentLiabilities": "40038000",
            "currentDebt": "2125000",
            "netIncome": "-20049000",
            "capitalExpenditures": "786000",
            "operatingCashflow": "-4746000",
            "grossProfit": "27568000",
            "totalRevenue": "52227000",
            "sentiment": 0.45933397162937,
            "surprise": "0.01",
            "closePrice": "13.36"
        },
        {
            "fiscalDateEnding": "2022-06-30",
            "totalCurrentAssets": "261090000",
            "cashAndShortTermInvestments": "213354000",
            "totalCurrentLiabilities": "37444000",
            "currentDebt": "1063000",
            "netIncome": "-20233000",
            "capitalExpenditures": "1414000",
            "operatingCashflow": "-11129000",
            "grossProfit": "27273000",
            "totalRevenue": "49667000",
            "sentiment": -0.030106801305180286,
            "surprise": "0.01",
            "closePrice": "14.66"
        },
        {
            "fiscalDateEnding": "2022-03-31",
            "totalCurrentAssets": "339879000",
            "cashAndShortTermInvestments": "299279000",
            "totalCurrentLiabilities": "34752000",
            "currentDebt": "1875000",
            "netIncome": "-13406000",
            "capitalExpenditures": "1542000",
            "operatingCashflow": "-8345000",
            "grossProfit": "24810000",
            "totalRevenue": "44602000",
            "sentiment": 0,
            "surprise": "0.01",
            "closePrice": "11.71"
        },
        {
            "fiscalDateEnding": "2021-12-31",
            "totalCurrentAssets": "345161000",
            "cashAndShortTermInvestments": "308581000",
            "totalCurrentLiabilities": "33198000",
            "currentDebt": "1563000",
            "netIncome": "-13349000",
            "capitalExpenditures": "1552000",
            "operatingCashflow": "-12157000",
            "grossProfit": "23147000",
            "totalRevenue": "43343000",
            "sentiment": 0,
            "surprise": "0.01",
            "closePrice": "14.32"
        },
        {
            "fiscalDateEnding": "2021-09-30",
            "totalCurrentAssets": "350818000",
            "cashAndShortTermInvestments": "314402000",
            "totalCurrentLiabilities": "36104000",
            "currentDebt": "1250000",
            "netIncome": "-11219000",
            "capitalExpenditures": "1025000",
            "operatingCashflow": "-4514000",
            "grossProfit": "22374000",
            "totalRevenue": "39461000",
            "sentiment": 0,
            "surprise": "0",
            "closePrice": "32.14"
        },
        {
            "fiscalDateEnding": "2021-06-30",
            "totalCurrentAssets": "368194000",
            "cashAndShortTermInvestments": "338477000",
            "totalCurrentLiabilities": "29553000",
            "currentDebt": "938000",
            "netIncome": "-11375000",
            "capitalExpenditures": "696000",
            "operatingCashflow": "-10336000",
            "grossProfit": "20521000",
            "totalRevenue": "36403000",
            "sentiment": 0,
            "surprise": "0",
            "closePrice": "32.2"
        },
        {
            "fiscalDateEnding": "2021-03-31",
            "totalCurrentAssets": "191494000",
            "cashAndShortTermInvestments": "162075000",
            "totalCurrentLiabilities": "28851000",
            "currentDebt": "625000",
            "netIncome": "-10879000",
            "capitalExpenditures": "424000",
            "operatingCashflow": "-1952000",
            "grossProfit": "17765000",
            "totalRevenue": "32952000",
            "sentiment": 0,
            "surprise": "-0.1933",
            "closePrice": "36.03"
        }
    ]
}