{
    "ALRM": [
        {
            "fiscalDateEnding": "2023-12-31",
            "totalCurrentAssets": "956780000",
            "cashAndShortTermInvestments": "696983000",
            "totalCurrentLiabilities": "175337000",
            "currentDebt": "None",
            "netIncome": "31304000",
            "capitalExpenditures": "2596000",
            "operatingCashflow": "39872000",
            "grossProfit": "145022000",
            "totalRevenue": "226237000",
            "sentiment": 0,
            "surprise": "0.15",
            "closePrice": "69.98"
        },
        {
            "fiscalDateEnding": "2023-09-30",
            "totalCurrentAssets": "931169000",
            "cashAndShortTermInvestments": "679969000",
            "totalCurrentLiabilities": "171917000",
            "currentDebt": "None",
            "netIncome": "19524000",
            "capitalExpenditures": "2156000",
            "operatingCashflow": "62826000",
            "grossProfit": "76279000",
            "totalRevenue": "220948000",
            "sentiment": 0,
            "surprise": "0.16",
            "closePrice": "51.47"
        },
        {
            "fiscalDateEnding": "2023-06-30",
            "totalCurrentAssets": "897837000",
            "cashAndShortTermInvestments": "627041000",
            "totalCurrentLiabilities": "165929000",
            "currentDebt": "None",
            "netIncome": "15799000",
            "capitalExpenditures": "6663000",
            "operatingCashflow": "36788000",
            "grossProfit": "76250000",
            "totalRevenue": "223048000",
            "sentiment": 0,
            "surprise": "0.13",
            "closePrice": "49.21"
        },
        {
            "fiscalDateEnding": "2023-03-31",
            "totalCurrentAssets": "880863000",
            "cashAndShortTermInvestments": "606428000",
            "totalCurrentLiabilities": "161230000",
            "currentDebt": "None",
            "netIncome": "14416000",
            "capitalExpenditures": "2760000",
            "operatingCashflow": "-3521000",
            "grossProfit": "69859000",
            "totalRevenue": "208848000",
            "sentiment": 0,
            "surprise": "0.1",
            "closePrice": "47.9"
        },
        {
            "fiscalDateEnding": "2022-12-31",
            "totalCurrentAssets": "891088000",
            "cashAndShortTermInvestments": "622165000",
            "totalCurrentLiabilities": "164936000",
            "currentDebt": "None",
            "netIncome": "18085000",
            "capitalExpenditures": "556000",
            "operatingCashflow": "34446000",
            "grossProfit": "128567000",
            "totalRevenue": "208139000",
            "sentiment": 0,
            "surprise": "0.1",
            "closePrice": "52.24"
        },
        {
            "fiscalDateEnding": "2022-09-30",
            "totalCurrentAssets": "879997000",
            "cashAndShortTermInvestments": "621347000",
            "totalCurrentLiabilities": "151141000",
            "currentDebt": "None",
            "netIncome": "18332000",
            "capitalExpenditures": "1782000",
            "operatingCashflow": "10197000",
            "grossProfit": "71110000",
            "totalRevenue": "215351000",
            "sentiment": 0.128024,
            "surprise": "0.05",
            "closePrice": "55.89"
        },
        {
            "fiscalDateEnding": "2022-06-30",
            "totalCurrentAssets": "885995000",
            "cashAndShortTermInvestments": "643380000",
            "totalCurrentLiabilities": "141386000",
            "currentDebt": "None",
            "netIncome": "10842000",
            "capitalExpenditures": "24131000",
            "operatingCashflow": "26219000",
            "grossProfit": "64707000",
            "totalRevenue": "212060000",
            "sentiment": 0.03025906500792506,
            "surprise": "0.08",
            "closePrice": "72.04"
        },
        {
            "fiscalDateEnding": "2022-03-31",
            "totalCurrentAssets": "888578000",
            "cashAndShortTermInvestments": "671753000",
            "totalCurrentLiabilities": "107469000",
            "currentDebt": "None",
            "netIncome": "9079000",
            "capitalExpenditures": "2171000",
            "operatingCashflow": "-13961000",
            "grossProfit": "59775000",
            "totalRevenue": "204731000",
            "sentiment": 0,
            "surprise": "0.06",
            "closePrice": "60.16"
        },
        {
            "fiscalDateEnding": "2021-12-31",
            "totalCurrentAssets": "917620000",
            "cashAndShortTermInvestments": "710621000",
            "totalCurrentLiabilities": "129339000",
            "currentDebt": "None",
            "netIncome": "9146000",
            "capitalExpenditures": "6485000",
            "operatingCashflow": "19963000",
            "grossProfit": "112904000",
            "totalRevenue": "195290000",
            "sentiment": 0,
            "surprise": "0.11",
            "closePrice": "69.05"
        },
        {
            "fiscalDateEnding": "2021-09-30",
            "totalCurrentAssets": "870767000",
            "cashAndShortTermInvestments": "700307000",
            "totalCurrentLiabilities": "101687000",
            "currentDebt": "None",
            "netIncome": "13538000",
            "capitalExpenditures": "1558000",
            "operatingCashflow": "37886000",
            "grossProfit": "59031000",
            "totalRevenue": "188128000",
            "sentiment": 0,
            "surprise": "0.15",
            "closePrice": "85.88"
        },
        {
            "fiscalDateEnding": "2021-06-30",
            "totalCurrentAssets": "837791000",
            "cashAndShortTermInvestments": "662682000",
            "totalCurrentLiabilities": "104102000",
            "currentDebt": "None",
            "netIncome": "14745000",
            "capitalExpenditures": "3312000",
            "operatingCashflow": "24076000",
            "grossProfit": "56062000",
            "totalRevenue": "184703000",
            "sentiment": 0,
            "surprise": "0.15",
            "closePrice": "85.41"
        },
        {
            "fiscalDateEnding": "2021-03-31",
            "totalCurrentAssets": "795778000",
            "cashAndShortTermInvestments": "642172000",
            "totalCurrentLiabilities": "91073000",
            "currentDebt": "None",
            "netIncome": "14830000",
            "capitalExpenditures": "4069000",
            "operatingCashflow": "21232000",
            "grossProfit": "53939000",
            "totalRevenue": "168956000",
            "sentiment": 0,
            "surprise": "0.12",
            "closePrice": "85.64"
        },
        {
            "fiscalDateEnding": "2020-12-31",
            "totalCurrentAssets": "397414000",
            "cashAndShortTermInvestments": "253459000",
            "totalCurrentLiabilities": "90244000",
            "currentDebt": "None",
            "netIncome": "15967000",
            "capitalExpenditures": "5614000",
            "operatingCashflow": "35410000",
            "grossProfit": "106316000",
            "totalRevenue": "165576000",
            "sentiment": 0,
            "surprise": "0.18",
            "closePrice": "88.74"
        },
        {
            "fiscalDateEnding": "2020-09-30",
            "totalCurrentAssets": "387112000",
            "cashAndShortTermInvestments": "247176000",
            "totalCurrentLiabilities": "82828000",
            "currentDebt": "None",
            "netIncome": "36084000",
            "capitalExpenditures": "3561000",
            "operatingCashflow": "18622000",
            "grossProfit": "54414000",
            "totalRevenue": "158295000",
            "sentiment": 0,
            "surprise": "0.18",
            "closePrice": "65.12"
        },
        {
            "fiscalDateEnding": "2020-06-30",
            "totalCurrentAssets": "348089000",
            "cashAndShortTermInvestments": "205827000",
            "totalCurrentLiabilities": "92769000",
            "currentDebt": "None",
            "netIncome": "16995000",
            "capitalExpenditures": "4297000",
            "operatingCashflow": "35148000",
            "grossProfit": "50762000",
            "totalRevenue": "140769000",
            "sentiment": 0,
            "surprise": "0.1",
            "closePrice": "62.17"
        },
        {
            "fiscalDateEnding": "2020-03-31",
            "totalCurrentAssets": "309301000",
            "cashAndShortTermInvestments": "171732000",
            "totalCurrentLiabilities": "77659000",
            "currentDebt": "8803000",
            "netIncome": "8807000",
            "capitalExpenditures": "3719000",
            "operatingCashflow": "12900000",
            "grossProfit": "49623000",
            "totalRevenue": "151616000",
            "sentiment": 0,
            "surprise": "0.08",
            "closePrice": "47.63"
        },
        {
            "fiscalDateEnding": "2019-12-31",
            "totalCurrentAssets": "243674000",
            "cashAndShortTermInvestments": "119629000",
            "totalCurrentLiabilities": "75795000",
            "currentDebt": "7683000",
            "netIncome": "13035000",
            "capitalExpenditures": "8664000",
            "operatingCashflow": "23265000",
            "grossProfit": "87918000",
            "totalRevenue": "140488000",
            "sentiment": 0,
            "surprise": "0.1",
            "closePrice": "44.76"
        },
        {
            "fiscalDateEnding": "2019-09-30",
            "totalCurrentAssets": "263693000",
            "cashAndShortTermInvestments": "164323000",
            "totalCurrentLiabilities": "56705000",
            "currentDebt": "6684000",
            "netIncome": "17690000",
            "capitalExpenditures": "4952000",
            "operatingCashflow": "980000",
            "grossProfit": "40941000",
            "totalRevenue": "127165000",
            "sentiment": 0,
            "surprise": "0.04",
            "closePrice": "51.53"
        },
        {
            "fiscalDateEnding": "2019-06-30",
            "totalCurrentAssets": "268491000",
            "cashAndShortTermInvestments": "150851000",
            "totalCurrentLiabilities": "83216000",
            "currentDebt": "6549000",
            "netIncome": "13796000",
            "capitalExpenditures": "2746000",
            "operatingCashflow": "24054000",
            "grossProfit": "41677000",
            "totalRevenue": "120874000",
            "sentiment": 0,
            "surprise": "0.08",
            "closePrice": "50.52"
        },
        {
            "fiscalDateEnding": "2019-03-31",
            "totalCurrentAssets": "240581000",
            "cashAndShortTermInvestments": "122442000",
            "totalCurrentLiabilities": "75643000",
            "currentDebt": "None",
            "netIncome": "9010000",
            "capitalExpenditures": "2962000",
            "operatingCashflow": "-1187000",
            "grossProfit": "34869000",
            "totalRevenue": "111487000",
            "sentiment": 0,
            "surprise": "0.03",
            "closePrice": "69.67"
        },
        {
            "fiscalDateEnding": "2018-12-31",
            "totalCurrentAssets": "228063000",
            "cashAndShortTermInvestments": "146061000",
            "totalCurrentLiabilities": "75270000",
            "currentDebt": "None",
            "netIncome": "7928000",
            "capitalExpenditures": "2773000",
            "operatingCashflow": "25732000",
            "grossProfit": "72544000",
            "totalRevenue": "111402000",
            "sentiment": 0,
            "surprise": "0.05",
            "closePrice": "65.63"
        },
        {
            "fiscalDateEnding": "2018-09-30",
            "totalCurrentAssets": "213474000",
            "cashAndShortTermInvestments": "124243000",
            "totalCurrentLiabilities": "73006000",
            "currentDebt": "None",
            "netIncome": "-7652000",
            "capitalExpenditures": "3186000",
            "operatingCashflow": "19774000",
            "grossProfit": "5439000",
            "totalRevenue": "111112000",
            "sentiment": 0,
            "surprise": "0.11",
            "closePrice": "47.25"
        },
        {
            "fiscalDateEnding": "2018-06-30",
            "totalCurrentAssets": "193911000",
            "cashAndShortTermInvestments": "105959000",
            "totalCurrentLiabilities": "45646000",
            "currentDebt": "None",
            "netIncome": "10733000",
            "capitalExpenditures": "3084000",
            "operatingCashflow": "11684000",
            "grossProfit": "29280000",
            "totalRevenue": "103737000",
            "sentiment": 0,
            "surprise": "0.08",
            "closePrice": "44.94"
        },
        {
            "fiscalDateEnding": "2018-03-31",
            "totalCurrentAssets": "174164000",
            "cashAndShortTermInvestments": "96798000",
            "totalCurrentLiabilities": "37341000",
            "currentDebt": "None",
            "netIncome": "10515000",
            "capitalExpenditures": "3047000",
            "operatingCashflow": "3520000",
            "grossProfit": "31671000",
            "totalRevenue": "92057000",
            "sentiment": 0,
            "surprise": "0.07",
            "closePrice": "42.54"
        },
        {
            "fiscalDateEnding": "2017-12-31",
            "totalCurrentAssets": "163936000",
            "cashAndShortTermInvestments": "96329000",
            "totalCurrentLiabilities": "44503000",
            "currentDebt": "None",
            "netIncome": "320000",
            "capitalExpenditures": "2812000",
            "operatingCashflow": "18642000",
            "grossProfit": "60908000",
            "totalRevenue": "88793000",
            "sentiment": 0,
            "surprise": "0.02",
            "closePrice": "38.17"
        },
        {
            "fiscalDateEnding": "2017-09-30",
            "totalCurrentAssets": "155235000",
            "cashAndShortTermInvestments": "84640000",
            "totalCurrentLiabilities": "49129000",
            "currentDebt": "None",
            "netIncome": "15103000",
            "capitalExpenditures": "1938000",
            "operatingCashflow": "13809000",
            "grossProfit": "29000000",
            "totalRevenue": "89304000",
            "sentiment": 0,
            "surprise": "0.07",
            "closePrice": "46.97"
        },
        {
            "fiscalDateEnding": "2017-06-30",
            "totalCurrentAssets": "137196000",
            "cashAndShortTermInvestments": "68916000",
            "totalCurrentLiabilities": "48223000",
            "currentDebt": "None",
            "netIncome": "9865000",
            "capitalExpenditures": "3077000",
            "operatingCashflow": "11767000",
            "grossProfit": "25284000",
            "totalRevenue": "85314000",
            "sentiment": 0,
            "surprise": "0.08",
            "closePrice": "39.51"
        },
        {
            "fiscalDateEnding": "2017-03-31",
            "totalCurrentAssets": "119259000",
            "cashAndShortTermInvestments": "63150000",
            "totalCurrentLiabilities": "41003000",
            "currentDebt": "None",
            "netIncome": "3963000",
            "capitalExpenditures": "2637000",
            "operatingCashflow": "12969000",
            "grossProfit": "18767000",
            "totalRevenue": "73955000",
            "sentiment": 0,
            "surprise": "0.08",
            "closePrice": "32.58"
        },
        {
            "fiscalDateEnding": "2016-12-31",
            "totalCurrentAssets": "190184000",
            "cashAndShortTermInvestments": "140634000",
            "totalCurrentLiabilities": "39699000",
            "currentDebt": "None",
            "netIncome": "2976000",
            "capitalExpenditures": "2945000",
            "operatingCashflow": "11069000",
            "grossProfit": "43079000",
            "totalRevenue": "69794000",
            "sentiment": 0,
            "surprise": "0.07",
            "closePrice": "30.63"
        },
        {
            "fiscalDateEnding": "2016-09-30",
            "totalCurrentAssets": "183549000",
            "cashAndShortTermInvestments": "135050000",
            "totalCurrentLiabilities": "37213000",
            "currentDebt": "None",
            "netIncome": "2567000",
            "capitalExpenditures": "3146000",
            "operatingCashflow": "3591000",
            "grossProfit": "14263000",
            "totalRevenue": "67797000",
            "sentiment": 0,
            "surprise": "0.08",
            "closePrice": "32.37"
        },
        {
            "fiscalDateEnding": "2016-06-30",
            "totalCurrentAssets": "177600000",
            "cashAndShortTermInvestments": "134164000",
            "totalCurrentLiabilities": "35813000",
            "currentDebt": "None",
            "netIncome": "1873000",
            "capitalExpenditures": "2026000",
            "operatingCashflow": "654000",
            "grossProfit": "13538000",
            "totalRevenue": "64376000",
            "sentiment": 0,
            "surprise": "0.04",
            "closePrice": "32.93"
        },
        {
            "fiscalDateEnding": "2016-03-31",
            "totalCurrentAssets": "171552000",
            "cashAndShortTermInvestments": "135845000",
            "totalCurrentLiabilities": "33343000",
            "currentDebt": "None",
            "netIncome": "2738000",
            "capitalExpenditures": "2538000",
            "operatingCashflow": "7286000",
            "grossProfit": "14164000",
            "totalRevenue": "58976000",
            "sentiment": 0,
            "surprise": "0.01",
            "closePrice": "22.6"
        },
        {
            "fiscalDateEnding": "2015-12-31",
            "totalCurrentAssets": "161050000",
            "cashAndShortTermInvestments": "128358000",
            "totalCurrentLiabilities": "29079000",
            "currentDebt": "None",
            "netIncome": "3275000",
            "capitalExpenditures": "3827000",
            "operatingCashflow": "6843000",
            "grossProfit": "56921000",
            "totalRevenue": "56921000",
            "sentiment": 0,
            "surprise": "0.13",
            "closePrice": "17.72"
        },
        {
            "fiscalDateEnding": "2015-09-30",
            "totalCurrentAssets": "166316000",
            "cashAndShortTermInvestments": "126601000",
            "totalCurrentLiabilities": "33503000",
            "currentDebt": "None",
            "netIncome": "2943000",
            "capitalExpenditures": "4508000",
            "operatingCashflow": "13460000",
            "grossProfit": "14133000",
            "totalRevenue": "53963000",
            "sentiment": 0,
            "surprise": "0.12",
            "closePrice": "14.57"
        },
        {
            "fiscalDateEnding": "2015-06-30",
            "totalCurrentAssets": "60228000",
            "cashAndShortTermInvestments": "20883000",
            "totalCurrentLiabilities": "31658000",
            "currentDebt": "None",
            "netIncome": "2509000",
            "capitalExpenditures": "1986000",
            "operatingCashflow": "4253000",
            "grossProfit": "13314000",
            "totalRevenue": "51907000",
            "sentiment": 0,
            "surprise": "0.01",
            "closePrice": "17.47"
        }
    ]
}