{
    "ALTR": [
        {
            "fiscalDateEnding": "2023-12-31",
            "totalCurrentAssets": "700623000",
            "cashAndShortTermInvestments": "467459000",
            "totalCurrentLiabilities": "324110000",
            "currentDebt": "81455000",
            "netIncome": "19675000",
            "capitalExpenditures": "2311000",
            "operatingCashflow": "21651000",
            "grossProfit": "142330000",
            "totalRevenue": "173601000",
            "sentiment": 0.20441473511289762,
            "surprise": "0.05",
            "closePrice": "89.86"
        },
        {
            "fiscalDateEnding": "2023-09-30",
            "totalCurrentAssets": "592006000",
            "cashAndShortTermInvestments": "431188000",
            "totalCurrentLiabilities": "296915000",
            "currentDebt": "81319000",
            "netIncome": "-4362000",
            "capitalExpenditures": "1698000",
            "operatingCashflow": "16427000",
            "grossProfit": "104917000",
            "totalRevenue": "129541000",
            "sentiment": 0.3498310895232841,
            "surprise": "0.1",
            "closePrice": "59.11"
        },
        {
            "fiscalDateEnding": "2023-06-30",
            "totalCurrentAssets": "586781000",
            "cashAndShortTermInvestments": "418338000",
            "totalCurrentLiabilities": "319248000",
            "currentDebt": "81161000",
            "netIncome": "-22280000",
            "capitalExpenditures": "4457000",
            "operatingCashflow": "30030000",
            "grossProfit": "110364000",
            "totalRevenue": "139844000",
            "sentiment": 0.24529912080358598,
            "surprise": "0.01",
            "closePrice": "70.57"
        },
        {
            "fiscalDateEnding": "2023-03-31",
            "totalCurrentAssets": "548602000",
            "cashAndShortTermInvestments": "378377000",
            "totalCurrentLiabilities": "300394000",
            "currentDebt": "81004000",
            "netIncome": "-1959000",
            "capitalExpenditures": "1727000",
            "operatingCashflow": "59199000",
            "grossProfit": "133299000",
            "totalRevenue": "165236000",
            "sentiment": 0.25960661280699043,
            "surprise": "0.07",
            "closePrice": "66.89"
        },
        {
            "fiscalDateEnding": "2022-12-31",
            "totalCurrentAssets": "526826000",
            "cashAndShortTermInvestments": "316146000",
            "totalCurrentLiabilities": "232738000",
            "currentDebt": "77000",
            "netIncome": "12065000",
            "capitalExpenditures": "2927000",
            "operatingCashflow": "13036000",
            "grossProfit": "126579000",
            "totalRevenue": "165971000",
            "sentiment": 0.2916623869929791,
            "surprise": "0.12",
            "closePrice": "56.57"
        },
        {
            "fiscalDateEnding": "2022-09-30",
            "totalCurrentAssets": "465731000",
            "cashAndShortTermInvestments": "311853000",
            "totalCurrentLiabilities": "198476000",
            "currentDebt": "None",
            "netIncome": "-33248000",
            "capitalExpenditures": "3264000",
            "operatingCashflow": "8493000",
            "grossProfit": "91442000",
            "totalRevenue": "113970000",
            "sentiment": 0.39366359890413694,
            "surprise": "0.04",
            "closePrice": "45.53"
        },
        {
            "fiscalDateEnding": "2022-06-30",
            "totalCurrentAssets": "554314000",
            "cashAndShortTermInvestments": "416137000",
            "totalCurrentLiabilities": "187064000",
            "currentDebt": "None",
            "netIncome": "-33774000",
            "capitalExpenditures": "1267000",
            "operatingCashflow": "12255000",
            "grossProfit": "103133000",
            "totalRevenue": "126215000",
            "sentiment": -0.03491759599897522,
            "surprise": "0.04",
            "closePrice": "60.88"
        },
        {
            "fiscalDateEnding": "2022-03-31",
            "totalCurrentAssets": "555674000",
            "cashAndShortTermInvestments": "405578000",
            "totalCurrentLiabilities": "430741000",
            "currentDebt": "226187000",
            "netIncome": "11528000",
            "capitalExpenditures": "2190000",
            "operatingCashflow": "5786000",
            "grossProfit": "128178000",
            "totalRevenue": "157283000",
            "sentiment": -0.0318571686796021,
            "surprise": "0.08",
            "closePrice": "53.74"
        },
        {
            "fiscalDateEnding": "2021-12-31",
            "totalCurrentAssets": "588221000",
            "cashAndShortTermInvestments": "413743000",
            "totalCurrentLiabilities": "473978000",
            "currentDebt": "199900000",
            "netIncome": "-1397000",
            "capitalExpenditures": "1038000",
            "operatingCashflow": "6029000",
            "grossProfit": "108000000",
            "totalRevenue": "138569000",
            "sentiment": 0,
            "surprise": "0.1",
            "closePrice": "61.63"
        },
        {
            "fiscalDateEnding": "2021-09-30",
            "totalCurrentAssets": "579505000",
            "cashAndShortTermInvestments": "455858000",
            "totalCurrentLiabilities": "347896000",
            "currentDebt": "196796000",
            "netIncome": "-8109000",
            "capitalExpenditures": "1420000",
            "operatingCashflow": "872000",
            "grossProfit": "89806000",
            "totalRevenue": "118044000",
            "sentiment": 0,
            "surprise": "0.1",
            "closePrice": "80.73"
        },
        {
            "fiscalDateEnding": "2021-06-30",
            "totalCurrentAssets": "382647000",
            "cashAndShortTermInvestments": "260098000",
            "totalCurrentLiabilities": "356210000",
            "currentDebt": "193926000",
            "netIncome": "-13648000",
            "capitalExpenditures": "2352000",
            "operatingCashflow": "18151000",
            "grossProfit": "87966000",
            "totalRevenue": "116137000",
            "sentiment": 0,
            "surprise": "0.06",
            "closePrice": "70.79"
        },
        {
            "fiscalDateEnding": "2021-03-31",
            "totalCurrentAssets": "378756000",
            "cashAndShortTermInvestments": "243364000",
            "totalCurrentLiabilities": "359390000",
            "currentDebt": "191488000",
            "netIncome": "14360000",
            "capitalExpenditures": "3383000",
            "operatingCashflow": "36571000",
            "grossProfit": "116741000",
            "totalRevenue": "146261000",
            "sentiment": 0,
            "surprise": "0.1",
            "closePrice": "64.95"
        },
        {
            "fiscalDateEnding": "2020-12-31",
            "totalCurrentAssets": "386935000",
            "cashAndShortTermInvestments": "241221000",
            "totalCurrentLiabilities": "200754000",
            "currentDebt": "30384000",
            "netIncome": "2198000",
            "capitalExpenditures": "3787000",
            "operatingCashflow": "5503000",
            "grossProfit": "100750000",
            "totalRevenue": "129710000",
            "sentiment": 0,
            "surprise": "0.1713",
            "closePrice": "57.67"
        },
        {
            "fiscalDateEnding": "2020-09-30",
            "totalCurrentAssets": "359803000",
            "cashAndShortTermInvestments": "245364000",
            "totalCurrentLiabilities": "149488000",
            "currentDebt": "430000",
            "netIncome": "-8505000",
            "capitalExpenditures": "1476000",
            "operatingCashflow": "-6022000",
            "grossProfit": "77420000",
            "totalRevenue": "104213000",
            "sentiment": 0,
            "surprise": "0.0846",
            "closePrice": "47.58"
        },
        {
            "fiscalDateEnding": "2020-06-30",
            "totalCurrentAssets": "351954000",
            "cashAndShortTermInvestments": "250540000",
            "totalCurrentLiabilities": "146074000",
            "currentDebt": "456000",
            "netIncome": "-10223000",
            "capitalExpenditures": "886000",
            "operatingCashflow": "5365000",
            "grossProfit": "73480000",
            "totalRevenue": "95014000",
            "sentiment": 0,
            "surprise": "0",
            "closePrice": "41.14"
        },
        {
            "fiscalDateEnding": "2020-03-31",
            "totalCurrentAssets": "357471000",
            "cashAndShortTermInvestments": "247145000",
            "totalCurrentLiabilities": "150640000",
            "currentDebt": "430000",
            "netIncome": "6030000",
            "capitalExpenditures": "2077000",
            "operatingCashflow": "28036000",
            "grossProfit": "96966000",
            "totalRevenue": "129386000",
            "sentiment": 0,
            "surprise": "0.02",
            "closePrice": "32.65"
        },
        {
            "fiscalDateEnding": "2019-12-31",
            "totalCurrentAssets": "352457000",
            "cashAndShortTermInvestments": "223117000",
            "totalCurrentLiabilities": "152866000",
            "currentDebt": "430000",
            "netIncome": "-1502000",
            "capitalExpenditures": "1540000",
            "operatingCashflow": "1388000",
            "grossProfit": "86927000",
            "totalRevenue": "128157000",
            "sentiment": 0,
            "surprise": "0.04",
            "closePrice": "33.205"
        },
        {
            "fiscalDateEnding": "2019-09-30",
            "totalCurrentAssets": "360948000",
            "cashAndShortTermInvestments": "246937000",
            "totalCurrentLiabilities": "143256000",
            "currentDebt": "437000",
            "netIncome": "-15939000",
            "capitalExpenditures": "1582000",
            "operatingCashflow": "-1863000",
            "grossProfit": "68665000",
            "totalRevenue": "97166000",
            "sentiment": 0,
            "surprise": "-0.14",
            "closePrice": "37.47"
        },
        {
            "fiscalDateEnding": "2019-06-30",
            "totalCurrentAssets": "364363000",
            "cashAndShortTermInvestments": "251828000",
            "totalCurrentLiabilities": "141067000",
            "currentDebt": "472000",
            "netIncome": "-3120000",
            "capitalExpenditures": "2084000",
            "operatingCashflow": "6553000",
            "grossProfit": "75750000",
            "totalRevenue": "106420000",
            "sentiment": 0,
            "surprise": "-0.01",
            "closePrice": "41.99"
        },
        {
            "fiscalDateEnding": "2019-03-31",
            "totalCurrentAssets": "155631000",
            "cashAndShortTermInvestments": "39771000",
            "totalCurrentLiabilities": "143069000",
            "currentDebt": "453000",
            "netIncome": "13019000",
            "capitalExpenditures": "4927000",
            "operatingCashflow": "25315000",
            "grossProfit": "94974000",
            "totalRevenue": "127859000",
            "sentiment": 0,
            "surprise": "0.04",
            "closePrice": "37.17"
        },
        {
            "fiscalDateEnding": "2018-12-31",
            "totalCurrentAssets": "154034000",
            "cashAndShortTermInvestments": "35345000",
            "totalCurrentLiabilities": "127232000",
            "currentDebt": "331000",
            "netIncome": "-9003000",
            "capitalExpenditures": "1315000",
            "operatingCashflow": "-4192000",
            "grossProfit": "72740000",
            "totalRevenue": "115211000",
            "sentiment": 0,
            "surprise": "-0.04",
            "closePrice": "35.46"
        },
        {
            "fiscalDateEnding": "2018-09-30",
            "totalCurrentAssets": "289683000",
            "cashAndShortTermInvestments": "197413000",
            "totalCurrentLiabilities": "192786000",
            "currentDebt": "400000",
            "netIncome": "934000",
            "capitalExpenditures": "2203000",
            "operatingCashflow": "3109000",
            "grossProfit": "59547000",
            "totalRevenue": "93871000",
            "sentiment": 0,
            "surprise": "0.01",
            "closePrice": "33.62"
        },
        {
            "fiscalDateEnding": "2018-06-30",
            "totalCurrentAssets": "295359000",
            "cashAndShortTermInvestments": "199230000",
            "totalCurrentLiabilities": "210286000",
            "currentDebt": "390000",
            "netIncome": "-1080000",
            "capitalExpenditures": "3831000",
            "operatingCashflow": "10624000",
            "grossProfit": "63904000",
            "totalRevenue": "95566000",
            "sentiment": 0,
            "surprise": "0.01",
            "closePrice": "36.54"
        },
        {
            "fiscalDateEnding": "2018-03-31",
            "totalCurrentAssets": "167643000",
            "cashAndShortTermInvestments": "63196000",
            "totalCurrentLiabilities": "218679000",
            "currentDebt": "294000",
            "netIncome": "24684000",
            "capitalExpenditures": "2037000",
            "operatingCashflow": "26689000",
            "grossProfit": "84215000",
            "totalRevenue": "113257000",
            "sentiment": 0,
            "surprise": "0.05",
            "closePrice": "31.27"
        },
        {
            "fiscalDateEnding": "2017-12-31",
            "totalCurrentAssets": "143888000",
            "cashAndShortTermInvestments": "39213000",
            "totalCurrentLiabilities": "197463000",
            "currentDebt": "232000",
            "netIncome": "-60347000",
            "capitalExpenditures": "3275000",
            "operatingCashflow": "-1364000",
            "grossProfit": "63250000",
            "totalRevenue": "89867000",
            "sentiment": 0,
            "surprise": "0.12",
            "closePrice": "31.46"
        },
        {
            "fiscalDateEnding": "2017-09-30",
            "totalCurrentAssets": "99354000",
            "cashAndShortTermInvestments": "16667000",
            "totalCurrentLiabilities": "191786000",
            "currentDebt": "10147000",
            "netIncome": "-29626000",
            "capitalExpenditures": "2032000",
            "operatingCashflow": "-8662000",
            "grossProfit": "58636000",
            "totalRevenue": "84938000",
            "sentiment": 0,
            "surprise": "-0.13",
            "closePrice": "22.39"
        }
    ]
}