{
    "AMAT": [
        {
            "fiscalDateEnding": "2024-01-28",
            "totalCurrentAssets": "19182000000",
            "cashAndShortTermInvestments": "7492000000",
            "totalCurrentLiabilities": "7076000000",
            "currentDebt": "203000000",
            "netIncome": "2019000000",
            "capitalExpenditures": "229000000",
            "operatingCashflow": "2325000000",
            "grossProfit": "3204000000",
            "totalRevenue": "6680000000",
            "sentiment": 0.15882968853695323,
            "surprise": "0.22",
            "closePrice": "187.345018620509"
        },
        {
            "fiscalDateEnding": "2023-10-29",
            "totalCurrentAssets": "19147000000",
            "cashAndShortTermInvestments": "6869000000",
            "totalCurrentLiabilities": "7372000000",
            "currentDebt": "202000000",
            "netIncome": "2004000000",
            "capitalExpenditures": "309000000",
            "operatingCashflow": "1555000000",
            "grossProfit": "3169000000",
            "totalRevenue": "6661000000",
            "sentiment": 0.21475246250806498,
            "surprise": "0.12",
            "closePrice": "154.220009110985"
        },
        {
            "fiscalDateEnding": "2023-07-30",
            "totalCurrentAssets": "18879000000",
            "cashAndShortTermInvestments": "6535000000",
            "totalCurrentLiabilities": "8224000000",
            "currentDebt": "214000000",
            "netIncome": "1560000000",
            "capitalExpenditures": "255000000",
            "operatingCashflow": "2583000000",
            "grossProfit": "2976000000",
            "totalRevenue": "6389000000",
            "sentiment": 0.14645627558480662,
            "surprise": "0.16",
            "closePrice": "136.769916901735"
        },
        {
            "fiscalDateEnding": "2023-04-30",
            "totalCurrentAssets": "17773000000",
            "cashAndShortTermInvestments": "5098000000",
            "totalCurrentLiabilities": "7871000000",
            "currentDebt": "214000000",
            "netIncome": "1575000000",
            "capitalExpenditures": "255000000",
            "operatingCashflow": "2292000000",
            "grossProfit": "3094000000",
            "totalRevenue": "6581000000",
            "sentiment": 0.20903673476217818,
            "surprise": "0.16",
            "closePrice": "128.807028833863"
        },
        {
            "fiscalDateEnding": "2023-01-29",
            "totalCurrentAssets": "16715000000",
            "cashAndShortTermInvestments": "4047000000",
            "totalCurrentLiabilities": "7250000000",
            "currentDebt": "199000000",
            "netIncome": "1717000000",
            "capitalExpenditures": "287000000",
            "operatingCashflow": "2270000000",
            "grossProfit": "3145000000",
            "totalRevenue": "6643000000",
            "sentiment": 0.2547927493942524,
            "surprise": "0.1",
            "closePrice": "114.13273484719"
        },
        {
            "fiscalDateEnding": "2022-10-30",
            "totalCurrentAssets": "15925000000",
            "cashAndShortTermInvestments": "2581000000",
            "totalCurrentLiabilities": "7379000000",
            "currentDebt": "0",
            "netIncome": "1591000000",
            "capitalExpenditures": "223000000",
            "operatingCashflow": "857000000",
            "grossProfit": "3101000000",
            "totalRevenue": "6706000000",
            "sentiment": 0.1479334444216739,
            "surprise": "0.3",
            "closePrice": "103.063059559458"
        },
        {
            "fiscalDateEnding": "2022-07-31",
            "totalCurrentAssets": "15434000000",
            "cashAndShortTermInvestments": "3548000000",
            "totalCurrentLiabilities": "6833000000",
            "currentDebt": "None",
            "netIncome": "1606000000",
            "capitalExpenditures": "210000000",
            "operatingCashflow": "1469000000",
            "grossProfit": "3006000000",
            "totalRevenue": "6484000000",
            "sentiment": -0.011287654479908756,
            "surprise": "0.15",
            "closePrice": "106.559308595348"
        },
        {
            "fiscalDateEnding": "2022-05-01",
            "totalCurrentAssets": "15244000000",
            "cashAndShortTermInvestments": "3922000000",
            "totalCurrentLiabilities": "6650000000",
            "currentDebt": "None",
            "netIncome": "1536000000",
            "capitalExpenditures": "210000000",
            "operatingCashflow": "415000000",
            "grossProfit": "2927000000",
            "totalRevenue": "6194000000",
            "sentiment": 0.021080138569365768,
            "surprise": "-0.05",
            "closePrice": "108.729803356678"
        },
        {
            "fiscalDateEnding": "2022-01-30",
            "totalCurrentAssets": "15707000000",
            "cashAndShortTermInvestments": "5737000000",
            "totalCurrentLiabilities": "6264000000",
            "currentDebt": "None",
            "netIncome": "1792000000",
            "capitalExpenditures": "144000000",
            "operatingCashflow": "2658000000",
            "grossProfit": "2959000000",
            "totalRevenue": "6206000000",
            "sentiment": 0,
            "surprise": "0.04",
            "closePrice": "138.146706852719"
        },
        {
            "fiscalDateEnding": "2021-10-31",
            "totalCurrentAssets": "16107000000",
            "cashAndShortTermInvestments": "5459000000",
            "totalCurrentLiabilities": "6344000000",
            "currentDebt": "None",
            "netIncome": "1712000000",
            "capitalExpenditures": "206000000",
            "operatingCashflow": "1148000000",
            "grossProfit": "2945000000",
            "totalRevenue": "6021000000",
            "sentiment": 0,
            "surprise": "-0.01",
            "closePrice": "155.321686122"
        },
        {
            "fiscalDateEnding": "2021-08-01",
            "totalCurrentAssets": "15248000000",
            "cashAndShortTermInvestments": "6510000000",
            "totalCurrentLiabilities": "5125000000",
            "currentDebt": "None",
            "netIncome": "1716000000",
            "capitalExpenditures": "137000000",
            "operatingCashflow": "1686000000",
            "grossProfit": "2967000000",
            "totalRevenue": "6148000000",
            "sentiment": 0,
            "surprise": "0.13",
            "closePrice": "126.189782249098"
        },
        {
            "fiscalDateEnding": "2021-05-02",
            "totalCurrentAssets": "14971000000",
            "cashAndShortTermInvestments": "6765000000",
            "totalCurrentLiabilities": "4822000000",
            "currentDebt": "None",
            "netIncome": "1330000000",
            "capitalExpenditures": "204000000",
            "operatingCashflow": "1187000000",
            "grossProfit": "2653000000",
            "totalRevenue": "5549000000",
            "sentiment": 0,
            "surprise": "0.12",
            "closePrice": "127.051186470091"
        },
        {
            "fiscalDateEnding": "2021-01-31",
            "totalCurrentAssets": "14269000000",
            "cashAndShortTermInvestments": "6623000000",
            "totalCurrentLiabilities": "4504000000",
            "currentDebt": "None",
            "netIncome": "1130000000",
            "capitalExpenditures": "121000000",
            "operatingCashflow": "1421000000",
            "grossProfit": "2349000000",
            "totalRevenue": "5162000000",
            "sentiment": 0,
            "surprise": "0.11",
            "closePrice": "110.395563273398"
        },
        {
            "fiscalDateEnding": "2020-10-25",
            "totalCurrentAssets": "13369000000",
            "cashAndShortTermInvestments": "5738000000",
            "totalCurrentLiabilities": "4459000000",
            "currentDebt": "None",
            "netIncome": "1131000000",
            "capitalExpenditures": "162000000",
            "operatingCashflow": "1315000000",
            "grossProfit": "2130000000",
            "totalRevenue": "4688000000",
            "sentiment": 0,
            "surprise": "0.08",
            "closePrice": "67.7359079496803"
        },
        {
            "fiscalDateEnding": "2020-07-26",
            "totalCurrentAssets": "12248000000",
            "cashAndShortTermInvestments": "4756000000",
            "totalCurrentLiabilities": "4285000000",
            "currentDebt": "None",
            "netIncome": "841000000",
            "capitalExpenditures": "87000000",
            "operatingCashflow": "867000000",
            "grossProfit": "1955000000",
            "totalRevenue": "4395000000",
            "sentiment": 0,
            "surprise": "0.11",
            "closePrice": "62.9355819341427"
        },
        {
            "fiscalDateEnding": "2020-04-26",
            "totalCurrentAssets": "12735000000",
            "cashAndShortTermInvestments": "5704000000",
            "totalCurrentLiabilities": "4765000000",
            "currentDebt": "659000000",
            "netIncome": "755000000",
            "capitalExpenditures": "71000000",
            "operatingCashflow": "635000000",
            "grossProfit": "1749000000",
            "totalRevenue": "3957000000",
            "sentiment": 0,
            "surprise": "-0.05",
            "closePrice": "52.4417600820391"
        },
        {
            "fiscalDateEnding": "2020-01-26",
            "totalCurrentAssets": "10769000000",
            "cashAndShortTermInvestments": "3960000000",
            "totalCurrentLiabilities": "4569000000",
            "currentDebt": "644000000",
            "netIncome": "892000000",
            "capitalExpenditures": "102000000",
            "operatingCashflow": "987000000",
            "grossProfit": "1858000000",
            "totalRevenue": "4162000000",
            "sentiment": 0,
            "surprise": "0.05",
            "closePrice": "62.7798105262846"
        },
        {
            "fiscalDateEnding": "2019-10-27",
            "totalCurrentAssets": "10206000000",
            "cashAndShortTermInvestments": "3618000000",
            "totalCurrentLiabilities": "4447000000",
            "currentDebt": "1200000000",
            "netIncome": "698000000",
            "capitalExpenditures": "97000000",
            "operatingCashflow": "826000000",
            "grossProfit": "1634000000",
            "totalRevenue": "3754000000",
            "sentiment": 0,
            "surprise": "0.04",
            "closePrice": "54.5111358842905"
        },
        {
            "fiscalDateEnding": "2019-07-28",
            "totalCurrentAssets": "10042000000",
            "cashAndShortTermInvestments": "3561000000",
            "totalCurrentLiabilities": "3785000000",
            "currentDebt": "None",
            "netIncome": "571000000",
            "capitalExpenditures": "93000000",
            "operatingCashflow": "787000000",
            "grossProfit": "1557000000",
            "totalRevenue": "3562000000",
            "sentiment": 0,
            "surprise": "0.04",
            "closePrice": "44.9309801154005"
        },
        {
            "fiscalDateEnding": "2019-04-28",
            "totalCurrentAssets": "10062000000",
            "cashAndShortTermInvestments": "3623000000",
            "totalCurrentLiabilities": "3605000000",
            "currentDebt": "None",
            "netIncome": "666000000",
            "capitalExpenditures": "118000000",
            "operatingCashflow": "800000000",
            "grossProfit": "1530000000",
            "totalRevenue": "3539000000",
            "sentiment": 0,
            "surprise": "0.04",
            "closePrice": "39.4861443680623"
        },
        {
            "fiscalDateEnding": "2019-01-27",
            "totalCurrentAssets": "10285000000",
            "cashAndShortTermInvestments": "3712000000",
            "totalCurrentLiabilities": "3776000000",
            "currentDebt": "None",
            "netIncome": "771000000",
            "capitalExpenditures": "133000000",
            "operatingCashflow": "834000000",
            "grossProfit": "1665000000",
            "totalRevenue": "3753000000",
            "sentiment": 0,
            "surprise": "0.02",
            "closePrice": "38.3888503089446"
        },
        {
            "fiscalDateEnding": "2018-10-28",
            "totalCurrentAssets": "10604000000",
            "cashAndShortTermInvestments": "4030000000",
            "totalCurrentLiabilities": "3922000000",
            "currentDebt": "0",
            "netIncome": "757000000",
            "capitalExpenditures": "165000000",
            "operatingCashflow": "1077000000",
            "grossProfit": "1657000000",
            "totalRevenue": "3759000000",
            "sentiment": 0,
            "surprise": "0",
            "closePrice": "32.836650412968"
        },
        {
            "fiscalDateEnding": "2018-07-29",
            "totalCurrentAssets": "10889000000",
            "cashAndShortTermInvestments": "3984000000",
            "totalCurrentLiabilities": "4322000000",
            "currentDebt": "None",
            "netIncome": "1016000000",
            "capitalExpenditures": "133000000",
            "operatingCashflow": "633000000",
            "grossProfit": "1864000000",
            "totalRevenue": "4162000000",
            "sentiment": 0,
            "surprise": "0.03",
            "closePrice": "44.2669982432247"
        },
        {
            "fiscalDateEnding": "2018-04-29",
            "totalCurrentAssets": "11891000000",
            "cashAndShortTermInvestments": "5352000000",
            "totalCurrentLiabilities": "4580000000",
            "currentDebt": "None",
            "netIncome": "1100000000",
            "capitalExpenditures": "121000000",
            "operatingCashflow": "611000000",
            "grossProfit": "2056000000",
            "totalRevenue": "4579000000",
            "sentiment": 0,
            "surprise": "0.08",
            "closePrice": "50.1622332558275"
        },
        {
            "fiscalDateEnding": "2018-01-28",
            "totalCurrentAssets": "13029000000",
            "cashAndShortTermInvestments": "7454000000",
            "totalCurrentLiabilities": "4399000000",
            "currentDebt": "None",
            "netIncome": "165000000",
            "capitalExpenditures": "203000000",
            "operatingCashflow": "1466000000",
            "grossProfit": "1940000000",
            "totalRevenue": "4205000000",
            "sentiment": 0,
            "surprise": "0.08",
            "closePrice": "48.2178951367607"
        },
        {
            "fiscalDateEnding": "2017-10-29",
            "totalCurrentAssets": "12918000000",
            "cashAndShortTermInvestments": "7276000000",
            "totalCurrentLiabilities": "4115000000",
            "currentDebt": "None",
            "netIncome": "982000000",
            "capitalExpenditures": "124000000",
            "operatingCashflow": "709000000",
            "grossProfit": "1787000000",
            "totalRevenue": "3969000000",
            "sentiment": 0,
            "surprise": "0.02",
            "closePrice": "53.5815292175941"
        },
        {
            "fiscalDateEnding": "2017-07-30",
            "totalCurrentAssets": "12731000000",
            "cashAndShortTermInvestments": "7231000000",
            "totalCurrentLiabilities": "4371000000",
            "currentDebt": "None",
            "netIncome": "925000000",
            "capitalExpenditures": "80000000",
            "operatingCashflow": "1377000000",
            "grossProfit": "1700000000",
            "totalRevenue": "3744000000",
            "sentiment": 0,
            "surprise": "0.02",
            "closePrice": "39.8556254674046"
        },
        {
            "fiscalDateEnding": "2017-04-30",
            "totalCurrentAssets": "12018000000",
            "cashAndShortTermInvestments": "6744000000",
            "totalCurrentLiabilities": "4097000000",
            "currentDebt": "None",
            "netIncome": "824000000",
            "capitalExpenditures": "77000000",
            "operatingCashflow": "911000000",
            "grossProfit": "1600000000",
            "totalRevenue": "3546000000",
            "sentiment": 0,
            "surprise": "0.03",
            "closePrice": "40.4956483057535"
        },
        {
            "fiscalDateEnding": "2017-01-29",
            "totalCurrentAssets": "9094000000",
            "cashAndShortTermInvestments": "4147000000",
            "totalCurrentLiabilities": "3808000000",
            "currentDebt": "None",
            "netIncome": "703000000",
            "capitalExpenditures": "64000000",
            "operatingCashflow": "792000000",
            "grossProfit": "1445000000",
            "totalRevenue": "3278000000",
            "sentiment": 0,
            "surprise": "0.01",
            "closePrice": "32.6388679726311"
        },
        {
            "fiscalDateEnding": "2016-10-30",
            "totalCurrentAssets": "8353000000",
            "cashAndShortTermInvestments": "3749000000",
            "totalCurrentLiabilities": "3632000000",
            "currentDebt": "None",
            "netIncome": "610000000",
            "capitalExpenditures": "88000000",
            "operatingCashflow": "897000000",
            "grossProfit": "1399000000",
            "totalRevenue": "3414000000",
            "sentiment": 0,
            "surprise": "0.01",
            "closePrice": "28.1723124898774"
        },
        {
            "fiscalDateEnding": "2016-07-31",
            "totalCurrentAssets": "7399000000",
            "cashAndShortTermInvestments": "3266000000",
            "totalCurrentLiabilities": "2964000000",
            "currentDebt": "None",
            "netIncome": "505000000",
            "capitalExpenditures": "50000000",
            "operatingCashflow": "981000000",
            "grossProfit": "1192000000",
            "totalRevenue": "2783000000",
            "sentiment": 0,
            "surprise": "0.02",
            "closePrice": "25.2917204497637"
        },
        {
            "fiscalDateEnding": "2016-05-01",
            "totalCurrentAssets": "6728000000",
            "cashAndShortTermInvestments": "2640000000",
            "totalCurrentLiabilities": "2611000000",
            "currentDebt": "None",
            "netIncome": "320000000",
            "capitalExpenditures": "47000000",
            "operatingCashflow": "481000000",
            "grossProfit": "1004000000",
            "totalRevenue": "2450000000",
            "sentiment": 0,
            "surprise": "0.02",
            "closePrice": "18.1150118735652"
        },
        {
            "fiscalDateEnding": "2016-01-31",
            "totalCurrentAssets": "6910000000",
            "cashAndShortTermInvestments": "3116000000",
            "totalCurrentLiabilities": "2307000000",
            "currentDebt": "None",
            "netIncome": "286000000",
            "capitalExpenditures": "68000000",
            "operatingCashflow": "207000000",
            "grossProfit": "916000000",
            "totalRevenue": "2215000000",
            "sentiment": 0,
            "surprise": "0.01",
            "closePrice": "15.5380925451942"
        },
        {
            "fiscalDateEnding": "2015-10-25",
            "totalCurrentAssets": "9261000000",
            "cashAndShortTermInvestments": "4965000000",
            "totalCurrentLiabilities": "3798000000",
            "currentDebt": "None",
            "netIncome": "336000000",
            "capitalExpenditures": "51000000",
            "operatingCashflow": "471000000",
            "grossProfit": "959000000",
            "totalRevenue": "2368000000",
            "sentiment": 0,
            "surprise": "0",
            "closePrice": "14.8754213605575"
        },
        {
            "fiscalDateEnding": "2015-07-26",
            "totalCurrentAssets": "7043000000",
            "cashAndShortTermInvestments": "2743000000",
            "totalCurrentLiabilities": "3020000000",
            "currentDebt": "None",
            "netIncome": "329000000",
            "capitalExpenditures": "51000000",
            "operatingCashflow": "334000000",
            "grossProfit": "1018000000",
            "totalRevenue": "2463000000",
            "sentiment": 0,
            "surprise": "0",
            "closePrice": "15.2511084905295"
        },
        {
            "fiscalDateEnding": "2015-04-26",
            "totalCurrentAssets": "7447000000",
            "cashAndShortTermInvestments": "3230000000",
            "totalCurrentLiabilities": "2696000000",
            "currentDebt": "None",
            "netIncome": "364000000",
            "capitalExpenditures": "64000000",
            "operatingCashflow": "298000000",
            "grossProfit": "1016000000",
            "totalRevenue": "2432000000",
            "sentiment": 0,
            "surprise": "0.01",
            "closePrice": "17.6762090308921"
        },
        {
            "fiscalDateEnding": "2015-01-25",
            "totalCurrentAssets": "6933000000",
            "cashAndShortTermInvestments": "3087000000",
            "totalCurrentLiabilities": "2521000000",
            "currentDebt": "None",
            "netIncome": "348000000",
            "capitalExpenditures": "49000000",
            "operatingCashflow": "60000000",
            "grossProfit": "959000000",
            "totalRevenue": "2435000000",
            "sentiment": 0,
            "surprise": "0",
            "closePrice": "21.5032372060188"
        },
        {
            "fiscalDateEnding": "2014-10-26",
            "totalCurrentAssets": "6967000000",
            "cashAndShortTermInvestments": "3162000000",
            "totalCurrentLiabilities": "2823000000",
            "currentDebt": "None",
            "netIncome": "256000000",
            "capitalExpenditures": "63000000",
            "operatingCashflow": "407000000",
            "grossProfit": "959000000",
            "totalRevenue": "2264000000",
            "sentiment": 0,
            "surprise": "0",
            "closePrice": "19.9615830634386"
        },
        {
            "fiscalDateEnding": "2014-07-27",
            "totalCurrentAssets": "6640000000",
            "cashAndShortTermInvestments": "2871000000",
            "totalCurrentLiabilities": "2755000000",
            "currentDebt": "None",
            "netIncome": "301000000",
            "capitalExpenditures": "65000000",
            "operatingCashflow": "584000000",
            "grossProfit": "992000000",
            "totalRevenue": "2230000000",
            "sentiment": 0,
            "surprise": "0.01",
            "closePrice": "18.5800814986389"
        },
        {
            "fiscalDateEnding": "2014-04-27",
            "totalCurrentAssets": "6401000000",
            "cashAndShortTermInvestments": "2599000000",
            "totalCurrentLiabilities": "2662000000",
            "currentDebt": "None",
            "netIncome": "262000000",
            "capitalExpenditures": "65000000",
            "operatingCashflow": "437000000",
            "grossProfit": "1001000000",
            "totalRevenue": "2304000000",
            "sentiment": 0,
            "surprise": "0",
            "closePrice": "16.3367757077081"
        },
        {
            "fiscalDateEnding": "2014-01-26",
            "totalCurrentAssets": "6014000000",
            "cashAndShortTermInvestments": "2289000000",
            "totalCurrentLiabilities": "2477000000",
            "currentDebt": "None",
            "netIncome": "253000000",
            "capitalExpenditures": "48000000",
            "operatingCashflow": "372000000",
            "grossProfit": "891000000",
            "totalRevenue": "2204000000",
            "sentiment": 0,
            "surprise": "0.01",
            "closePrice": "15.5728488265184"
        },
        {
            "fiscalDateEnding": "2013-10-27",
            "totalCurrentAssets": "5642000000",
            "cashAndShortTermInvestments": "1891000000",
            "totalCurrentLiabilities": "2443000000",
            "currentDebt": "None",
            "netIncome": "183000000",
            "capitalExpenditures": "56000000",
            "operatingCashflow": "19000000",
            "grossProfit": "795000000",
            "totalRevenue": "1988000000",
            "sentiment": 0,
            "surprise": "0.01",
            "closePrice": "15.1782823069953"
        },
        {
            "fiscalDateEnding": "2013-07-28",
            "totalCurrentAssets": "5237000000",
            "cashAndShortTermInvestments": "1975000000",
            "totalCurrentLiabilities": "2202000000",
            "currentDebt": "None",
            "netIncome": "168000000",
            "capitalExpenditures": "41000000",
            "operatingCashflow": "364000000",
            "grossProfit": "806000000",
            "totalRevenue": "1977000000",
            "sentiment": 0,
            "surprise": "-0.01",
            "closePrice": "13.1618347169463"
        },
        {
            "fiscalDateEnding": "2013-04-28",
            "totalCurrentAssets": "5113000000",
            "cashAndShortTermInvestments": "1770000000",
            "totalCurrentLiabilities": "2201000000",
            "currentDebt": "None",
            "netIncome": "-129000000",
            "capitalExpenditures": "51000000",
            "operatingCashflow": "224000000",
            "grossProfit": "808000000",
            "totalRevenue": "1953000000",
            "sentiment": 0,
            "surprise": "0.03",
            "closePrice": "12.5054561692017"
        },
        {
            "fiscalDateEnding": "2013-01-27",
            "totalCurrentAssets": "4765000000",
            "cashAndShortTermInvestments": "1753000000",
            "totalCurrentLiabilities": "1965000000",
            "currentDebt": "None",
            "netIncome": "34000000",
            "capitalExpenditures": "49000000",
            "operatingCashflow": "16000000",
            "grossProfit": "582000000",
            "totalRevenue": "1552000000",
            "sentiment": 0,
            "surprise": "0.03",
            "closePrice": "11.6698174092233"
        },
        {
            "fiscalDateEnding": "2012-10-28",
            "totalCurrentAssets": "5102000000",
            "cashAndShortTermInvestments": "1937000000",
            "totalCurrentLiabilities": "2265000000",
            "currentDebt": "None",
            "netIncome": "-515000000",
            "capitalExpenditures": "41000000",
            "operatingCashflow": "411000000",
            "grossProfit": "586000000",
            "totalRevenue": "1646000000",
            "sentiment": 0,
            "surprise": "0.03",
            "closePrice": "8.65413089196688"
        },
        {
            "fiscalDateEnding": "2012-07-29",
            "totalCurrentAssets": "5865000000",
            "cashAndShortTermInvestments": "2164000000",
            "totalCurrentLiabilities": "2408000000",
            "currentDebt": "None",
            "netIncome": "218000000",
            "capitalExpenditures": "45000000",
            "operatingCashflow": "656000000",
            "grossProfit": "930000000",
            "totalRevenue": "2323000000",
            "sentiment": 0,
            "surprise": "0.02",
            "closePrice": "9.83898196393119"
        },
        {
            "fiscalDateEnding": "2012-04-29",
            "totalCurrentAssets": "6330000000",
            "cashAndShortTermInvestments": "2170000000",
            "totalCurrentLiabilities": "2666000000",
            "currentDebt": "None",
            "netIncome": "289000000",
            "capitalExpenditures": "39000000",
            "operatingCashflow": "603000000",
            "grossProfit": "1011000000",
            "totalRevenue": "2522000000",
            "sentiment": 0,
            "surprise": "0.03",
            "closePrice": "8.66436593387971"
        },
        {
            "fiscalDateEnding": "2012-01-29",
            "totalCurrentAssets": "6157000000",
            "cashAndShortTermInvestments": "1997000000",
            "totalCurrentLiabilities": "2494000000",
            "currentDebt": "None",
            "netIncome": "117000000",
            "capitalExpenditures": "37000000",
            "operatingCashflow": "181000000",
            "grossProfit": "786000000",
            "totalRevenue": "2167000000",
            "sentiment": 0,
            "surprise": "0.06",
            "closePrice": "10.6723401985744"
        },
        {
            "fiscalDateEnding": "2011-10-30",
            "totalCurrentAssets": "10355000000",
            "cashAndShortTermInvestments": "6243000000",
            "totalCurrentLiabilities": "2794000000",
            "currentDebt": "None",
            "netIncome": "456000000",
            "capitalExpenditures": "73000000",
            "operatingCashflow": "701000000",
            "grossProfit": "852000000",
            "totalRevenue": "2182000000",
            "sentiment": 0,
            "surprise": "0.02",
            "closePrice": "10.1704042446792"
        },
        {
            "fiscalDateEnding": "2011-07-31",
            "totalCurrentAssets": "10273000000",
            "cashAndShortTermInvestments": "5757000000",
            "totalCurrentLiabilities": "3278000000",
            "currentDebt": "None",
            "netIncome": "476000000",
            "capitalExpenditures": "55000000",
            "operatingCashflow": "599000000",
            "grossProfit": "1184000000",
            "totalRevenue": "2787000000",
            "sentiment": 0,
            "surprise": "0.02",
            "closePrice": "9.20044999001279"
        },
        {
            "fiscalDateEnding": "2011-05-01",
            "totalCurrentAssets": "7944000000",
            "cashAndShortTermInvestments": "3308000000",
            "totalCurrentLiabilities": "3251000000",
            "currentDebt": "None",
            "netIncome": "489000000",
            "capitalExpenditures": "57000000",
            "operatingCashflow": "704000000",
            "grossProfit": "1189000000",
            "totalRevenue": "2862000000",
            "sentiment": 0,
            "surprise": "0.01",
            "closePrice": "11.037961020958"
        },
        {
            "fiscalDateEnding": "2011-01-30",
            "totalCurrentAssets": "7142000000",
            "cashAndShortTermInvestments": "2746000000",
            "totalCurrentLiabilities": "2914000000",
            "currentDebt": "None",
            "netIncome": "506000000",
            "capitalExpenditures": "24000000",
            "operatingCashflow": "425000000",
            "grossProfit": "1136000000",
            "totalRevenue": "2677000000",
            "sentiment": 0,
            "surprise": "0.03",
            "closePrice": "12.6907104491824"
        },
        {
            "fiscalDateEnding": "2010-10-31",
            "totalCurrentAssets": "6765000000",
            "cashAndShortTermInvestments": "2585000000",
            "totalCurrentLiabilities": "2888000000",
            "currentDebt": "None",
            "netIncome": "468000000",
            "capitalExpenditures": "35000000",
            "operatingCashflow": "525000000",
            "grossProfit": "1217000000",
            "totalRevenue": "2886435000",
            "sentiment": 0,
            "surprise": "0.05",
            "closePrice": "9.86975088425538"
        },
        {
            "fiscalDateEnding": "2010-08-01",
            "totalCurrentAssets": "6551748000",
            "cashAndShortTermInvestments": "2347799000",
            "totalCurrentLiabilities": "2889472000",
            "currentDebt": "None",
            "netIncome": "123000000",
            "capitalExpenditures": "36000000",
            "operatingCashflow": "299000000",
            "grossProfit": "860000000",
            "totalRevenue": "2518000000",
            "sentiment": 0,
            "surprise": "0.04",
            "closePrice": "9.01509637577131"
        },
        {
            "fiscalDateEnding": "2010-05-02",
            "totalCurrentAssets": "6173294000",
            "cashAndShortTermInvestments": "2334433000",
            "totalCurrentLiabilities": "2575820000",
            "currentDebt": "None",
            "netIncome": "264000000",
            "capitalExpenditures": "45000000",
            "operatingCashflow": "527000000",
            "grossProfit": "927000000",
            "totalRevenue": "2295540000",
            "sentiment": 0,
            "surprise": "0.01",
            "closePrice": "10.2568001858821"
        },
        {
            "fiscalDateEnding": "2010-01-31",
            "totalCurrentAssets": "5849263000",
            "cashAndShortTermInvestments": "2154122000",
            "totalCurrentLiabilities": "2277948000",
            "currentDebt": "None",
            "netIncome": "83000000",
            "capitalExpenditures": "53000000",
            "operatingCashflow": "372000000",
            "grossProfit": "711000000",
            "totalRevenue": "1849027000",
            "sentiment": 0,
            "surprise": "0",
            "closePrice": "10.184087068053"
        },
        {
            "fiscalDateEnding": "2009-10-25",
            "totalCurrentAssets": "5688947000",
            "cashAndShortTermInvestments": "1576381000",
            "totalCurrentLiabilities": "1939457000",
            "currentDebt": "None",
            "netIncome": "137862000",
            "capitalExpenditures": "61196000",
            "operatingCashflow": "240204000",
            "grossProfit": "558836000",
            "totalRevenue": "1526394000",
            "sentiment": 0,
            "surprise": "0.08",
            "closePrice": "10.3879256082911"
        }
    ]
}