{
    "AMBA": [
        {
            "fiscalDateEnding": "2024-01-31",
            "totalCurrentAssets": "280157000",
            "cashAndShortTermInvestments": "219927000",
            "totalCurrentLiabilities": "82979000",
            "currentDebt": "None",
            "netIncome": "-60607000",
            "capitalExpenditures": "1930000",
            "operatingCashflow": "-4032000",
            "grossProfit": "30853000",
            "totalRevenue": "51616000",
            "sentiment": 0.2435451893437725,
            "surprise": "0.09",
            "closePrice": "57.96"
        },
        {
            "fiscalDateEnding": "2023-10-31",
            "totalCurrentAssets": "279822000",
            "cashAndShortTermInvestments": "222336000",
            "totalCurrentLiabilities": "75829000",
            "currentDebt": "None",
            "netIncome": "-41710000",
            "capitalExpenditures": "2353000",
            "operatingCashflow": "7869000",
            "grossProfit": "29983000",
            "totalRevenue": "50595000",
            "sentiment": 0.0008291755677666046,
            "surprise": "0.11",
            "closePrice": "58.71"
        },
        {
            "fiscalDateEnding": "2023-07-31",
            "totalCurrentAssets": "286647000",
            "cashAndShortTermInvestments": "216512000",
            "totalCurrentLiabilities": "74690000",
            "currentDebt": "None",
            "netIncome": "-31198000",
            "capitalExpenditures": "5396000",
            "operatingCashflow": "-6838000",
            "grossProfit": "38462000",
            "totalRevenue": "62121000",
            "sentiment": 0.17228121562924584,
            "surprise": "0.06",
            "closePrice": "75.78"
        },
        {
            "fiscalDateEnding": "2023-04-30",
            "totalCurrentAssets": "304521000",
            "cashAndShortTermInvestments": "227388000",
            "totalCurrentLiabilities": "80149000",
            "currentDebt": "None",
            "netIncome": "-35902000",
            "capitalExpenditures": "2298000",
            "operatingCashflow": "22025000",
            "grossProfit": "37519000",
            "totalRevenue": "62142000",
            "sentiment": 0.13433052173428578,
            "surprise": "0.06",
            "closePrice": "81.96"
        },
        {
            "fiscalDateEnding": "2023-01-31",
            "totalCurrentAssets": "304632000",
            "cashAndShortTermInvestments": "206863000",
            "totalCurrentLiabilities": "83462000",
            "currentDebt": "None",
            "netIncome": "-11105000",
            "capitalExpenditures": "2028000",
            "operatingCashflow": "5090000",
            "grossProfit": "49645000",
            "totalRevenue": "83321000",
            "sentiment": 0.17234634047383834,
            "surprise": "0.09",
            "closePrice": "94.31"
        },
        {
            "fiscalDateEnding": "2022-10-31",
            "totalCurrentAssets": "298330000",
            "cashAndShortTermInvestments": "199034000",
            "totalCurrentLiabilities": "80934000",
            "currentDebt": "None",
            "netIncome": "-19809000",
            "capitalExpenditures": "4935000",
            "operatingCashflow": "6000000",
            "grossProfit": "51678000",
            "totalRevenue": "83096000",
            "sentiment": 0.1807250952163781,
            "surprise": "0.04",
            "closePrice": "73.93"
        },
        {
            "fiscalDateEnding": "2022-07-31",
            "totalCurrentAssets": "282863000",
            "cashAndShortTermInvestments": "197914000",
            "totalCurrentLiabilities": "77543000",
            "currentDebt": "None",
            "netIncome": "-23650000",
            "capitalExpenditures": "3387000",
            "operatingCashflow": "-557000",
            "grossProfit": "51064000",
            "totalRevenue": "80884000",
            "sentiment": 0.020654702225791032,
            "surprise": "0.01",
            "closePrice": "84.5"
        },
        {
            "fiscalDateEnding": "2022-04-30",
            "totalCurrentAssets": "278329000",
            "cashAndShortTermInvestments": "200639000",
            "totalCurrentLiabilities": "74855000",
            "currentDebt": "None",
            "netIncome": "-10822000",
            "capitalExpenditures": "4701000",
            "operatingCashflow": "33560000",
            "grossProfit": "56547000",
            "totalRevenue": "90305000",
            "sentiment": 0.013472573678524412,
            "surprise": "0.07",
            "closePrice": "85.22"
        },
        {
            "fiscalDateEnding": "2022-01-31",
            "totalCurrentAssets": "266748000",
            "cashAndShortTermInvestments": "171043000",
            "totalCurrentLiabilities": "89284000",
            "currentDebt": "None",
            "netIncome": "-9193000",
            "capitalExpenditures": "3444000",
            "operatingCashflow": "20571000",
            "grossProfit": "57322000",
            "totalRevenue": "90229000",
            "sentiment": 0,
            "surprise": "0.03",
            "closePrice": "139.71"
        },
        {
            "fiscalDateEnding": "2021-10-31",
            "totalCurrentAssets": "555374000",
            "cashAndShortTermInvestments": "457760000",
            "totalCurrentLiabilities": "81619000",
            "currentDebt": "None",
            "netIncome": "756000",
            "capitalExpenditures": "2481000",
            "operatingCashflow": "8334000",
            "grossProfit": "57626000",
            "totalRevenue": "92167000",
            "sentiment": 0,
            "surprise": "0.08",
            "closePrice": "179.52"
        },
        {
            "fiscalDateEnding": "2021-07-31",
            "totalCurrentAssets": "534021000",
            "cashAndShortTermInvestments": "449159000",
            "totalCurrentLiabilities": "85536000",
            "currentDebt": "None",
            "netIncome": "-7156000",
            "capitalExpenditures": "1800000",
            "operatingCashflow": "14437000",
            "grossProfit": "49419000",
            "totalRevenue": "79327000",
            "sentiment": 0,
            "surprise": "0.1",
            "closePrice": "103.57"
        },
        {
            "fiscalDateEnding": "2021-04-30",
            "totalCurrentAssets": "508548000",
            "cashAndShortTermInvestments": "435529000",
            "totalCurrentLiabilities": "70003000",
            "currentDebt": "None",
            "netIncome": "-10818000",
            "capitalExpenditures": "1954000",
            "operatingCashflow": "-4547000",
            "grossProfit": "43765000",
            "totalRevenue": "70133000",
            "sentiment": 0,
            "surprise": "0.06",
            "closePrice": "101.13"
        },
        {
            "fiscalDateEnding": "2021-01-31",
            "totalCurrentAssets": "497304000",
            "cashAndShortTermInvestments": "440708000",
            "totalCurrentLiabilities": "73967000",
            "currentDebt": "None",
            "netIncome": "-12489000",
            "capitalExpenditures": "3413000",
            "operatingCashflow": "12484000",
            "grossProfit": "37803000",
            "totalRevenue": "62142000",
            "sentiment": 0,
            "surprise": "0.06",
            "closePrice": "113.71"
        },
        {
            "fiscalDateEnding": "2020-10-31",
            "totalCurrentAssets": "476247000",
            "cashAndShortTermInvestments": "423637000",
            "totalCurrentLiabilities": "62233000",
            "currentDebt": "None",
            "netIncome": "-17078000",
            "capitalExpenditures": "864000",
            "operatingCashflow": "13094000",
            "grossProfit": "34792000",
            "totalRevenue": "56090000",
            "sentiment": 0,
            "surprise": "0.04",
            "closePrice": "66.37"
        },
        {
            "fiscalDateEnding": "2020-07-31",
            "totalCurrentAssets": "461398000",
            "cashAndShortTermInvestments": "410703000",
            "totalCurrentLiabilities": "51162000",
            "currentDebt": "None",
            "netIncome": "-14756000",
            "capitalExpenditures": "237000",
            "operatingCashflow": "-2417000",
            "grossProfit": "30958000",
            "totalRevenue": "50113000",
            "sentiment": 0,
            "surprise": "0.08",
            "closePrice": "55.9"
        },
        {
            "fiscalDateEnding": "2020-04-30",
            "totalCurrentAssets": "458766000",
            "cashAndShortTermInvestments": "411327000",
            "totalCurrentLiabilities": "51503000",
            "currentDebt": "2101000",
            "netIncome": "-15463000",
            "capitalExpenditures": "428000",
            "operatingCashflow": "7639000",
            "grossProfit": "32020000",
            "totalRevenue": "54645000",
            "sentiment": 0,
            "surprise": "0.05",
            "closePrice": "61.55"
        },
        {
            "fiscalDateEnding": "2020-01-31",
            "totalCurrentAssets": "451190000",
            "cashAndShortTermInvestments": "404748000",
            "totalCurrentLiabilities": "53453000",
            "currentDebt": "2181000",
            "netIncome": "-12981000",
            "capitalExpenditures": "396000",
            "operatingCashflow": "4130000",
            "grossProfit": "33316000",
            "totalRevenue": "57212000",
            "sentiment": 0,
            "surprise": "0.03",
            "closePrice": "58.11"
        },
        {
            "fiscalDateEnding": "2019-10-31",
            "totalCurrentAssets": "447428000",
            "cashAndShortTermInvestments": "400791000",
            "totalCurrentLiabilities": "50805000",
            "currentDebt": "2161000",
            "netIncome": "-4309000",
            "capitalExpenditures": "-1604000",
            "operatingCashflow": "21865000",
            "grossProfit": "39103000",
            "totalRevenue": "67922000",
            "sentiment": 0,
            "surprise": "0.11",
            "closePrice": "58.03"
        },
        {
            "fiscalDateEnding": "2019-07-31",
            "totalCurrentAssets": "425618000",
            "cashAndShortTermInvestments": "375802000",
            "totalCurrentLiabilities": "47240000",
            "currentDebt": "2260000",
            "netIncome": "-10191000",
            "capitalExpenditures": "1521000",
            "operatingCashflow": "8087000",
            "grossProfit": "32437000",
            "totalRevenue": "56410000",
            "sentiment": 0,
            "surprise": "0.19",
            "closePrice": "47.37"
        },
        {
            "fiscalDateEnding": "2019-04-30",
            "totalCurrentAssets": "415304000",
            "cashAndShortTermInvestments": "366176000",
            "totalCurrentLiabilities": "42215000",
            "currentDebt": "None",
            "netIncome": "-17311000",
            "capitalExpenditures": "1508000",
            "operatingCashflow": "5332000",
            "grossProfit": "27853000",
            "totalRevenue": "47188000",
            "sentiment": 0,
            "surprise": "0.06",
            "closePrice": "39.75"
        },
        {
            "fiscalDateEnding": "2019-01-31",
            "totalCurrentAssets": "409589000",
            "cashAndShortTermInvestments": "358908000",
            "totalCurrentLiabilities": "39023000",
            "currentDebt": "None",
            "netIncome": "-4543000",
            "capitalExpenditures": "2812000",
            "operatingCashflow": "13974000",
            "grossProfit": "30654000",
            "totalRevenue": "51070000",
            "sentiment": 0,
            "surprise": "0.1",
            "closePrice": "40.54"
        },
        {
            "fiscalDateEnding": "2018-10-31",
            "totalCurrentAssets": "407682000",
            "cashAndShortTermInvestments": "348617000",
            "totalCurrentLiabilities": "37909000",
            "currentDebt": "None",
            "netIncome": "-9021000",
            "capitalExpenditures": "1214000",
            "operatingCashflow": "3521000",
            "grossProfit": "34585000",
            "totalRevenue": "57286000",
            "sentiment": 0,
            "surprise": "0.12",
            "closePrice": "33.75"
        },
        {
            "fiscalDateEnding": "2018-07-31",
            "totalCurrentAssets": "438449000",
            "cashAndShortTermInvestments": "375960000",
            "totalCurrentLiabilities": "47578000",
            "currentDebt": "None",
            "netIncome": "-6877000",
            "capitalExpenditures": "2978000",
            "operatingCashflow": "6913000",
            "grossProfit": "38013000",
            "totalRevenue": "62474000",
            "sentiment": 0,
            "surprise": "0.12",
            "closePrice": "39.75"
        },
        {
            "fiscalDateEnding": "2018-04-30",
            "totalCurrentAssets": "466647000",
            "cashAndShortTermInvestments": "336692000",
            "totalCurrentLiabilities": "39651000",
            "currentDebt": "None",
            "netIncome": "-10006000",
            "capitalExpenditures": "671000",
            "operatingCashflow": "64000",
            "grossProfit": "34892000",
            "totalRevenue": "56938000",
            "sentiment": 0,
            "surprise": "0.04",
            "closePrice": "49.39"
        },
        {
            "fiscalDateEnding": "2018-01-31",
            "totalCurrentAssets": "493283000",
            "cashAndShortTermInvestments": "346672000",
            "totalCurrentLiabilities": "53236000",
            "currentDebt": "None",
            "netIncome": "1261000",
            "capitalExpenditures": "1285000",
            "operatingCashflow": "25110000",
            "grossProfit": "45351000",
            "totalRevenue": "70575000",
            "sentiment": 0,
            "surprise": "0.08",
            "closePrice": "45.67"
        },
        {
            "fiscalDateEnding": "2017-10-31",
            "totalCurrentAssets": "486329000",
            "cashAndShortTermInvestments": "320933000",
            "totalCurrentLiabilities": "60452000",
            "currentDebt": "None",
            "netIncome": "11724000",
            "capitalExpenditures": "549000",
            "operatingCashflow": "26640000",
            "grossProfit": "56614000",
            "totalRevenue": "89062000",
            "sentiment": 0,
            "surprise": "0.08",
            "closePrice": "54.27"
        },
        {
            "fiscalDateEnding": "2017-07-31",
            "totalCurrentAssets": "459711000",
            "cashAndShortTermInvestments": "309738000",
            "totalCurrentLiabilities": "51589000",
            "currentDebt": "None",
            "netIncome": "3303000",
            "capitalExpenditures": "898000",
            "operatingCashflow": "10630000",
            "grossProfit": "44805000",
            "totalRevenue": "71630000",
            "sentiment": 0,
            "surprise": "0.04",
            "closePrice": "54.4"
        },
        {
            "fiscalDateEnding": "2017-04-30",
            "totalCurrentAssets": "465418000",
            "cashAndShortTermInvestments": "335182000",
            "totalCurrentLiabilities": "45738000",
            "currentDebt": "None",
            "netIncome": "2564000",
            "capitalExpenditures": "955000",
            "operatingCashflow": "23024000",
            "grossProfit": "40963000",
            "totalRevenue": "64135000",
            "sentiment": 0,
            "surprise": "0.03",
            "closePrice": "59.72"
        },
        {
            "fiscalDateEnding": "2017-01-31",
            "totalCurrentAssets": "468535000",
            "cashAndShortTermInvestments": "322872000",
            "totalCurrentLiabilities": "54396000",
            "currentDebt": "None",
            "netIncome": "18350000",
            "capitalExpenditures": "631000",
            "operatingCashflow": "-48638000",
            "grossProfit": "58514000",
            "totalRevenue": "87508000",
            "sentiment": 0,
            "surprise": "0.18",
            "closePrice": "58.95"
        },
        {
            "fiscalDateEnding": "2016-10-31",
            "totalCurrentAssets": "441604000",
            "cashAndShortTermInvestments": "313455000",
            "totalCurrentLiabilities": "59940000",
            "currentDebt": "None",
            "netIncome": "29045000",
            "capitalExpenditures": "1073000",
            "operatingCashflow": "29445000",
            "grossProfit": "66323000",
            "totalRevenue": "100490000",
            "sentiment": 0,
            "surprise": "0.17",
            "closePrice": "61.39"
        },
        {
            "fiscalDateEnding": "2016-07-31",
            "totalCurrentAssets": "385701000",
            "cashAndShortTermInvestments": "276507000",
            "totalCurrentLiabilities": "48310000",
            "currentDebt": "None",
            "netIncome": "8632000",
            "capitalExpenditures": "528000",
            "operatingCashflow": "8932000",
            "grossProfit": "43470000",
            "totalRevenue": "65142000",
            "sentiment": 0,
            "surprise": "0.16",
            "closePrice": "71.78"
        },
        {
            "fiscalDateEnding": "2016-04-30",
            "totalCurrentAssets": "376086000",
            "cashAndShortTermInvestments": "267959000",
            "totalCurrentLiabilities": "39834000",
            "currentDebt": "None",
            "netIncome": "1783000",
            "capitalExpenditures": "469000",
            "operatingCashflow": "31081000",
            "grossProfit": "36707000",
            "totalRevenue": "57157000",
            "sentiment": 0,
            "surprise": "0.06",
            "closePrice": "42.48"
        },
        {
            "fiscalDateEnding": "2016-01-31",
            "totalCurrentAssets": "369645000",
            "cashAndShortTermInvestments": "268056000",
            "totalCurrentLiabilities": "48817000",
            "currentDebt": "None",
            "netIncome": "5096000",
            "capitalExpenditures": "796000",
            "operatingCashflow": "60471000",
            "grossProfit": "43316000",
            "totalRevenue": "67967000",
            "sentiment": 0,
            "surprise": "0.16",
            "closePrice": "46.24"
        },
        {
            "fiscalDateEnding": "2015-10-31",
            "totalCurrentAssets": "351379000",
            "cashAndShortTermInvestments": "236465000",
            "totalCurrentLiabilities": "49529000",
            "currentDebt": "None",
            "netIncome": "29461000",
            "capitalExpenditures": "674000",
            "operatingCashflow": "29861000",
            "grossProfit": "61262000",
            "totalRevenue": "93200000",
            "sentiment": 0,
            "surprise": "0.22",
            "closePrice": "57.88"
        },
        {
            "fiscalDateEnding": "2015-07-31",
            "totalCurrentAssets": "313919000",
            "cashAndShortTermInvestments": "199577000",
            "totalCurrentLiabilities": "54706000",
            "currentDebt": "None",
            "netIncome": "23097000",
            "capitalExpenditures": "239000",
            "operatingCashflow": "23497000",
            "grossProfit": "54848000",
            "totalRevenue": "1513000",
            "sentiment": 0,
            "surprise": "0.08",
            "closePrice": "89.61"
        },
        {
            "fiscalDateEnding": "2015-04-30",
            "totalCurrentAssets": "304978000",
            "cashAndShortTermInvestments": "197311000",
            "totalCurrentLiabilities": "46930000",
            "currentDebt": "None",
            "netIncome": "18854000",
            "capitalExpenditures": "376000",
            "operatingCashflow": "49632000",
            "grossProfit": "45918000",
            "totalRevenue": "71013000",
            "sentiment": 0,
            "surprise": "0.12",
            "closePrice": "92.21"
        },
        {
            "fiscalDateEnding": "2015-01-31",
            "totalCurrentAssets": "275371000",
            "cashAndShortTermInvestments": "170291000",
            "totalCurrentLiabilities": "45482000",
            "currentDebt": "None",
            "netIncome": "17674000",
            "capitalExpenditures": "244000",
            "operatingCashflow": "35454000",
            "grossProfit": "41445000",
            "totalRevenue": "213823000",
            "sentiment": 0,
            "surprise": "0.19",
            "closePrice": "63.05"
        },
        {
            "fiscalDateEnding": "2014-10-31",
            "totalCurrentAssets": "246447000",
            "cashAndShortTermInvestments": "146577000",
            "totalCurrentLiabilities": "42605000",
            "currentDebt": "None",
            "netIncome": "18327000",
            "capitalExpenditures": "439000",
            "operatingCashflow": "18627000",
            "grossProfit": "41559000",
            "totalRevenue": "1761000",
            "sentiment": 0,
            "surprise": "0.14",
            "closePrice": "55.63"
        },
        {
            "fiscalDateEnding": "2014-07-31",
            "totalCurrentAssets": "210193000",
            "cashAndShortTermInvestments": "166528000",
            "totalCurrentLiabilities": "32362000",
            "currentDebt": "None",
            "netIncome": "9310000",
            "capitalExpenditures": "454000",
            "operatingCashflow": "9310000",
            "grossProfit": "30536000",
            "totalRevenue": "1445000",
            "sentiment": 0,
            "surprise": "0.09",
            "closePrice": "35.77"
        },
        {
            "fiscalDateEnding": "2014-04-30",
            "totalCurrentAssets": "191180000",
            "cashAndShortTermInvestments": "155616000",
            "totalCurrentLiabilities": "28008000",
            "currentDebt": "None",
            "netIncome": "5260000",
            "capitalExpenditures": "224000",
            "operatingCashflow": "10270000",
            "grossProfit": "25596000",
            "totalRevenue": "40921000",
            "sentiment": 0,
            "surprise": "0.04",
            "closePrice": "24.65"
        },
        {
            "fiscalDateEnding": "2014-01-31",
            "totalCurrentAssets": "177236000",
            "cashAndShortTermInvestments": "0",
            "totalCurrentLiabilities": "25402000",
            "currentDebt": "None",
            "netIncome": "5533000",
            "capitalExpenditures": "317000",
            "operatingCashflow": "11421000",
            "grossProfit": "25562000",
            "totalRevenue": "39967000",
            "sentiment": 0,
            "surprise": "0.07",
            "closePrice": "34.03"
        },
        {
            "fiscalDateEnding": "2013-10-31",
            "totalCurrentAssets": "169584000",
            "cashAndShortTermInvestments": "128051000",
            "totalCurrentLiabilities": "29834000",
            "currentDebt": "None",
            "netIncome": "9126000",
            "capitalExpenditures": "91000",
            "operatingCashflow": "6990000",
            "grossProfit": "29301000",
            "totalRevenue": "45990000",
            "sentiment": 0,
            "surprise": "0.08",
            "closePrice": "23.98"
        },
        {
            "fiscalDateEnding": "2013-07-31",
            "totalCurrentAssets": "152804000",
            "cashAndShortTermInvestments": "118310000",
            "totalCurrentLiabilities": "28889000",
            "currentDebt": "None",
            "netIncome": "6254000",
            "capitalExpenditures": "714000",
            "operatingCashflow": "12723000",
            "grossProfit": "23291000",
            "totalRevenue": "37710000",
            "sentiment": 0,
            "surprise": "0.07",
            "closePrice": "15.34"
        },
        {
            "fiscalDateEnding": "2013-04-30",
            "totalCurrentAssets": "140130000",
            "cashAndShortTermInvestments": "104277000",
            "totalCurrentLiabilities": "25366000",
            "currentDebt": "None",
            "netIncome": "4741000",
            "capitalExpenditures": "579000",
            "operatingCashflow": "3216000",
            "grossProfit": "21693000",
            "totalRevenue": "33941000",
            "sentiment": 0,
            "surprise": "0.06",
            "closePrice": "16.19"
        },
        {
            "fiscalDateEnding": "2013-01-31",
            "totalCurrentAssets": "133148000",
            "cashAndShortTermInvestments": "0",
            "totalCurrentLiabilities": "24830000",
            "currentDebt": "None",
            "netIncome": "3643000",
            "capitalExpenditures": "531000",
            "operatingCashflow": "1462000",
            "grossProfit": "19934000",
            "totalRevenue": "31518000",
            "sentiment": 0,
            "surprise": "0.05",
            "closePrice": "11.97"
        },
        {
            "fiscalDateEnding": "2012-10-31",
            "totalCurrentAssets": "125323000",
            "cashAndShortTermInvestments": "94820000",
            "totalCurrentLiabilities": "26463000",
            "currentDebt": "None",
            "netIncome": "6717000",
            "capitalExpenditures": "695000",
            "operatingCashflow": "2992000",
            "grossProfit": "22990000",
            "totalRevenue": "35669000",
            "sentiment": 0,
            "surprise": "0.06",
            "closePrice": "8.98"
        }
    ]
}