{
    "AMD": [
        {
            "fiscalDateEnding": "2023-12-31",
            "totalCurrentAssets": "16768000000",
            "cashAndShortTermInvestments": "5773000000",
            "totalCurrentLiabilities": "6689000000",
            "currentDebt": "751000000",
            "netIncome": "667000000",
            "capitalExpenditures": "139000000",
            "operatingCashflow": "381000000",
            "grossProfit": "2911000000",
            "totalRevenue": "6452000000",
            "sentiment": 0.2671418347421035,
            "surprise": "0",
            "closePrice": "172.06"
        },
        {
            "fiscalDateEnding": "2023-09-30",
            "totalCurrentAssets": "16688000000",
            "cashAndShortTermInvestments": "5785000000",
            "totalCurrentLiabilities": "7627000000",
            "currentDebt": "1502000000",
            "netIncome": "299000000",
            "capitalExpenditures": "124000000",
            "operatingCashflow": "421000000",
            "grossProfit": "2747000000",
            "totalRevenue": "5774000000",
            "sentiment": 0.2329648145542646,
            "surprise": "0.02",
            "closePrice": "98.5"
        },
        {
            "fiscalDateEnding": "2023-06-30",
            "totalCurrentAssets": "16505000000",
            "cashAndShortTermInvestments": "6285000000",
            "totalCurrentLiabilities": "7572000000",
            "currentDebt": "1503000000",
            "netIncome": "27000000",
            "capitalExpenditures": "125000000",
            "operatingCashflow": "379000000",
            "grossProfit": "2443000000",
            "totalRevenue": "5331000000",
            "sentiment": 0.19255248429393285,
            "surprise": "0.01",
            "closePrice": "117.6"
        },
        {
            "fiscalDateEnding": "2023-03-31",
            "totalCurrentAssets": "15658000000",
            "cashAndShortTermInvestments": "5939000000",
            "totalCurrentLiabilities": "6577000000",
            "currentDebt": "None",
            "netIncome": "-139000000",
            "capitalExpenditures": "158000000",
            "operatingCashflow": "486000000",
            "grossProfit": "2359000000",
            "totalRevenue": "5353000000",
            "sentiment": 0.20680091050902086,
            "surprise": "0.04",
            "closePrice": "89.91"
        },
        {
            "fiscalDateEnding": "2022-12-31",
            "totalCurrentAssets": "15019000000",
            "cashAndShortTermInvestments": "5855000000",
            "totalCurrentLiabilities": "6369000000",
            "currentDebt": "0",
            "netIncome": "21000000",
            "capitalExpenditures": "124000000",
            "operatingCashflow": "567000000",
            "grossProfit": "2403000000",
            "totalRevenue": "5732000000",
            "sentiment": 0.13022135893895215,
            "surprise": "0.02",
            "closePrice": "75.15"
        },
        {
            "fiscalDateEnding": "2022-09-30",
            "totalCurrentAssets": "14420000000",
            "cashAndShortTermInvestments": "5591000000",
            "totalCurrentLiabilities": "6691000000",
            "currentDebt": "0",
            "netIncome": "66000000",
            "capitalExpenditures": "123000000",
            "operatingCashflow": "965000000",
            "grossProfit": "2354000000",
            "totalRevenue": "5534000000",
            "sentiment": 0.14995805958080186,
            "surprise": "-0.01",
            "closePrice": "59.66"
        },
        {
            "fiscalDateEnding": "2022-06-30",
            "totalCurrentAssets": "13462000000",
            "cashAndShortTermInvestments": "5992000000",
            "totalCurrentLiabilities": "5523000000",
            "currentDebt": "312000000",
            "netIncome": "447000000",
            "capitalExpenditures": "132000000",
            "operatingCashflow": "1038000000",
            "grossProfit": "3028000000",
            "totalRevenue": "6525000000",
            "sentiment": 0.0031308412127494197,
            "surprise": "0.02",
            "closePrice": "99.29"
        },
        {
            "fiscalDateEnding": "2022-03-31",
            "totalCurrentAssets": "13369000000",
            "cashAndShortTermInvestments": "6532000000",
            "totalCurrentLiabilities": "5581000000",
            "currentDebt": "312000000",
            "netIncome": "786000000",
            "capitalExpenditures": "71000000",
            "operatingCashflow": "995000000",
            "grossProfit": "2818000000",
            "totalRevenue": "5859000000",
            "sentiment": 0.03374604490543367,
            "surprise": "0.22",
            "closePrice": "91.13"
        },
        {
            "fiscalDateEnding": "2021-12-31",
            "totalCurrentAssets": "8583000000",
            "cashAndShortTermInvestments": "3608000000",
            "totalCurrentLiabilities": "4240000000",
            "currentDebt": "312000000",
            "netIncome": "974000000",
            "capitalExpenditures": "86000000",
            "operatingCashflow": "822000000",
            "grossProfit": "2426000000",
            "totalRevenue": "4845000000",
            "sentiment": 0,
            "surprise": "0.16",
            "closePrice": "116.78"
        },
        {
            "fiscalDateEnding": "2021-09-30",
            "totalCurrentAssets": "7988000000",
            "cashAndShortTermInvestments": "3608000000",
            "totalCurrentLiabilities": "3564000000",
            "currentDebt": "312000000",
            "netIncome": "923000000",
            "capitalExpenditures": "85000000",
            "operatingCashflow": "849000000",
            "grossProfit": "2086000000",
            "totalRevenue": "4306000000",
            "sentiment": 0,
            "surprise": "0.06",
            "closePrice": "122.93"
        },
        {
            "fiscalDateEnding": "2021-06-30",
            "totalCurrentAssets": "7818000000",
            "cashAndShortTermInvestments": "3793000000",
            "totalCurrentLiabilities": "2892000000",
            "currentDebt": "None",
            "netIncome": "710000000",
            "capitalExpenditures": "64000000",
            "operatingCashflow": "952000000",
            "grossProfit": "1830000000",
            "totalRevenue": "3840000000",
            "sentiment": 0,
            "surprise": "0.09",
            "closePrice": "91.03"
        },
        {
            "fiscalDateEnding": "2021-03-31",
            "totalCurrentAssets": "7197000000",
            "cashAndShortTermInvestments": "3116000000",
            "totalCurrentLiabilities": "2864000000",
            "currentDebt": "None",
            "netIncome": "555000000",
            "capitalExpenditures": "66000000",
            "operatingCashflow": "898000000",
            "grossProfit": "1587000000",
            "totalRevenue": "3422000000",
            "sentiment": 0,
            "surprise": "0.08",
            "closePrice": "85.21"
        },
        {
            "fiscalDateEnding": "2020-12-31",
            "totalCurrentAssets": "6143000000",
            "cashAndShortTermInvestments": "2290000000",
            "totalCurrentLiabilities": "2417000000",
            "currentDebt": "0",
            "netIncome": "1781000000",
            "capitalExpenditures": "74000000",
            "operatingCashflow": "554000000",
            "grossProfit": "1451000000",
            "totalRevenue": "3235000000",
            "sentiment": 0,
            "surprise": "0.05",
            "closePrice": "94.71"
        },
        {
            "fiscalDateEnding": "2020-09-30",
            "totalCurrentAssets": "5500000000",
            "cashAndShortTermInvestments": "1771000000",
            "totalCurrentLiabilities": "2417000000",
            "currentDebt": "None",
            "netIncome": "390000000",
            "capitalExpenditures": "74000000",
            "operatingCashflow": "339000000",
            "grossProfit": "1230000000",
            "totalRevenue": "2790000000",
            "sentiment": 0,
            "surprise": "0.05",
            "closePrice": "78.88"
        },
        {
            "fiscalDateEnding": "2020-06-30",
            "totalCurrentAssets": "5109000000",
            "cashAndShortTermInvestments": "1775000000",
            "totalCurrentLiabilities": "2434000000",
            "currentDebt": "None",
            "netIncome": "157000000",
            "capitalExpenditures": "91000000",
            "operatingCashflow": "243000000",
            "grossProfit": "848000000",
            "totalRevenue": "1918000000",
            "sentiment": 0,
            "surprise": "0.02",
            "closePrice": "67.61"
        },
        {
            "fiscalDateEnding": "2020-03-31",
            "totalCurrentAssets": "4390000000",
            "cashAndShortTermInvestments": "1385000000",
            "totalCurrentLiabilities": "1985000000",
            "currentDebt": "None",
            "netIncome": "162000000",
            "capitalExpenditures": "55000000",
            "operatingCashflow": "-65000000",
            "grossProfit": "818000000",
            "totalRevenue": "1755000000",
            "sentiment": 0,
            "surprise": "0",
            "closePrice": "55.51"
        },
        {
            "fiscalDateEnding": "2019-12-31",
            "totalCurrentAssets": "4597000000",
            "cashAndShortTermInvestments": "1503000000",
            "totalCurrentLiabilities": "2359000000",
            "currentDebt": "0",
            "netIncome": "170000000",
            "capitalExpenditures": "42000000",
            "operatingCashflow": "442000000",
            "grossProfit": "949000000",
            "totalRevenue": "2109000000",
            "sentiment": 0,
            "surprise": "0.01",
            "closePrice": "50.53"
        },
        {
            "fiscalDateEnding": "2019-09-30",
            "totalCurrentAssets": "3912000000",
            "cashAndShortTermInvestments": "1209000000",
            "totalCurrentLiabilities": "1864000000",
            "currentDebt": "0",
            "netIncome": "120000000",
            "capitalExpenditures": "55000000",
            "operatingCashflow": "234000000",
            "grossProfit": "777000000",
            "totalRevenue": "1737000000",
            "sentiment": 0,
            "surprise": "0",
            "closePrice": "33.03"
        },
        {
            "fiscalDateEnding": "2019-06-30",
            "totalCurrentAssets": "3754000000",
            "cashAndShortTermInvestments": "1128000000",
            "totalCurrentLiabilities": "1804000000",
            "currentDebt": "0",
            "netIncome": "35000000",
            "capitalExpenditures": "58000000",
            "operatingCashflow": "30000000",
            "grossProfit": "621000000",
            "totalRevenue": "1506000000",
            "sentiment": 0,
            "surprise": "0",
            "closePrice": "33.87"
        },
        {
            "fiscalDateEnding": "2019-03-31",
            "totalCurrentAssets": "3677000000",
            "cashAndShortTermInvestments": "1194000000",
            "totalCurrentLiabilities": "1764000000",
            "currentDebt": "70000000",
            "netIncome": "16000000",
            "capitalExpenditures": "62000000",
            "operatingCashflow": "-213000000",
            "grossProfit": "521000000",
            "totalRevenue": "1291000000",
            "sentiment": 0,
            "surprise": "0.01",
            "closePrice": "27.63"
        },
        {
            "fiscalDateEnding": "2018-12-31",
            "totalCurrentAssets": "3540000000",
            "cashAndShortTermInvestments": "1156000000",
            "totalCurrentLiabilities": "1984000000",
            "currentDebt": "136000000",
            "netIncome": "38000000",
            "capitalExpenditures": "41000000",
            "operatingCashflow": "120000000",
            "grossProfit": "537000000",
            "totalRevenue": "1390000000",
            "sentiment": 0,
            "surprise": "0",
            "closePrice": "19.25"
        },
        {
            "fiscalDateEnding": "2018-09-30",
            "totalCurrentAssets": "3314000000",
            "cashAndShortTermInvestments": "1056000000",
            "totalCurrentLiabilities": "1878000000",
            "currentDebt": "136000000",
            "netIncome": "102000000",
            "capitalExpenditures": "33000000",
            "operatingCashflow": "76000000",
            "grossProfit": "661000000",
            "totalRevenue": "1623000000",
            "sentiment": 0,
            "surprise": "0.01",
            "closePrice": "22.79"
        },
        {
            "fiscalDateEnding": "2018-06-30",
            "totalCurrentAssets": "3099000000",
            "cashAndShortTermInvestments": "983000000",
            "totalCurrentLiabilities": "1868000000",
            "currentDebt": "223000000",
            "netIncome": "116000000",
            "capitalExpenditures": "43000000",
            "operatingCashflow": "-55000000",
            "grossProfit": "652000000",
            "totalRevenue": "1725000000",
            "sentiment": 0,
            "surprise": "0.01",
            "closePrice": "16.05"
        },
        {
            "fiscalDateEnding": "2018-03-31",
            "totalCurrentAssets": "2751000000",
            "cashAndShortTermInvestments": "1045000000",
            "totalCurrentLiabilities": "1697000000",
            "currentDebt": "223000000",
            "netIncome": "81000000",
            "capitalExpenditures": "46000000",
            "operatingCashflow": "-107000000",
            "grossProfit": "597000000",
            "totalRevenue": "1615000000",
            "sentiment": 0,
            "surprise": "0.02",
            "closePrice": "9.71"
        },
        {
            "fiscalDateEnding": "2017-12-31",
            "totalCurrentAssets": "2634000000",
            "cashAndShortTermInvestments": "1185000000",
            "totalCurrentLiabilities": "1513000000",
            "currentDebt": "70000000",
            "netIncome": "-19000000",
            "capitalExpenditures": "44000000",
            "operatingCashflow": "324000000",
            "grossProfit": "452000000",
            "totalRevenue": "1449000000",
            "sentiment": 0,
            "surprise": "0.03",
            "closePrice": "12.87"
        },
        {
            "fiscalDateEnding": "2017-09-30",
            "totalCurrentAssets": "2699000000",
            "cashAndShortTermInvestments": "879000000",
            "totalCurrentLiabilities": "1591000000",
            "currentDebt": "70000000",
            "netIncome": "61000000",
            "capitalExpenditures": "34000000",
            "operatingCashflow": "69000000",
            "grossProfit": "571000000",
            "totalRevenue": "1584000000",
            "sentiment": 0,
            "surprise": "0.02",
            "closePrice": "14.25"
        },
        {
            "fiscalDateEnding": "2017-06-30",
            "totalCurrentAssets": "2511000000",
            "cashAndShortTermInvestments": "760000000",
            "totalCurrentLiabilities": "1449000000",
            "currentDebt": "42000000",
            "netIncome": "-42000000",
            "capitalExpenditures": "12000000",
            "operatingCashflow": "-82000000",
            "grossProfit": "386000000",
            "totalRevenue": "1151000000",
            "sentiment": 0,
            "surprise": "0.0197",
            "closePrice": "14.11"
        },
        {
            "fiscalDateEnding": "2017-03-31",
            "totalCurrentAssets": "2498000000",
            "cashAndShortTermInvestments": "722000000",
            "totalCurrentLiabilities": "1372000000",
            "currentDebt": "None",
            "netIncome": "-33000000",
            "capitalExpenditures": "23000000",
            "operatingCashflow": "-299000000",
            "grossProfit": "378000000",
            "totalRevenue": "1178000000",
            "sentiment": 0,
            "surprise": "0",
            "closePrice": "13.62"
        },
        {
            "fiscalDateEnding": "2016-12-31",
            "totalCurrentAssets": "2530000000",
            "cashAndShortTermInvestments": "1264000000",
            "totalCurrentLiabilities": "1346000000",
            "currentDebt": "0",
            "netIncome": "-51000000",
            "capitalExpenditures": "21000000",
            "operatingCashflow": "179000000",
            "grossProfit": "351000000",
            "totalRevenue": "1103000000",
            "sentiment": 0,
            "surprise": "0.01",
            "closePrice": "10.37"
        },
        {
            "fiscalDateEnding": "2016-09-30",
            "totalCurrentAssets": "2824000000",
            "cashAndShortTermInvestments": "1258000000",
            "totalCurrentLiabilities": "1473000000",
            "currentDebt": "None",
            "netIncome": "-406000000",
            "capitalExpenditures": "9000000",
            "operatingCashflow": "29000000",
            "grossProfit": "59000000",
            "totalRevenue": "1290000000",
            "sentiment": 0,
            "surprise": "0.026",
            "closePrice": "6.96"
        },
        {
            "fiscalDateEnding": "2016-06-30",
            "totalCurrentAssets": "2506000000",
            "cashAndShortTermInvestments": "957000000",
            "totalCurrentLiabilities": "1581000000",
            "currentDebt": "None",
            "netIncome": "69000000",
            "capitalExpenditures": "21000000",
            "operatingCashflow": "-85000000",
            "grossProfit": "319000000",
            "totalRevenue": "1012000000",
            "sentiment": 0,
            "surprise": "0.03",
            "closePrice": "5.22"
        },
        {
            "fiscalDateEnding": "2016-03-31",
            "totalCurrentAssets": "2226000000",
            "cashAndShortTermInvestments": "716000000",
            "totalCurrentLiabilities": "1328000000",
            "currentDebt": "None",
            "netIncome": "-109000000",
            "capitalExpenditures": "26000000",
            "operatingCashflow": "-42000000",
            "grossProfit": "269000000",
            "totalRevenue": "799000000",
            "sentiment": 0,
            "surprise": "0.01",
            "closePrice": "2.62"
        },
        {
            "fiscalDateEnding": "2015-12-31",
            "totalCurrentAssets": "2320000000",
            "cashAndShortTermInvestments": "785000000",
            "totalCurrentLiabilities": "1403000000",
            "currentDebt": "None",
            "netIncome": "-102000000",
            "capitalExpenditures": "32000000",
            "operatingCashflow": "59000000",
            "grossProfit": "283000000",
            "totalRevenue": "917000000",
            "sentiment": 0,
            "surprise": "0",
            "closePrice": "1.95"
        },
        {
            "fiscalDateEnding": "2015-09-30",
            "totalCurrentAssets": "2466000000",
            "cashAndShortTermInvestments": "755000000",
            "totalCurrentLiabilities": "1449000000",
            "currentDebt": "None",
            "netIncome": "-197000000",
            "capitalExpenditures": "25000000",
            "operatingCashflow": "-56000000",
            "grossProfit": "239000000",
            "totalRevenue": "1022000000",
            "sentiment": 0,
            "surprise": "-0.05",
            "closePrice": "1.97"
        },
        {
            "fiscalDateEnding": "2015-06-30",
            "totalCurrentAssets": "2451000000",
            "cashAndShortTermInvestments": "829000000",
            "totalCurrentLiabilities": "1399000000",
            "currentDebt": "None",
            "netIncome": "-181000000",
            "capitalExpenditures": "17000000",
            "operatingCashflow": "-57000000",
            "grossProfit": "232000000",
            "totalRevenue": "902000000",
            "sentiment": 0,
            "surprise": "0",
            "closePrice": "1.87"
        },
        {
            "fiscalDateEnding": "2015-03-31",
            "totalCurrentAssets": "2497000000",
            "cashAndShortTermInvestments": "906000000",
            "totalCurrentLiabilities": "1292000000",
            "currentDebt": "None",
            "netIncome": "-180000000",
            "capitalExpenditures": "22000000",
            "operatingCashflow": "-172000000",
            "grossProfit": "326000000",
            "totalRevenue": "990000000",
            "sentiment": 0,
            "surprise": "-0.04",
            "closePrice": "2.87"
        },
        {
            "fiscalDateEnding": "2014-12-31",
            "totalCurrentAssets": "2736000000",
            "cashAndShortTermInvestments": "1040000000",
            "totalCurrentLiabilities": "1440000000",
            "currentDebt": "None",
            "netIncome": "-364000000",
            "capitalExpenditures": "22000000",
            "operatingCashflow": "116000000",
            "grossProfit": "360000000",
            "totalRevenue": "1198000000",
            "sentiment": 0,
            "surprise": "-0.1",
            "closePrice": "2.24"
        },
        {
            "fiscalDateEnding": "2014-09-30",
            "totalCurrentAssets": "3020000000",
            "cashAndShortTermInvestments": "938000000",
            "totalCurrentLiabilities": "1566000000",
            "currentDebt": "None",
            "netIncome": "17000000",
            "capitalExpenditures": "29000000",
            "operatingCashflow": "18000000",
            "grossProfit": "494000000",
            "totalRevenue": "1386000000",
            "sentiment": 0,
            "surprise": "-0.01",
            "closePrice": "2.64"
        },
        {
            "fiscalDateEnding": "2014-06-30",
            "totalCurrentAssets": "2932000000",
            "cashAndShortTermInvestments": "948000000",
            "totalCurrentLiabilities": "1505000000",
            "currentDebt": "None",
            "netIncome": "-36000000",
            "capitalExpenditures": "23000000",
            "operatingCashflow": "-28000000",
            "grossProfit": "498000000",
            "totalRevenue": "1395000000",
            "sentiment": 0,
            "surprise": "-0.01",
            "closePrice": "4.57"
        },
        {
            "fiscalDateEnding": "2014-03-31",
            "totalCurrentAssets": "2690000000",
            "cashAndShortTermInvestments": "902000000",
            "totalCurrentLiabilities": "1384000000",
            "currentDebt": "None",
            "netIncome": "-20000000",
            "capitalExpenditures": "21000000",
            "operatingCashflow": "-204000000",
            "grossProfit": "487000000",
            "totalRevenue": "1365000000",
            "sentiment": 0,
            "surprise": "None",
            "closePrice": "3.69"
        },
        {
            "fiscalDateEnding": "2013-12-31",
            "totalCurrentAssets": "2884000000",
            "cashAndShortTermInvestments": "1097000000",
            "totalCurrentLiabilities": "1618000000",
            "currentDebt": "None",
            "netIncome": "89000000",
            "capitalExpenditures": "21000000",
            "operatingCashflow": "21000000",
            "grossProfit": "553000000",
            "totalRevenue": "1545000000",
            "sentiment": 0,
            "surprise": "0.01",
            "closePrice": "4.17"
        },
        {
            "fiscalDateEnding": "2013-09-30",
            "totalCurrentAssets": "2939000000",
            "cashAndShortTermInvestments": "1060000000",
            "totalCurrentLiabilities": "1762000000",
            "currentDebt": "None",
            "netIncome": "48000000",
            "capitalExpenditures": "15000000",
            "operatingCashflow": "21000000",
            "grossProfit": "521000000",
            "totalRevenue": "1414000000",
            "sentiment": 0,
            "surprise": "0.02",
            "closePrice": "4.09"
        },
        {
            "fiscalDateEnding": "2013-06-30",
            "totalCurrentAssets": "2458000000",
            "cashAndShortTermInvestments": "968000000",
            "totalCurrentLiabilities": "1451000000",
            "currentDebt": "None",
            "netIncome": "-74000000",
            "capitalExpenditures": "28000000",
            "operatingCashflow": "-35000000",
            "grossProfit": "459000000",
            "totalRevenue": "1119000000",
            "sentiment": 0,
            "surprise": "0.03",
            "closePrice": "4.64"
        },
        {
            "fiscalDateEnding": "2013-03-31",
            "totalCurrentAssets": "2338000000",
            "cashAndShortTermInvestments": "1003000000",
            "totalCurrentLiabilities": "1321000000",
            "currentDebt": "None",
            "netIncome": "-146000000",
            "capitalExpenditures": "20000000",
            "operatingCashflow": "-155000000",
            "grossProfit": "445000000",
            "totalRevenue": "1092000000",
            "sentiment": 0,
            "surprise": "0.05",
            "closePrice": "2.51"
        },
        {
            "fiscalDateEnding": "2012-12-31",
            "totalCurrentAssets": "2265000000",
            "cashAndShortTermInvestments": "1002000000",
            "totalCurrentLiabilities": "1397000000",
            "currentDebt": "None",
            "netIncome": "-473000000",
            "capitalExpenditures": "22000000",
            "operatingCashflow": "-286000000",
            "grossProfit": "178000000",
            "totalRevenue": "1110000000",
            "sentiment": 0,
            "surprise": "0.06",
            "closePrice": "2.45"
        },
        {
            "fiscalDateEnding": "2012-09-30",
            "totalCurrentAssets": "2815000000",
            "cashAndShortTermInvestments": "1300000000",
            "totalCurrentLiabilities": "1555000000",
            "currentDebt": "None",
            "netIncome": "-157000000",
            "capitalExpenditures": "32000000",
            "operatingCashflow": "-240000000",
            "grossProfit": "392000000",
            "totalRevenue": "1225000000",
            "sentiment": 0,
            "surprise": "-0.05",
            "closePrice": "2.62"
        },
        {
            "fiscalDateEnding": "2012-06-30",
            "totalCurrentAssets": "3233000000",
            "cashAndShortTermInvestments": "1579000000",
            "totalCurrentLiabilities": "2352000000",
            "currentDebt": "None",
            "netIncome": "37000000",
            "capitalExpenditures": "39000000",
            "operatingCashflow": "81000000",
            "grossProfit": "638000000",
            "totalRevenue": "1370000000",
            "sentiment": 0,
            "surprise": "-0.01",
            "closePrice": "4.86"
        },
        {
            "fiscalDateEnding": "2012-03-31",
            "totalCurrentAssets": "3195000000",
            "cashAndShortTermInvestments": "1544000000",
            "totalCurrentLiabilities": "2347000000",
            "currentDebt": "None",
            "netIncome": "-590000000",
            "capitalExpenditures": "40000000",
            "operatingCashflow": "107000000",
            "grossProfit": "27000000",
            "totalRevenue": "1542000000",
            "sentiment": 0,
            "surprise": "0.03",
            "closePrice": "7.97"
        },
        {
            "fiscalDateEnding": "2011-12-31",
            "totalCurrentAssets": "3229000000",
            "cashAndShortTermInvestments": "1765000000",
            "totalCurrentLiabilities": "1774000000",
            "currentDebt": "None",
            "netIncome": "-177000000",
            "capitalExpenditures": "87000000",
            "operatingCashflow": "187000000",
            "grossProfit": "773000000",
            "totalRevenue": "1648000000",
            "sentiment": 0,
            "surprise": "0.03",
            "closePrice": "6.53"
        },
        {
            "fiscalDateEnding": "2011-09-30",
            "totalCurrentAssets": "3412000000",
            "cashAndShortTermInvestments": "625000000",
            "totalCurrentLiabilities": "1855000000",
            "currentDebt": "None",
            "netIncome": "97000000",
            "capitalExpenditures": "58000000",
            "operatingCashflow": "189000000",
            "grossProfit": "756000000",
            "totalRevenue": "1648000000",
            "sentiment": 0,
            "surprise": "0.05",
            "closePrice": "5.33"
        },
        {
            "fiscalDateEnding": "2011-06-30",
            "totalCurrentAssets": "3438000000",
            "cashAndShortTermInvestments": "554000000",
            "totalCurrentLiabilities": "1312000000",
            "currentDebt": "None",
            "netIncome": "61000000",
            "capitalExpenditures": "67000000",
            "operatingCashflow": "174000000",
            "grossProfit": "720000000",
            "totalRevenue": "1527000000",
            "sentiment": 0,
            "surprise": "0.01",
            "closePrice": "6.5"
        },
        {
            "fiscalDateEnding": "2011-03-31",
            "totalCurrentAssets": "3411000000",
            "cashAndShortTermInvestments": "602000000",
            "totalCurrentLiabilities": "1375000000",
            "currentDebt": "None",
            "netIncome": "510000000",
            "capitalExpenditures": "38000000",
            "operatingCashflow": "-168000000",
            "grossProfit": "691000000",
            "totalRevenue": "1565000000",
            "sentiment": 0,
            "surprise": "0.03",
            "closePrice": "8.71"
        },
        {
            "fiscalDateEnding": "2010-12-31",
            "totalCurrentAssets": "3594000000",
            "cashAndShortTermInvestments": "1789000000",
            "totalCurrentLiabilities": "1674000000",
            "currentDebt": "None",
            "netIncome": "375000000",
            "capitalExpenditures": "38000000",
            "operatingCashflow": "-213000000",
            "grossProfit": "743000000",
            "totalRevenue": "1610000000",
            "sentiment": 0,
            "surprise": "0.03",
            "closePrice": "8.02"
        },
        {
            "fiscalDateEnding": "2010-09-30",
            "totalCurrentAssets": "3212000000",
            "cashAndShortTermInvestments": "1726000000",
            "totalCurrentLiabilities": "1665000000",
            "currentDebt": "None",
            "netIncome": "-118000000",
            "capitalExpenditures": "31000000",
            "operatingCashflow": "-124000000",
            "grossProfit": "739000000",
            "totalRevenue": "1562000000",
            "sentiment": 0,
            "surprise": "0.09",
            "closePrice": "7.139"
        }
    ]
}