{
    "AMKR": [
        {
            "fiscalDateEnding": "2023-12-31",
            "totalCurrentAssets": "3195810000",
            "cashAndShortTermInvestments": "1594687000",
            "totalCurrentLiabilities": "1384475000",
            "currentDebt": "131624000",
            "netIncome": "117562000",
            "capitalExpenditures": "237813000",
            "operatingCashflow": "573833000",
            "grossProfit": "279109000",
            "totalRevenue": "1746512000",
            "sentiment": 0.2875671849308856,
            "surprise": "0.07",
            "closePrice": "32.2343381778984"
        },
        {
            "fiscalDateEnding": "2023-09-30",
            "totalCurrentAssets": "3125642000",
            "cashAndShortTermInvestments": "1174735000",
            "totalCurrentLiabilities": "1602090000",
            "currentDebt": "149890000",
            "netIncome": "132614000",
            "capitalExpenditures": "229345000",
            "operatingCashflow": "273609000",
            "grossProfit": "282753000",
            "totalRevenue": "1815270000",
            "sentiment": 0.3512206412234532,
            "surprise": "0.01",
            "closePrice": "20.3357855467084"
        },
        {
            "fiscalDateEnding": "2023-06-30",
            "totalCurrentAssets": "2999046000",
            "cashAndShortTermInvestments": "1204067000",
            "totalCurrentLiabilities": "1576488000",
            "currentDebt": "155978000",
            "netIncome": "64286000",
            "capitalExpenditures": "184085000",
            "operatingCashflow": "246832000",
            "grossProfit": "186870000",
            "totalRevenue": "1455538000",
            "sentiment": 0.3084203829685789,
            "surprise": "0.05",
            "closePrice": "28.864805904168"
        },
        {
            "fiscalDateEnding": "2023-03-31",
            "totalCurrentAssets": "3033603000",
            "cashAndShortTermInvestments": "1251624000",
            "totalCurrentLiabilities": "1457549000",
            "currentDebt": "137469000",
            "netIncome": "45351000",
            "capitalExpenditures": "98224000",
            "operatingCashflow": "175746000",
            "grossProfit": "194421000",
            "totalRevenue": "1459042000",
            "sentiment": 0.22243789040302153,
            "surprise": "0.01",
            "closePrice": "22.1307522696294"
        },
        {
            "fiscalDateEnding": "2022-12-31",
            "totalCurrentAssets": "3301239000",
            "cashAndShortTermInvestments": "1241036000",
            "totalCurrentLiabilities": "1662411000",
            "currentDebt": "143813000",
            "netIncome": "164301000",
            "capitalExpenditures": "332792000",
            "operatingCashflow": "552992000",
            "grossProfit": "334274000",
            "totalRevenue": "1890262000",
            "sentiment": 0.17354781865507263,
            "surprise": "-0.03",
            "closePrice": "26.9097398676589"
        },
        {
            "fiscalDateEnding": "2022-09-30",
            "totalCurrentAssets": "3201146000",
            "cashAndShortTermInvestments": "932147000",
            "totalCurrentLiabilities": "1789157000",
            "currentDebt": "123521000",
            "netIncome": "306081000",
            "capitalExpenditures": "235294000",
            "operatingCashflow": "83495000",
            "grossProfit": "421228000",
            "totalRevenue": "2073859000",
            "sentiment": 0.23107044140972507,
            "surprise": "0.31",
            "closePrice": "20.4514134426316"
        },
        {
            "fiscalDateEnding": "2022-06-30",
            "totalCurrentAssets": "2963887000",
            "cashAndShortTermInvestments": "1109059000",
            "totalCurrentLiabilities": "1784962000",
            "currentDebt": "127998000",
            "netIncome": "124778000",
            "capitalExpenditures": "182054000",
            "operatingCashflow": "296091000",
            "grossProfit": "249155000",
            "totalRevenue": "1498103000",
            "sentiment": 0.09670510121473933,
            "surprise": "0.03",
            "closePrice": "20.0842676529138"
        },
        {
            "fiscalDateEnding": "2022-03-31",
            "totalCurrentAssets": "2939555000",
            "cashAndShortTermInvestments": "1161818000",
            "totalCurrentLiabilities": "1623117000",
            "currentDebt": "156692000",
            "netIncome": "170663000",
            "capitalExpenditures": "158154000",
            "operatingCashflow": "166178000",
            "grossProfit": "325330000",
            "totalRevenue": "1587475000",
            "sentiment": 0.17628799999999997,
            "surprise": "0.12",
            "closePrice": "19.0958278946443"
        },
        {
            "fiscalDateEnding": "2021-12-31",
            "totalCurrentAssets": "2856563000",
            "cashAndShortTermInvestments": "1078274000",
            "totalCurrentLiabilities": "1679735000",
            "currentDebt": "153008000",
            "netIncome": "216526000",
            "capitalExpenditures": "288354000",
            "operatingCashflow": "489676000",
            "grossProfit": "362368000",
            "totalRevenue": "1672156000",
            "sentiment": 0,
            "surprise": "0.2",
            "closePrice": "20.6554560061269"
        },
        {
            "fiscalDateEnding": "2021-09-30",
            "totalCurrentAssets": "2575124000",
            "cashAndShortTermInvestments": "790062000",
            "totalCurrentLiabilities": "1738985000",
            "currentDebt": "140380000",
            "netIncome": "180854000",
            "capitalExpenditures": "217808000",
            "operatingCashflow": "175288000",
            "grossProfit": "324832000",
            "totalRevenue": "1681000000",
            "sentiment": 0,
            "surprise": "0.3039",
            "closePrice": "22.325768184712"
        },
        {
            "fiscalDateEnding": "2021-06-30",
            "totalCurrentAssets": "2371042000",
            "cashAndShortTermInvestments": "885726000",
            "totalCurrentLiabilities": "1679653000",
            "currentDebt": "134912000",
            "netIncome": "125806000",
            "capitalExpenditures": "163266000",
            "operatingCashflow": "279543000",
            "grossProfit": "272820000",
            "totalRevenue": "1406535000",
            "sentiment": 0,
            "surprise": "0.09",
            "closePrice": "22.3138523170844"
        },
        {
            "fiscalDateEnding": "2021-03-31",
            "totalCurrentAssets": "2114054000",
            "cashAndShortTermInvestments": "813967000",
            "totalCurrentLiabilities": "1316857000",
            "currentDebt": "135405000",
            "netIncome": "119809000",
            "capitalExpenditures": "110351000",
            "operatingCashflow": "176788000",
            "grossProfit": "265534000",
            "totalRevenue": "1326150000",
            "sentiment": 0,
            "surprise": "0.03",
            "closePrice": "23.2253867020987"
        },
        {
            "fiscalDateEnding": "2020-12-31",
            "totalCurrentAssets": "2132932000",
            "cashAndShortTermInvestments": "831771000",
            "totalCurrentLiabilities": "1315987000",
            "currentDebt": "149007000",
            "netIncome": "126674000",
            "capitalExpenditures": "277490000",
            "operatingCashflow": "335985000",
            "grossProfit": "278501000",
            "totalRevenue": "1371041000",
            "sentiment": 0,
            "surprise": "0.15",
            "closePrice": "18.6576658001612"
        },
        {
            "fiscalDateEnding": "2020-09-30",
            "totalCurrentAssets": "2268571000",
            "cashAndShortTermInvestments": "922895000",
            "totalCurrentLiabilities": "1375370000",
            "currentDebt": "136526000",
            "netIncome": "92151000",
            "capitalExpenditures": "141191000",
            "operatingCashflow": "191646000",
            "grossProfit": "241085000",
            "totalRevenue": "1354023000",
            "sentiment": 0,
            "surprise": "0.07",
            "closePrice": "12.9510440550476"
        },
        {
            "fiscalDateEnding": "2020-06-30",
            "totalCurrentAssets": "2341795000",
            "cashAndShortTermInvestments": "1093862000",
            "totalCurrentLiabilities": "1282835000",
            "currentDebt": "148872000",
            "netIncome": "55424000",
            "capitalExpenditures": "78452000",
            "operatingCashflow": "145813000",
            "grossProfit": "192320000",
            "totalRevenue": "1172909000",
            "sentiment": 0,
            "surprise": "0.26",
            "closePrice": "13.1928484623487"
        },
        {
            "fiscalDateEnding": "2020-03-31",
            "totalCurrentAssets": "2153703000",
            "cashAndShortTermInvestments": "999710000",
            "totalCurrentLiabilities": "1047749000",
            "currentDebt": "141521000",
            "netIncome": "63889000",
            "capitalExpenditures": "55888000",
            "operatingCashflow": "96589000",
            "grossProfit": "188908000",
            "totalRevenue": "1152616000",
            "sentiment": 0,
            "surprise": "0.1",
            "closePrice": "9.85594764159336"
        },
        {
            "fiscalDateEnding": "2019-12-31",
            "totalCurrentAssets": "2001533000",
            "cashAndShortTermInvestments": "901296000",
            "totalCurrentLiabilities": "1059803000",
            "currentDebt": "144479000",
            "netIncome": "99147000",
            "capitalExpenditures": "143936000",
            "operatingCashflow": "280518000",
            "grossProfit": "222984000",
            "totalRevenue": "1178464000",
            "sentiment": 0,
            "surprise": "0.18",
            "closePrice": "11.1713636173114"
        },
        {
            "fiscalDateEnding": "2019-09-30",
            "totalCurrentAssets": "1663001000",
            "cashAndShortTermInvestments": "598753000",
            "totalCurrentLiabilities": "992255000",
            "currentDebt": "102952000",
            "netIncome": "54070000",
            "capitalExpenditures": "54825000",
            "operatingCashflow": "114404000",
            "grossProfit": "182240000",
            "totalRevenue": "1083917000",
            "sentiment": 0,
            "surprise": "0.15",
            "closePrice": "10.7167713315853"
        },
        {
            "fiscalDateEnding": "2019-06-30",
            "totalCurrentAssets": "1513120000",
            "cashAndShortTermInvestments": "551438000",
            "totalCurrentLiabilities": "1038893000",
            "currentDebt": "198230000",
            "netIncome": "-9450000",
            "capitalExpenditures": "70456000",
            "operatingCashflow": "116871000",
            "grossProfit": "123454000",
            "totalRevenue": "895305000",
            "sentiment": 0,
            "surprise": "0.12",
            "closePrice": "7.91184020689241"
        },
        {
            "fiscalDateEnding": "2019-03-31",
            "totalCurrentAssets": "2002929000",
            "cashAndShortTermInvestments": "1055402000",
            "totalCurrentLiabilities": "1467618000",
            "currentDebt": "638702000",
            "netIncome": "-22879000",
            "capitalExpenditures": "203216000",
            "operatingCashflow": "52057000",
            "grossProfit": "120761000",
            "totalRevenue": "894964000",
            "sentiment": 0,
            "surprise": "0.06",
            "closePrice": "8.66626995767189"
        },
        {
            "fiscalDateEnding": "2018-12-31",
            "totalCurrentAssets": "1671208000",
            "cashAndShortTermInvestments": "681569000",
            "totalCurrentLiabilities": "1158423000",
            "currentDebt": "114579000",
            "netIncome": "28295000",
            "capitalExpenditures": "69086000",
            "operatingCashflow": "236192000",
            "grossProfit": "182370000",
            "totalRevenue": "1081271000",
            "sentiment": 0,
            "surprise": "0.04",
            "closePrice": "8.20200549565375"
        },
        {
            "fiscalDateEnding": "2018-09-30",
            "totalCurrentAssets": "1611236000",
            "cashAndShortTermInvestments": "547665000",
            "totalCurrentLiabilities": "1171333000",
            "currentDebt": "97646000",
            "netIncome": "56662000",
            "capitalExpenditures": "88468000",
            "operatingCashflow": "220839000",
            "grossProfit": "200707000",
            "totalRevenue": "1144192000",
            "sentiment": 0,
            "surprise": "0.07",
            "closePrice": "5.83232230410284"
        },
        {
            "fiscalDateEnding": "2018-06-30",
            "totalCurrentAssets": "1458179000",
            "cashAndShortTermInvestments": "380262000",
            "totalCurrentLiabilities": "1161652000",
            "currentDebt": "115057000",
            "netIncome": "32591000",
            "capitalExpenditures": "158965000",
            "operatingCashflow": "58748000",
            "grossProfit": "169717000",
            "totalRevenue": "1065684000",
            "sentiment": 0,
            "surprise": "0.09",
            "closePrice": "8.69528648654802"
        },
        {
            "fiscalDateEnding": "2018-03-31",
            "totalCurrentAssets": "1491584000",
            "cashAndShortTermInvestments": "495183000",
            "totalCurrentLiabilities": "1168081000",
            "currentDebt": "105451000",
            "netIncome": "9544000",
            "capitalExpenditures": "230603000",
            "operatingCashflow": "147631000",
            "grossProfit": "157771000",
            "totalRevenue": "1025319000",
            "sentiment": 0,
            "surprise": "-0.01",
            "closePrice": "8.8210247783446"
        },
        {
            "fiscalDateEnding": "2017-12-31",
            "totalCurrentAssets": "1644004000",
            "cashAndShortTermInvestments": "596364000",
            "totalCurrentLiabilities": "1318059000",
            "currentDebt": "123848000",
            "netIncome": "100059000",
            "capitalExpenditures": "136969000",
            "operatingCashflow": "204356000",
            "grossProfit": "224341000",
            "totalRevenue": "1150478000",
            "sentiment": 0,
            "surprise": "0.06",
            "closePrice": "9.18856747744229"
        },
        {
            "fiscalDateEnding": "2017-09-30",
            "totalCurrentAssets": "1566472000",
            "cashAndShortTermInvestments": "519449000",
            "totalCurrentLiabilities": "1355739000",
            "currentDebt": "117970000",
            "netIncome": "59264000",
            "capitalExpenditures": "142323000",
            "operatingCashflow": "213952000",
            "grossProfit": "223888000",
            "totalRevenue": "1148884000",
            "sentiment": 0,
            "surprise": "0.06",
            "closePrice": "10.7264435078774"
        },
        {
            "fiscalDateEnding": "2017-06-30",
            "totalCurrentAssets": "1596632000",
            "cashAndShortTermInvestments": "657627000",
            "totalCurrentLiabilities": "1388091000",
            "currentDebt": "313004000",
            "netIncome": "119013000",
            "capitalExpenditures": "183366000",
            "operatingCashflow": "97282000",
            "grossProfit": "176616000",
            "totalRevenue": "1008385000",
            "sentiment": 0,
            "surprise": "0.02",
            "closePrice": "10.0300468148502"
        },
        {
            "fiscalDateEnding": "2017-03-31",
            "totalCurrentAssets": "1494665000",
            "cashAndShortTermInvestments": "613974000",
            "totalCurrentLiabilities": "1039107000",
            "currentDebt": "36927000",
            "netIncome": "-14786000",
            "capitalExpenditures": "88285000",
            "operatingCashflow": "102677000",
            "grossProfit": "136234000",
            "totalRevenue": "899284000",
            "sentiment": 0,
            "surprise": "-0.02",
            "closePrice": "11.9257933680909"
        },
        {
            "fiscalDateEnding": "2016-12-31",
            "totalCurrentAssets": "1409696000",
            "cashAndShortTermInvestments": "549518000",
            "totalCurrentLiabilities": "1005661000",
            "currentDebt": "35192000",
            "netIncome": "100263000",
            "capitalExpenditures": "168368000",
            "operatingCashflow": "237786000",
            "grossProfit": "227187000",
            "totalRevenue": "1124796000",
            "sentiment": 0,
            "surprise": "0.15",
            "closePrice": "10.0977520488945"
        },
        {
            "fiscalDateEnding": "2016-09-30",
            "totalCurrentAssets": "1487046000",
            "cashAndShortTermInvestments": "549836000",
            "totalCurrentLiabilities": "1074960000",
            "currentDebt": "30834000",
            "netIncome": "60089000",
            "capitalExpenditures": "125696000",
            "operatingCashflow": "218417000",
            "grossProfit": "213800000",
            "totalRevenue": "1057736000",
            "sentiment": 0,
            "surprise": "0.04",
            "closePrice": "8.96610742272526"
        },
        {
            "fiscalDateEnding": "2016-06-30",
            "totalCurrentAssets": "1362527000",
            "cashAndShortTermInvestments": "499320000",
            "totalCurrentLiabilities": "1036844000",
            "currentDebt": "96215000",
            "netIncome": "4713000",
            "capitalExpenditures": "157186000",
            "operatingCashflow": "135101000",
            "grossProfit": "131606000",
            "totalRevenue": "896046000",
            "sentiment": 0,
            "surprise": "0.1",
            "closePrice": "6.23855370836871"
        },
        {
            "fiscalDateEnding": "2016-03-31",
            "totalCurrentAssets": "1219573000",
            "cashAndShortTermInvestments": "413465000",
            "totalCurrentLiabilities": "940110000",
            "currentDebt": "26183000",
            "netIncome": "-875000",
            "capitalExpenditures": "198788000",
            "operatingCashflow": "138098000",
            "grossProfit": "122884000",
            "totalRevenue": "849271000",
            "sentiment": 0,
            "surprise": "0.0763",
            "closePrice": "5.648550954554"
        },
        {
            "fiscalDateEnding": "2015-12-31",
            "totalCurrentAssets": "1317480000",
            "cashAndShortTermInvestments": "523172000",
            "totalCurrentLiabilities": "1018184000",
            "currentDebt": "76770000",
            "netIncome": "-10562000",
            "capitalExpenditures": "185331000",
            "operatingCashflow": "154579000",
            "grossProfit": "102620000",
            "totalRevenue": "650805000",
            "sentiment": 0,
            "surprise": "-0.01",
            "closePrice": "5.0198594955711"
        },
        {
            "fiscalDateEnding": "2015-09-30",
            "totalCurrentAssets": "1104771000",
            "cashAndShortTermInvestments": "430444000",
            "totalCurrentLiabilities": "752191000",
            "currentDebt": "0",
            "netIncome": "27735000",
            "capitalExpenditures": "158284000",
            "operatingCashflow": "202115000",
            "grossProfit": "126600000",
            "totalRevenue": "725689000",
            "sentiment": 0,
            "surprise": "0.09",
            "closePrice": "5.46477960500515"
        },
        {
            "fiscalDateEnding": "2015-06-30",
            "totalCurrentAssets": "1152378000",
            "cashAndShortTermInvestments": "442297000",
            "totalCurrentLiabilities": "717398000",
            "currentDebt": "0",
            "netIncome": "7327000",
            "capitalExpenditures": "88211000",
            "operatingCashflow": "63257000",
            "grossProfit": "115098000",
            "totalRevenue": "716026000",
            "sentiment": 0,
            "surprise": "-0.03",
            "closePrice": "4.7587107356859"
        },
        {
            "fiscalDateEnding": "2015-03-31",
            "totalCurrentAssets": "1205950000",
            "cashAndShortTermInvestments": "494189000",
            "totalCurrentLiabilities": "701395000",
            "currentDebt": "30000000",
            "netIncome": "28781000",
            "capitalExpenditures": "106149000",
            "operatingCashflow": "165024000",
            "grossProfit": "134947000",
            "totalRevenue": "719874000",
            "sentiment": 0,
            "surprise": "0.02",
            "closePrice": "7.67970797588334"
        },
        {
            "fiscalDateEnding": "2014-12-31",
            "totalCurrentAssets": "1197948000",
            "cashAndShortTermInvestments": "449946000",
            "totalCurrentLiabilities": "700590000",
            "currentDebt": "5000000",
            "netIncome": "12488000",
            "capitalExpenditures": "238812000",
            "operatingCashflow": "208998000",
            "grossProfit": "120071000",
            "totalRevenue": "824244000",
            "sentiment": 0,
            "surprise": "0.24",
            "closePrice": "6.81888428589138"
        },
        {
            "fiscalDateEnding": "2014-09-30",
            "totalCurrentAssets": "1270385000",
            "cashAndShortTermInvestments": "488273000",
            "totalCurrentLiabilities": "929228000",
            "currentDebt": "10000000",
            "netIncome": "47097000",
            "capitalExpenditures": "211916000",
            "operatingCashflow": "170415000",
            "grossProfit": "153217000",
            "totalRevenue": "797892000",
            "sentiment": 0,
            "surprise": "-0.04",
            "closePrice": "7.24446004274134"
        },
        {
            "fiscalDateEnding": "2014-06-30",
            "totalCurrentAssets": "1247925000",
            "cashAndShortTermInvestments": "528616000",
            "totalCurrentLiabilities": "817853000",
            "currentDebt": "10000000",
            "netIncome": "49521000",
            "capitalExpenditures": "134393000",
            "operatingCashflow": "103307000",
            "grossProfit": "150714000",
            "totalRevenue": "750695000",
            "sentiment": 0,
            "surprise": "0.06",
            "closePrice": "9.47873276620362"
        },
        {
            "fiscalDateEnding": "2014-03-31",
            "totalCurrentAssets": "1280759000",
            "cashAndShortTermInvestments": "631266000",
            "totalCurrentLiabilities": "741697000",
            "currentDebt": "66350000",
            "netIncome": "20633000",
            "capitalExpenditures": "95999000",
            "operatingCashflow": "131946000",
            "grossProfit": "128820000",
            "totalRevenue": "672699000",
            "sentiment": 0,
            "surprise": "0.06",
            "closePrice": "6.83822863847547"
        },
        {
            "fiscalDateEnding": "2013-12-31",
            "totalCurrentAssets": "1232416000",
            "cashAndShortTermInvestments": "613123000",
            "totalCurrentLiabilities": "690936000",
            "currentDebt": "61350000",
            "netIncome": "40838000",
            "capitalExpenditures": "164252000",
            "operatingCashflow": "182291000",
            "grossProfit": "150173000",
            "totalRevenue": "736353000",
            "sentiment": 0,
            "surprise": "0.04",
            "closePrice": "5.14559778736768"
        },
        {
            "fiscalDateEnding": "2013-09-30",
            "totalCurrentAssets": "1288783000",
            "cashAndShortTermInvestments": "593991000",
            "totalCurrentLiabilities": "779683000",
            "currentDebt": "56350000",
            "netIncome": "25349000",
            "capitalExpenditures": "179330000",
            "operatingCashflow": "174395000",
            "grossProfit": "141008000",
            "totalRevenue": "746204000",
            "sentiment": 0,
            "surprise": "0.05",
            "closePrice": "4.6716611490575"
        },
        {
            "fiscalDateEnding": "2013-06-30",
            "totalCurrentAssets": "1337155000",
            "cashAndShortTermInvestments": "638688000",
            "totalCurrentLiabilities": "773703000",
            "currentDebt": "56350000",
            "netIncome": "29727000",
            "capitalExpenditures": "110131000",
            "operatingCashflow": "102176000",
            "grossProfit": "138379000",
            "totalRevenue": "709336000",
            "sentiment": 0,
            "surprise": "0.03",
            "closePrice": "4.26542974479163"
        },
        {
            "fiscalDateEnding": "2013-03-31",
            "totalCurrentAssets": "1132713000",
            "cashAndShortTermInvestments": "469382000",
            "totalCurrentLiabilities": "664784000",
            "currentDebt": "0",
            "netIncome": "13382000",
            "capitalExpenditures": "112543000",
            "operatingCashflow": "98674000",
            "grossProfit": "114953000",
            "totalRevenue": "667444000",
            "sentiment": 0,
            "surprise": "0.02",
            "closePrice": "3.73346004872918"
        },
        {
            "fiscalDateEnding": "2012-12-31",
            "totalCurrentAssets": "1091408000",
            "cashAndShortTermInvestments": "415728000",
            "totalCurrentLiabilities": "652627000",
            "currentDebt": "0",
            "netIncome": "7146000",
            "capitalExpenditures": "153168000",
            "operatingCashflow": "104627000",
            "grossProfit": "112722000",
            "totalRevenue": "700833000",
            "sentiment": 0,
            "surprise": "0.01",
            "closePrice": "4.82641596973021"
        },
        {
            "fiscalDateEnding": "2012-09-30",
            "totalCurrentAssets": "1182941000",
            "cashAndShortTermInvestments": "551765000",
            "totalCurrentLiabilities": "738443000",
            "currentDebt": "40475000",
            "netIncome": "22317000",
            "capitalExpenditures": "147662000",
            "operatingCashflow": "141973000",
            "grossProfit": "116787000",
            "totalRevenue": "674042000",
            "sentiment": 0,
            "surprise": "-0.05",
            "closePrice": "4.01395316119847"
        },
        {
            "fiscalDateEnding": "2012-06-30",
            "totalCurrentAssets": "972299000",
            "cashAndShortTermInvestments": "353863000",
            "totalCurrentLiabilities": "708250000",
            "currentDebt": "69358000",
            "netIncome": "581000",
            "capitalExpenditures": "111595000",
            "operatingCashflow": "86357000",
            "grossProfit": "89320000",
            "totalRevenue": "663626000",
            "sentiment": 0,
            "surprise": "0.02",
            "closePrice": "4.74903855939386"
        },
        {
            "fiscalDateEnding": "2012-03-31",
            "totalCurrentAssets": "992405000",
            "cashAndShortTermInvestments": "383812000",
            "totalCurrentLiabilities": "650762000",
            "currentDebt": "53027000",
            "netIncome": "11774000",
            "capitalExpenditures": "121087000",
            "operatingCashflow": "56106000",
            "grossProfit": "104981000",
            "totalRevenue": "636523000",
            "sentiment": 0,
            "surprise": "0.04",
            "closePrice": "5.71625618859831"
        },
        {
            "fiscalDateEnding": "2011-12-31",
            "totalCurrentAssets": "996830000",
            "cashAndShortTermInvestments": "437311000",
            "totalCurrentLiabilities": "642186000",
            "currentDebt": "59395000",
            "netIncome": "24850000",
            "capitalExpenditures": "142345000",
            "operatingCashflow": "141040000",
            "grossProfit": "111827000",
            "totalRevenue": "664048000",
            "sentiment": 0,
            "surprise": "0.04",
            "closePrice": "6.00642147735964"
        },
        {
            "fiscalDateEnding": "2011-09-30",
            "totalCurrentAssets": "1136449000",
            "cashAndShortTermInvestments": "503109000",
            "totalCurrentLiabilities": "775275000",
            "currentDebt": "100322000",
            "netIncome": "27367000",
            "capitalExpenditures": "99720000",
            "operatingCashflow": "141895000",
            "grossProfit": "122239000",
            "totalRevenue": "726066000",
            "sentiment": 0,
            "surprise": "-0.03",
            "closePrice": "4.89412120377452"
        },
        {
            "fiscalDateEnding": "2011-06-30",
            "totalCurrentAssets": "1110915000",
            "cashAndShortTermInvestments": "495186000",
            "totalCurrentLiabilities": "680298000",
            "currentDebt": "99275000",
            "netIncome": "14488000",
            "capitalExpenditures": "110748000",
            "operatingCashflow": "113670000",
            "grossProfit": "129817000",
            "totalRevenue": "650114000",
            "sentiment": 0,
            "surprise": "0.03",
            "closePrice": "5.30035260804039"
        },
        {
            "fiscalDateEnding": "2011-03-31",
            "totalCurrentAssets": "1010783000",
            "cashAndShortTermInvestments": "412663000",
            "totalCurrentLiabilities": "704118000",
            "currentDebt": "132620000",
            "netIncome": "25103000",
            "capitalExpenditures": "113881000",
            "operatingCashflow": "120227000",
            "grossProfit": "126686000",
            "totalRevenue": "645017000",
            "sentiment": 0,
            "surprise": "0.01",
            "closePrice": "6.519046820838"
        },
        {
            "fiscalDateEnding": "2010-12-31",
            "totalCurrentAssets": "1062067000",
            "cashAndShortTermInvestments": "422780000",
            "totalCurrentLiabilities": "772208000",
            "currentDebt": "150081000",
            "netIncome": "50604000",
            "capitalExpenditures": "168997000",
            "operatingCashflow": "175633000",
            "grossProfit": "159343000",
            "totalRevenue": "727336000",
            "sentiment": 0,
            "surprise": "-0.06",
            "closePrice": "7.92151238318446"
        },
        {
            "fiscalDateEnding": "2010-09-30",
            "totalCurrentAssets": "1136065000",
            "cashAndShortTermInvestments": "420177000",
            "totalCurrentLiabilities": "901396000",
            "currentDebt": "144885000",
            "netIncome": "78020000",
            "capitalExpenditures": "133744000",
            "operatingCashflow": "176454000",
            "grossProfit": "188258000",
            "totalRevenue": "766361000",
            "sentiment": 0,
            "surprise": "-0.08",
            "closePrice": "7.13806610352885"
        },
        {
            "fiscalDateEnding": "2010-06-30",
            "totalCurrentAssets": "1096925000",
            "cashAndShortTermInvestments": "440482000",
            "totalCurrentLiabilities": "804116000",
            "currentDebt": "144500000",
            "netIncome": "59050000",
            "capitalExpenditures": "75836000",
            "operatingCashflow": "86779000",
            "grossProfit": "179199000",
            "totalRevenue": "708216000",
            "sentiment": 0,
            "surprise": "0.02",
            "closePrice": "5.62920660196991"
        }
    ]
}