{
    "AMPL": [
        {
            "fiscalDateEnding": "2023-12-31",
            "totalCurrentAssets": "379964000",
            "cashAndShortTermInvestments": "322400000",
            "totalCurrentLiabilities": "132293000",
            "currentDebt": "None",
            "netIncome": "-18543000",
            "capitalExpenditures": "839000",
            "operatingCashflow": "2321000",
            "grossProfit": "53138000",
            "totalRevenue": "71403000",
            "sentiment": 0.2509965180918531,
            "surprise": "0.01",
            "closePrice": "14.07"
        },
        {
            "fiscalDateEnding": "2023-09-30",
            "totalCurrentAssets": "386174000",
            "cashAndShortTermInvestments": "321477000",
            "totalCurrentLiabilities": "142486000",
            "currentDebt": "None",
            "netIncome": "-17747000",
            "capitalExpenditures": "476000",
            "operatingCashflow": "7964000",
            "grossProfit": "53346000",
            "totalRevenue": "70637000",
            "sentiment": 0.29478587998233413,
            "surprise": "0.02",
            "closePrice": "11.15"
        },
        {
            "fiscalDateEnding": "2023-06-30",
            "totalCurrentAssets": "352689000",
            "cashAndShortTermInvestments": "290364000",
            "totalCurrentLiabilities": "137987000",
            "currentDebt": "None",
            "netIncome": "-27758000",
            "capitalExpenditures": "1091000",
            "operatingCashflow": "20406000",
            "grossProfit": "50587000",
            "totalRevenue": "67767000",
            "sentiment": 0.1944678066121341,
            "surprise": "0",
            "closePrice": "10.69"
        },
        {
            "fiscalDateEnding": "2023-03-31",
            "totalCurrentAssets": "326626000",
            "cashAndShortTermInvestments": "267294000",
            "totalCurrentLiabilities": "112681000",
            "currentDebt": "None",
            "netIncome": "-26315000",
            "capitalExpenditures": "777000",
            "operatingCashflow": "-5061000",
            "grossProfit": "47290000",
            "totalRevenue": "66477000",
            "sentiment": 0.26092066923371454,
            "surprise": "0.02",
            "closePrice": "11.63"
        },
        {
            "fiscalDateEnding": "2022-12-31",
            "totalCurrentAssets": "284434000",
            "cashAndShortTermInvestments": "230465000",
            "totalCurrentLiabilities": "109182000",
            "currentDebt": "None",
            "netIncome": "-24045000",
            "capitalExpenditures": "1274000",
            "operatingCashflow": "-4598000",
            "grossProfit": "46015000",
            "totalRevenue": "65258000",
            "sentiment": 0.25584323566274836,
            "surprise": "0.01",
            "closePrice": "16.74"
        },
        {
            "fiscalDateEnding": "2022-09-30",
            "totalCurrentAssets": "309067000",
            "cashAndShortTermInvestments": "247248000",
            "totalCurrentLiabilities": "123524000",
            "currentDebt": "None",
            "netIncome": "-22544000",
            "capitalExpenditures": "747000",
            "operatingCashflow": "-3139000",
            "grossProfit": "43538000",
            "totalRevenue": "61614000",
            "sentiment": 0.23055458329364864,
            "surprise": "0.05",
            "closePrice": "14.88"
        },
        {
            "fiscalDateEnding": "2022-06-30",
            "totalCurrentAssets": "366356000",
            "cashAndShortTermInvestments": "310024000",
            "totalCurrentLiabilities": "117944000",
            "currentDebt": "None",
            "netIncome": "-24568000",
            "capitalExpenditures": "2481000",
            "operatingCashflow": "10642000",
            "grossProfit": "41070000",
            "totalRevenue": "58130000",
            "sentiment": 0.05324695431623215,
            "surprise": "0.04",
            "closePrice": "16.12"
        },
        {
            "fiscalDateEnding": "2022-03-31",
            "totalCurrentAssets": "354148000",
            "cashAndShortTermInvestments": "300422000",
            "totalCurrentLiabilities": "99869000",
            "currentDebt": "None",
            "netIncome": "-22220000",
            "capitalExpenditures": "1307000",
            "operatingCashflow": "-8289000",
            "grossProfit": "37002000",
            "totalRevenue": "53065000",
            "sentiment": 0.054954288774101016,
            "surprise": "0.03",
            "closePrice": "16.92"
        },
        {
            "fiscalDateEnding": "2021-12-31",
            "totalCurrentAssets": "355117000",
            "cashAndShortTermInvestments": "307445000",
            "totalCurrentLiabilities": "90593000",
            "currentDebt": "None",
            "netIncome": "-21902000",
            "capitalExpenditures": "1140000",
            "operatingCashflow": "-11104000",
            "grossProfit": "34032000",
            "totalRevenue": "49424000",
            "sentiment": 0,
            "surprise": "0.03",
            "closePrice": "41.61"
        },
        {
            "fiscalDateEnding": "2021-09-30",
            "totalCurrentAssets": "367931000",
            "cashAndShortTermInvestments": "317763000",
            "totalCurrentLiabilities": "99511000",
            "currentDebt": "None",
            "netIncome": "-36559000",
            "capitalExpenditures": "696000",
            "operatingCashflow": "-15086000",
            "grossProfit": "31491000",
            "totalRevenue": "45473000",
            "sentiment": 0,
            "surprise": "0.09",
            "closePrice": "84.8"
        }
    ]
}