{
    "ANET": [
        {
            "fiscalDateEnding": "2023-12-31",
            "totalCurrentAssets": "8390235000",
            "cashAndShortTermInvestments": "5007968000",
            "totalCurrentLiabilities": "1909606000",
            "currentDebt": "None",
            "netIncome": "613636000",
            "capitalExpenditures": "6010000",
            "operatingCashflow": "526464000",
            "grossProfit": "999226000",
            "totalRevenue": "1540437000",
            "sentiment": 0.24471368859403614,
            "surprise": "0.38",
            "closePrice": "280.88"
        },
        {
            "fiscalDateEnding": "2023-09-30",
            "totalCurrentAssets": "7654998000",
            "cashAndShortTermInvestments": "4455603000",
            "totalCurrentLiabilities": "1846725000",
            "currentDebt": "None",
            "netIncome": "545327000",
            "capitalExpenditures": "11212000",
            "operatingCashflow": "698977000",
            "grossProfit": "942419000",
            "totalRevenue": "1509456000",
            "sentiment": 0.23857125834559478,
            "surprise": "0.25",
            "closePrice": "175.72"
        },
        {
            "fiscalDateEnding": "2023-06-30",
            "totalCurrentAssets": "6851557000",
            "cashAndShortTermInvestments": "3741126000",
            "totalCurrentLiabilities": "1655792000",
            "currentDebt": "None",
            "netIncome": "491885000",
            "capitalExpenditures": "11581000",
            "operatingCashflow": "434090000",
            "grossProfit": "884129000",
            "totalRevenue": "1458924000",
            "sentiment": 0.19921085983479062,
            "surprise": "0.14",
            "closePrice": "155.09"
        },
        {
            "fiscalDateEnding": "2023-03-31",
            "totalCurrentAssets": "6270533000",
            "cashAndShortTermInvestments": "3331130000",
            "totalCurrentLiabilities": "1584909000",
            "currentDebt": "None",
            "netIncome": "436473000",
            "capitalExpenditures": "5631000",
            "operatingCashflow": "374483000",
            "grossProfit": "804507000",
            "totalRevenue": "1351351000",
            "sentiment": 0.22777152988881272,
            "surprise": "0.09",
            "closePrice": "160.16"
        },
        {
            "fiscalDateEnding": "2022-12-31",
            "totalCurrentAssets": "5550748000",
            "cashAndShortTermInvestments": "3023729000",
            "totalCurrentLiabilities": "1293531000",
            "currentDebt": "None",
            "netIncome": "427089000",
            "capitalExpenditures": "10460000",
            "operatingCashflow": "40473000",
            "grossProfit": "768606000",
            "totalRevenue": "1275552000",
            "sentiment": 0.204213348812372,
            "surprise": "0.2",
            "closePrice": "136.0"
        },
        {
            "fiscalDateEnding": "2022-09-30",
            "totalCurrentAssets": "5031678000",
            "cashAndShortTermInvestments": "2980071000",
            "totalCurrentLiabilities": "1254912000",
            "currentDebt": "None",
            "netIncome": "353999000",
            "capitalExpenditures": "10440000",
            "operatingCashflow": "134105000",
            "grossProfit": "709980000",
            "totalRevenue": "1176801000",
            "sentiment": 0.28608399852154376,
            "surprise": "0.21",
            "closePrice": "120.86"
        },
        {
            "fiscalDateEnding": "2022-06-30",
            "totalCurrentAssets": "4729195000",
            "cashAndShortTermInvestments": "2901902000",
            "totalCurrentLiabilities": "1278026000",
            "currentDebt": "None",
            "netIncome": "299099000",
            "capitalExpenditures": "8868000",
            "operatingCashflow": "101097000",
            "grossProfit": "643265000",
            "totalRevenue": "1051891000",
            "sentiment": 0.028185446283940804,
            "surprise": "0.17",
            "closePrice": "117.61"
        },
        {
            "fiscalDateEnding": "2022-03-31",
            "totalCurrentAssets": "5105174000",
            "cashAndShortTermInvestments": "3423914000",
            "totalCurrentLiabilities": "1369005000",
            "currentDebt": "None",
            "netIncome": "272259000",
            "capitalExpenditures": "14876000",
            "operatingCashflow": "217138000",
            "grossProfit": "553845000",
            "totalRevenue": "877066000",
            "sentiment": 0.06371690054389242,
            "surprise": "0.03",
            "closePrice": "118.26"
        },
        {
            "fiscalDateEnding": "2021-12-31",
            "totalCurrentAssets": "4812676000",
            "cashAndShortTermInvestments": "3408315000",
            "totalCurrentLiabilities": "1109829000",
            "currentDebt": "None",
            "netIncome": "239295000",
            "capitalExpenditures": "9281000",
            "operatingCashflow": "225236000",
            "grossProfit": "522714000",
            "totalRevenue": "824459000",
            "sentiment": 0,
            "surprise": "0.09",
            "closePrice": "122.82"
        },
        {
            "fiscalDateEnding": "2021-09-30",
            "totalCurrentAssets": "4523958000",
            "cashAndShortTermInvestments": "3386481000",
            "totalCurrentLiabilities": "893387000",
            "currentDebt": "None",
            "netIncome": "224305000",
            "capitalExpenditures": "45888000",
            "operatingCashflow": "272579000",
            "grossProfit": "478615000",
            "totalRevenue": "748697000",
            "sentiment": 0,
            "surprise": "0.06",
            "closePrice": "102.1425"
        },
        {
            "fiscalDateEnding": "2021-06-30",
            "totalCurrentAssets": "4328395000",
            "cashAndShortTermInvestments": "3281703000",
            "totalCurrentLiabilities": "859935000",
            "currentDebt": "None",
            "netIncome": "196888000",
            "capitalExpenditures": "4471000",
            "operatingCashflow": "263366000",
            "grossProfit": "454178000",
            "totalRevenue": "707319000",
            "sentiment": 0,
            "surprise": "0.04",
            "closePrice": "94.295"
        },
        {
            "fiscalDateEnding": "2021-03-31",
            "totalCurrentAssets": "4002895000",
            "cashAndShortTermInvestments": "3027666000",
            "totalCurrentLiabilities": "786532000",
            "currentDebt": "None",
            "netIncome": "180366000",
            "capitalExpenditures": "5096000",
            "operatingCashflow": "254675000",
            "grossProfit": "425272000",
            "totalRevenue": "667562000",
            "sentiment": 0,
            "surprise": "0.03",
            "closePrice": "76.385"
        },
        {
            "fiscalDateEnding": "2020-12-31",
            "totalCurrentAssets": "3836998000",
            "cashAndShortTermInvestments": "2872868000",
            "totalCurrentLiabilities": "768243000",
            "currentDebt": "None",
            "netIncome": "182958000",
            "capitalExpenditures": "7683000",
            "operatingCashflow": "186924000",
            "grossProfit": "414584000",
            "totalRevenue": "648482000",
            "sentiment": 0,
            "surprise": "0.02",
            "closePrice": "77.2125"
        },
        {
            "fiscalDateEnding": "2020-09-30",
            "totalCurrentAssets": "3653867000",
            "cashAndShortTermInvestments": "2845901000",
            "totalCurrentLiabilities": "664783000",
            "currentDebt": "None",
            "netIncome": "168375000",
            "capitalExpenditures": "2523000",
            "operatingCashflow": "215127000",
            "grossProfit": "384962000",
            "totalRevenue": "605431000",
            "sentiment": 0,
            "surprise": "0.06",
            "closePrice": "54.03"
        },
        {
            "fiscalDateEnding": "2020-06-30",
            "totalCurrentAssets": "3576878000",
            "cashAndShortTermInvestments": "2781771000",
            "totalCurrentLiabilities": "640181000",
            "currentDebt": "None",
            "netIncome": "144793000",
            "capitalExpenditures": "2071000",
            "operatingCashflow": "138216000",
            "grossProfit": "344089000",
            "totalRevenue": "540570000",
            "sentiment": 0,
            "surprise": "0.04",
            "closePrice": "65.9975"
        },
        {
            "fiscalDateEnding": "2020-03-31",
            "totalCurrentAssets": "3336899000",
            "cashAndShortTermInvestments": "2636993000",
            "totalCurrentLiabilities": "573007000",
            "currentDebt": "None",
            "netIncome": "138431000",
            "capitalExpenditures": "3107000",
            "operatingCashflow": "194847000",
            "grossProfit": "338251000",
            "totalRevenue": "523029000",
            "sentiment": 0,
            "surprise": "0.06",
            "closePrice": "55.11"
        },
        {
            "fiscalDateEnding": "2019-12-31",
            "totalCurrentAssets": "3471636000",
            "cashAndShortTermInvestments": "2724368000",
            "totalCurrentLiabilities": "597074000",
            "currentDebt": "16052000",
            "netIncome": "260692000",
            "capitalExpenditures": "2432000",
            "operatingCashflow": "327161000",
            "grossProfit": "356303000",
            "totalRevenue": "552546000",
            "sentiment": 0,
            "surprise": "0.05",
            "closePrice": "59.405"
        },
        {
            "fiscalDateEnding": "2019-09-30",
            "totalCurrentAssets": "3240420000",
            "cashAndShortTermInvestments": "2447040000",
            "totalCurrentLiabilities": "548189000",
            "currentDebt": "15545000",
            "netIncome": "208895000",
            "capitalExpenditures": "4680000",
            "operatingCashflow": "269397000",
            "grossProfit": "417274000",
            "totalRevenue": "658715000",
            "sentiment": 0,
            "surprise": "0.07",
            "closePrice": "61.1425"
        },
        {
            "fiscalDateEnding": "2019-06-30",
            "totalCurrentAssets": "3028518000",
            "cashAndShortTermInvestments": "2257803000",
            "totalCurrentLiabilities": "525020000",
            "currentDebt": "14666000",
            "netIncome": "189251000",
            "capitalExpenditures": "3402000",
            "operatingCashflow": "196379000",
            "grossProfit": "390191000",
            "totalRevenue": "608321000",
            "sentiment": 0,
            "surprise": "0.06",
            "closePrice": "68.055"
        },
        {
            "fiscalDateEnding": "2019-03-31",
            "totalCurrentAssets": "2900974000",
            "cashAndShortTermInvestments": "2150918000",
            "totalCurrentLiabilities": "543193000",
            "currentDebt": "None",
            "netIncome": "201029000",
            "capitalExpenditures": "5237000",
            "operatingCashflow": "170097000",
            "grossProfit": "380570000",
            "totalRevenue": "595424000",
            "sentiment": 0,
            "surprise": "0.06",
            "closePrice": "77.7125"
        },
        {
            "fiscalDateEnding": "2018-12-31",
            "totalCurrentAssets": "2714802000",
            "cashAndShortTermInvestments": "1956147000",
            "totalCurrentLiabilities": "606504000",
            "currentDebt": "None",
            "netIncome": "170322000",
            "capitalExpenditures": "6217000",
            "operatingCashflow": "295819000",
            "grossProfit": "374992000",
            "totalRevenue": "595726000",
            "sentiment": 0,
            "surprise": "0.04",
            "closePrice": "60.195"
        },
        {
            "fiscalDateEnding": "2018-09-30",
            "totalCurrentAssets": "2436046000",
            "cashAndShortTermInvestments": "1661799000",
            "totalCurrentLiabilities": "539782000",
            "currentDebt": "None",
            "netIncome": "168524000",
            "capitalExpenditures": "4542000",
            "operatingCashflow": "-118825000",
            "grossProfit": "361583000",
            "totalRevenue": "562636000",
            "sentiment": 0,
            "surprise": "0.07",
            "closePrice": "60.24"
        },
        {
            "fiscalDateEnding": "2018-06-30",
            "totalCurrentAssets": "2620562000",
            "cashAndShortTermInvestments": "1860404000",
            "totalCurrentLiabilities": "826763000",
            "currentDebt": "None",
            "netIncome": "-155269000",
            "capitalExpenditures": "6735000",
            "operatingCashflow": "130584000",
            "grossProfit": "333883000",
            "totalRevenue": "519165000",
            "sentiment": 0,
            "surprise": "0.06",
            "closePrice": "67.9625"
        },
        {
            "fiscalDateEnding": "2018-03-31",
            "totalCurrentAssets": "2379174000",
            "cashAndShortTermInvestments": "1738040000",
            "totalCurrentLiabilities": "457779000",
            "currentDebt": "None",
            "netIncome": "144538000",
            "capitalExpenditures": "6336000",
            "operatingCashflow": "195541000",
            "grossProfit": "302919000",
            "totalRevenue": "472489000",
            "sentiment": 0,
            "surprise": "0.04",
            "closePrice": "66.9625"
        },
        {
            "fiscalDateEnding": "2017-12-31",
            "totalCurrentAssets": "2266429000",
            "cashAndShortTermInvestments": "1535555000",
            "totalCurrentLiabilities": "529905000",
            "currentDebt": "None",
            "netIncome": "103833000",
            "capitalExpenditures": "3120000",
            "operatingCashflow": "183664000",
            "grossProfit": "307165000",
            "totalRevenue": "467867000",
            "sentiment": 0,
            "surprise": "0.08",
            "closePrice": "76.99"
        },
        {
            "fiscalDateEnding": "2017-09-30",
            "totalCurrentAssets": "2075539000",
            "cashAndShortTermInvestments": "1343114000",
            "totalCurrentLiabilities": "567547000",
            "currentDebt": "None",
            "netIncome": "133722000",
            "capitalExpenditures": "2625000",
            "operatingCashflow": "205868000",
            "grossProfit": "280617000",
            "totalRevenue": "437633000",
            "sentiment": 0,
            "surprise": "0.11",
            "closePrice": "45.2925"
        },
        {
            "fiscalDateEnding": "2017-06-30",
            "totalCurrentAssets": "1949189000",
            "cashAndShortTermInvestments": "1124839000",
            "totalCurrentLiabilities": "610797000",
            "currentDebt": "None",
            "netIncome": "102685000",
            "capitalExpenditures": "4889000",
            "operatingCashflow": "79233000",
            "grossProfit": "259777000",
            "totalRevenue": "405211000",
            "sentiment": 0,
            "surprise": "0.1",
            "closePrice": "36.0125"
        },
        {
            "fiscalDateEnding": "2017-03-31",
            "totalCurrentAssets": "1736825000",
            "cashAndShortTermInvestments": "1043242000",
            "totalCurrentLiabilities": "532513000",
            "currentDebt": "None",
            "netIncome": "82961000",
            "capitalExpenditures": "4645000",
            "operatingCashflow": "162862000",
            "grossProfit": "214210000",
            "totalRevenue": "335475000",
            "sentiment": 0,
            "surprise": "0.02",
            "closePrice": "35.05"
        },
        {
            "fiscalDateEnding": "2016-12-31",
            "totalCurrentAssets": "1526126000",
            "cashAndShortTermInvestments": "867833000",
            "totalCurrentLiabilities": "459553000",
            "currentDebt": "None",
            "netIncome": "58783000",
            "capitalExpenditures": "4935000",
            "operatingCashflow": "65567000",
            "grossProfit": "210155000",
            "totalRevenue": "327969000",
            "sentiment": 0,
            "surprise": "0.06",
            "closePrice": "25.0425"
        },
        {
            "fiscalDateEnding": "2016-09-30",
            "totalCurrentAssets": "1324178000",
            "cashAndShortTermInvestments": "800148000",
            "totalCurrentLiabilities": "355082000",
            "currentDebt": "None",
            "netIncome": "51257000",
            "capitalExpenditures": "3745000",
            "operatingCashflow": "-33268000",
            "grossProfit": "186420000",
            "totalRevenue": "290261000",
            "sentiment": 0,
            "surprise": "0.03",
            "closePrice": "20.52"
        },
        {
            "fiscalDateEnding": "2016-06-30",
            "totalCurrentAssets": "1142054000",
            "cashAndShortTermInvestments": "823818000",
            "totalCurrentLiabilities": "263439000",
            "currentDebt": "None",
            "netIncome": "38904000",
            "capitalExpenditures": "4107000",
            "operatingCashflow": "64868000",
            "grossProfit": "171451000",
            "totalRevenue": "268741000",
            "sentiment": 0,
            "surprise": "0.02",
            "closePrice": "17.9975"
        },
        {
            "fiscalDateEnding": "2016-03-31",
            "totalCurrentAssets": "1023133000",
            "cashAndShortTermInvestments": "762252000",
            "totalCurrentLiabilities": "214264000",
            "currentDebt": "None",
            "netIncome": "35245000",
            "capitalExpenditures": "8632000",
            "operatingCashflow": "77128000",
            "grossProfit": "155090000",
            "totalRevenue": "242196000",
            "sentiment": 0,
            "surprise": "0.02",
            "closePrice": "15.895"
        },
        {
            "fiscalDateEnding": "2015-12-31",
            "totalCurrentAssets": "974328000",
            "cashAndShortTermInvestments": "687326000",
            "totalCurrentLiabilities": "235011000",
            "currentDebt": "None",
            "netIncome": "43924000",
            "capitalExpenditures": "5272000",
            "operatingCashflow": "153762000",
            "grossProfit": "156168000",
            "totalRevenue": "245446000",
            "sentiment": 0,
            "surprise": "0.05",
            "closePrice": "14.5375"
        },
        {
            "fiscalDateEnding": "2015-09-30",
            "totalCurrentAssets": "921100000",
            "cashAndShortTermInvestments": "568617000",
            "totalCurrentLiabilities": "224966000",
            "currentDebt": "None",
            "netIncome": "28690000",
            "capitalExpenditures": "5244000",
            "operatingCashflow": "10649000",
            "grossProfit": "141748000",
            "totalRevenue": "217548000",
            "sentiment": 0,
            "surprise": "0.02",
            "closePrice": "15.49"
        },
        {
            "fiscalDateEnding": "2015-06-30",
            "totalCurrentAssets": "850212000",
            "cashAndShortTermInvestments": "551763000",
            "totalCurrentLiabilities": "202498000",
            "currentDebt": "None",
            "netIncome": "23996000",
            "capitalExpenditures": "4337000",
            "operatingCashflow": "52606000",
            "grossProfit": "127890000",
            "totalRevenue": "195552000",
            "sentiment": 0,
            "surprise": "0.02",
            "closePrice": "20.395"
        },
        {
            "fiscalDateEnding": "2015-03-31",
            "totalCurrentAssets": "736044000",
            "cashAndShortTermInvestments": "484339000",
            "totalCurrentLiabilities": "148331000",
            "currentDebt": "None",
            "netIncome": "24492000",
            "capitalExpenditures": "5136000",
            "operatingCashflow": "20767000",
            "grossProfit": "117754000",
            "totalRevenue": "179045000",
            "sentiment": 0,
            "surprise": "0.04",
            "closePrice": "17.2275"
        },
        {
            "fiscalDateEnding": "2014-12-31",
            "totalCurrentAssets": "679479000",
            "cashAndShortTermInvestments": "449457000",
            "totalCurrentLiabilities": "144373000",
            "currentDebt": "None",
            "netIncome": "31037000",
            "capitalExpenditures": "2345000",
            "operatingCashflow": "33171000",
            "grossProfit": "116440000",
            "totalRevenue": "173489000",
            "sentiment": 0,
            "surprise": "0.03",
            "closePrice": "16.9975"
        },
        {
            "fiscalDateEnding": "2014-09-30",
            "totalCurrentAssets": "588351000",
            "cashAndShortTermInvestments": "408596000",
            "totalCurrentLiabilities": "101796000",
            "currentDebt": "None",
            "netIncome": "21866000",
            "capitalExpenditures": "2210000",
            "operatingCashflow": "34758000",
            "grossProfit": "100957000",
            "totalRevenue": "155463000",
            "sentiment": 0,
            "surprise": "0.03",
            "closePrice": "21.8125"
        },
        {
            "fiscalDateEnding": "2014-06-30",
            "totalCurrentAssets": "562676000",
            "cashAndShortTermInvestments": "397198000",
            "totalCurrentLiabilities": "97694000",
            "currentDebt": "None",
            "netIncome": "21618000",
            "capitalExpenditures": "5476000",
            "operatingCashflow": "46257000",
            "grossProfit": "93380000",
            "totalRevenue": "137947000",
            "sentiment": 0,
            "surprise": "0.06",
            "closePrice": "18.055"
        }
    ]
}