{
    "ANSS": [
        {
            "fiscalDateEnding": "2023-12-31",
            "totalCurrentAssets": "2049567000",
            "cashAndShortTermInvestments": "860390000",
            "totalCurrentLiabilities": "889294000",
            "currentDebt": "None",
            "netIncome": "274762000",
            "capitalExpenditures": "8777000",
            "operatingCashflow": "232722000",
            "grossProfit": "735059000",
            "totalRevenue": "805108000",
            "sentiment": 0.3779760485117683,
            "surprise": "0.23",
            "closePrice": "328.63"
        },
        {
            "fiscalDateEnding": "2023-09-30",
            "totalCurrentAssets": "1542499000",
            "cashAndShortTermInvestments": "639513000",
            "totalCurrentLiabilities": "634431000",
            "currentDebt": "None",
            "netIncome": "55502000",
            "capitalExpenditures": "4504000",
            "operatingCashflow": "160768000",
            "grossProfit": "393538000",
            "totalRevenue": "458795000",
            "sentiment": 0.3378893997237097,
            "surprise": "0.15",
            "closePrice": "278.75"
        },
        {
            "fiscalDateEnding": "2023-06-30",
            "totalCurrentAssets": "1414235000",
            "cashAndShortTermInvestments": "478012000",
            "totalCurrentLiabilities": "643837000",
            "currentDebt": "None",
            "netIncome": "69526000",
            "capitalExpenditures": "5145000",
            "operatingCashflow": "62866000",
            "grossProfit": "428259000",
            "totalRevenue": "496599000",
            "sentiment": 0.32900721699764474,
            "surprise": "0.11",
            "closePrice": "325.37"
        },
        {
            "fiscalDateEnding": "2023-03-31",
            "totalCurrentAssets": "1384076000",
            "cashAndShortTermInvestments": "507854000",
            "totalCurrentLiabilities": "650915000",
            "currentDebt": "None",
            "netIncome": "100622000",
            "capitalExpenditures": "6892000",
            "operatingCashflow": "260766000",
            "grossProfit": "441795000",
            "totalRevenue": "509447000",
            "sentiment": 0.2861978769021565,
            "surprise": "0.24",
            "closePrice": "307.99"
        },
        {
            "fiscalDateEnding": "2022-12-31",
            "totalCurrentAssets": "1664122000",
            "cashAndShortTermInvestments": "614574000",
            "totalCurrentLiabilities": "794836000",
            "currentDebt": "None",
            "netIncome": "257947000",
            "capitalExpenditures": "9143000",
            "operatingCashflow": "173972000",
            "grossProfit": "632688000",
            "totalRevenue": "694115000",
            "sentiment": 0.3277076033644668,
            "surprise": "0.29",
            "closePrice": "266.78"
        },
        {
            "fiscalDateEnding": "2022-09-30",
            "totalCurrentAssets": "1449876000",
            "cashAndShortTermInvestments": "632703000",
            "totalCurrentLiabilities": "609690000",
            "currentDebt": "None",
            "netIncome": "95975000",
            "capitalExpenditures": "5168000",
            "operatingCashflow": "127151000",
            "grossProfit": "410544000",
            "totalRevenue": "472511000",
            "sentiment": 0.21697808172501515,
            "surprise": "0.14",
            "closePrice": "209.45"
        },
        {
            "fiscalDateEnding": "2022-06-30",
            "totalCurrentAssets": "1327225000",
            "cashAndShortTermInvestments": "517635000",
            "totalCurrentLiabilities": "624699000",
            "currentDebt": "None",
            "netIncome": "98800000",
            "capitalExpenditures": "4997000",
            "operatingCashflow": "118944000",
            "grossProfit": "411363000",
            "totalRevenue": "473850000",
            "sentiment": 0.05692296718241372,
            "surprise": "0.17",
            "closePrice": "282.14"
        },
        {
            "fiscalDateEnding": "2022-03-31",
            "totalCurrentAssets": "1449878000",
            "cashAndShortTermInvestments": "657765000",
            "totalCurrentLiabilities": "634620000",
            "currentDebt": "9100000",
            "netIncome": "70988000",
            "capitalExpenditures": "5062000",
            "operatingCashflow": "210936000",
            "grossProfit": "360317000",
            "totalRevenue": "425077000",
            "sentiment": 0.05246565603515731,
            "surprise": "0.22",
            "closePrice": "288.71"
        },
        {
            "fiscalDateEnding": "2021-12-31",
            "totalCurrentAssets": "1638574000",
            "cashAndShortTermInvestments": "668028000",
            "totalCurrentLiabilities": "778492000",
            "currentDebt": "None",
            "netIncome": "203171000",
            "capitalExpenditures": "4885000",
            "operatingCashflow": "101653000",
            "grossProfit": "586690000",
            "totalRevenue": "655667000",
            "sentiment": 0,
            "surprise": "0.1",
            "closePrice": "296.73"
        },
        {
            "fiscalDateEnding": "2021-09-30",
            "totalCurrentAssets": "1756685000",
            "cashAndShortTermInvestments": "1081365000",
            "totalCurrentLiabilities": "600431000",
            "currentDebt": "None",
            "netIncome": "85342000",
            "capitalExpenditures": "7298000",
            "operatingCashflow": "157845000",
            "grossProfit": "378422000",
            "totalRevenue": "441168000",
            "sentiment": 0,
            "surprise": "0.25",
            "closePrice": "384.86"
        },
        {
            "fiscalDateEnding": "2021-06-30",
            "totalCurrentAssets": "1622364000",
            "cashAndShortTermInvestments": "958208000",
            "totalCurrentLiabilities": "595385000",
            "currentDebt": "None",
            "netIncome": "93716000",
            "capitalExpenditures": "5790000",
            "operatingCashflow": "118877000",
            "grossProfit": "382496000",
            "totalRevenue": "446654000",
            "sentiment": 0,
            "surprise": "0.29",
            "closePrice": "372.57"
        },
        {
            "fiscalDateEnding": "2021-03-31",
            "totalCurrentAssets": "1660952000",
            "cashAndShortTermInvestments": "987943000",
            "totalCurrentLiabilities": "624047000",
            "currentDebt": "4688000",
            "netIncome": "72398000",
            "capitalExpenditures": "5045000",
            "operatingCashflow": "171107000",
            "grossProfit": "301123000",
            "totalRevenue": "363226000",
            "sentiment": 0,
            "surprise": "0.28",
            "closePrice": "355.49"
        },
        {
            "fiscalDateEnding": "2020-12-31",
            "totalCurrentAssets": "1719237000",
            "cashAndShortTermInvestments": "913151000",
            "totalCurrentLiabilities": "728825000",
            "currentDebt": "None",
            "netIncome": "215632000",
            "capitalExpenditures": "11175000",
            "operatingCashflow": "173767000",
            "grossProfit": "555783000",
            "totalRevenue": "623686000",
            "sentiment": 0,
            "surprise": "0.42",
            "closePrice": "385.37"
        },
        {
            "fiscalDateEnding": "2020-09-30",
            "totalCurrentAssets": "1458721000",
            "cashAndShortTermInvestments": "845209000",
            "totalCurrentLiabilities": "561847000",
            "currentDebt": "None",
            "netIncome": "75627000",
            "capitalExpenditures": "7228000",
            "operatingCashflow": "94539000",
            "grossProfit": "313580000",
            "totalRevenue": "366965000",
            "sentiment": 0,
            "surprise": "0.1",
            "closePrice": "329.25"
        },
        {
            "fiscalDateEnding": "2020-06-30",
            "totalCurrentAssets": "1294264000",
            "cashAndShortTermInvestments": "744979000",
            "totalCurrentLiabilities": "543806000",
            "currentDebt": "19100000",
            "netIncome": "96564000",
            "capitalExpenditures": "9980000",
            "operatingCashflow": "131592000",
            "grossProfit": "331801000",
            "totalRevenue": "385661000",
            "sentiment": 0,
            "surprise": "0.39",
            "closePrice": "312.27"
        },
        {
            "fiscalDateEnding": "2020-03-31",
            "totalCurrentAssets": "1290700000",
            "cashAndShortTermInvestments": "718030000",
            "totalCurrentLiabilities": "537142000",
            "currentDebt": "18700000",
            "netIncome": "46064000",
            "capitalExpenditures": "6987000",
            "operatingCashflow": "147412000",
            "grossProfit": "254869000",
            "totalRevenue": "304985000",
            "sentiment": 0,
            "surprise": "0.03",
            "closePrice": "268.07"
        },
        {
            "fiscalDateEnding": "2019-12-31",
            "totalCurrentAssets": "1555480000",
            "cashAndShortTermInvestments": "872382000",
            "totalCurrentLiabilities": "695140000",
            "currentDebt": "93200000",
            "netIncome": "165852000",
            "capitalExpenditures": "19159000",
            "operatingCashflow": "139451000",
            "grossProfit": "436632000",
            "totalRevenue": "486228000",
            "sentiment": 0,
            "surprise": "0.26",
            "closePrice": "270.19"
        },
        {
            "fiscalDateEnding": "2019-09-30",
            "totalCurrentAssets": "1206226000",
            "cashAndShortTermInvestments": "732902000",
            "totalCurrentLiabilities": "473830000",
            "currentDebt": "16700000",
            "netIncome": "89463000",
            "capitalExpenditures": "8835000",
            "operatingCashflow": "120368000",
            "grossProfit": "302534000",
            "totalRevenue": "343899000",
            "sentiment": 0,
            "surprise": "0.16",
            "closePrice": "218.73"
        },
        {
            "fiscalDateEnding": "2019-06-30",
            "totalCurrentAssets": "1133345000",
            "cashAndShortTermInvestments": "631696000",
            "totalCurrentLiabilities": "505666000",
            "currentDebt": "17100000",
            "netIncome": "109750000",
            "capitalExpenditures": "10046000",
            "operatingCashflow": "88539000",
            "grossProfit": "328138000",
            "totalRevenue": "368635000",
            "sentiment": 0,
            "surprise": "0.33",
            "closePrice": "190.15"
        },
        {
            "fiscalDateEnding": "2019-03-31",
            "totalCurrentAssets": "1062811000",
            "cashAndShortTermInvestments": "607628000",
            "totalCurrentLiabilities": "503410000",
            "currentDebt": "None",
            "netIncome": "86230000",
            "capitalExpenditures": "6900000",
            "operatingCashflow": "151578000",
            "grossProfit": "282315000",
            "totalRevenue": "317130000",
            "sentiment": 0,
            "surprise": "0.19",
            "closePrice": "192.51"
        },
        {
            "fiscalDateEnding": "2018-12-31",
            "totalCurrentAssets": "1311177000",
            "cashAndShortTermInvestments": "777364000",
            "totalCurrentLiabilities": "524767000",
            "currentDebt": "None",
            "netIncome": "153163000",
            "capitalExpenditures": "8685000",
            "operatingCashflow": "131485000",
            "grossProfit": "375343000",
            "totalRevenue": "415432000",
            "sentiment": 0,
            "surprise": "0.64",
            "closePrice": "176.83"
        },
        {
            "fiscalDateEnding": "2018-09-30",
            "totalCurrentAssets": "1127567000",
            "cashAndShortTermInvestments": "729391000",
            "totalCurrentLiabilities": "415439000",
            "currentDebt": "None",
            "netIncome": "89336000",
            "capitalExpenditures": "6326000",
            "operatingCashflow": "109961000",
            "grossProfit": "253110000",
            "totalRevenue": "289418000",
            "sentiment": 0,
            "surprise": "0.22",
            "closePrice": "159.8"
        },
        {
            "fiscalDateEnding": "2018-06-30",
            "totalCurrentAssets": "1142985000",
            "cashAndShortTermInvestments": "696163000",
            "totalCurrentLiabilities": "435001000",
            "currentDebt": "None",
            "netIncome": "92596000",
            "capitalExpenditures": "3818000",
            "operatingCashflow": "111121000",
            "grossProfit": "265463000",
            "totalRevenue": "305913000",
            "sentiment": 0,
            "surprise": "0.25",
            "closePrice": "175.66"
        },
        {
            "fiscalDateEnding": "2018-03-31",
            "totalCurrentAssets": "1327329000",
            "cashAndShortTermInvestments": "889768000",
            "totalCurrentLiabilities": "442092000",
            "currentDebt": "None",
            "netIncome": "84280000",
            "capitalExpenditures": "2933000",
            "operatingCashflow": "132421000",
            "grossProfit": "243835000",
            "totalRevenue": "282873000",
            "sentiment": 0,
            "surprise": "0.16",
            "closePrice": "160.61"
        },
        {
            "fiscalDateEnding": "2017-12-31",
            "totalCurrentAssets": "1270266000",
            "cashAndShortTermInvestments": "881787000",
            "totalCurrentLiabilities": "608553000",
            "currentDebt": "None",
            "netIncome": "52585000",
            "capitalExpenditures": "4334000",
            "operatingCashflow": "100700000",
            "grossProfit": "261524000",
            "totalRevenue": "302336000",
            "sentiment": 0,
            "surprise": "0.04",
            "closePrice": "163.54"
        },
        {
            "fiscalDateEnding": "2017-09-30",
            "totalCurrentAssets": "1201674000",
            "cashAndShortTermInvestments": "926635000",
            "totalCurrentLiabilities": "496352000",
            "currentDebt": "None",
            "netIncome": "73630000",
            "capitalExpenditures": "7313000",
            "operatingCashflow": "88885000",
            "grossProfit": "239602000",
            "totalRevenue": "275585000",
            "sentiment": 0,
            "surprise": "0.08",
            "closePrice": "135.6"
        },
        {
            "fiscalDateEnding": "2017-06-30",
            "totalCurrentAssets": "1145680000",
            "cashAndShortTermInvestments": "863482000",
            "totalCurrentLiabilities": "514787000",
            "currentDebt": "None",
            "netIncome": "69730000",
            "capitalExpenditures": "3445000",
            "operatingCashflow": "112182000",
            "grossProfit": "227586000",
            "totalRevenue": "263924000",
            "sentiment": 0,
            "surprise": "0.07",
            "closePrice": "127.48"
        },
        {
            "fiscalDateEnding": "2017-03-31",
            "totalCurrentAssets": "1182069000",
            "cashAndShortTermInvestments": "866556000",
            "totalCurrentLiabilities": "528726000",
            "currentDebt": "None",
            "netIncome": "63306000",
            "capitalExpenditures": "4057000",
            "operatingCashflow": "125893000",
            "grossProfit": "216374000",
            "totalRevenue": "253405000",
            "sentiment": 0,
            "surprise": "0.05",
            "closePrice": "111.0"
        },
        {
            "fiscalDateEnding": "2016-12-31",
            "totalCurrentAssets": "1169401000",
            "cashAndShortTermInvestments": "822860000",
            "totalCurrentLiabilities": "539100000",
            "currentDebt": "None",
            "netIncome": "69983000",
            "capitalExpenditures": "4224000",
            "operatingCashflow": "99209000",
            "grossProfit": "231650000",
            "totalRevenue": "270628000",
            "sentiment": 0,
            "surprise": "0.02",
            "closePrice": "101.08"
        },
        {
            "fiscalDateEnding": "2016-09-30",
            "totalCurrentAssets": "1100151000",
            "cashAndShortTermInvestments": "838272000",
            "totalCurrentLiabilities": "454437000",
            "currentDebt": "None",
            "netIncome": "69557000",
            "capitalExpenditures": "2151000",
            "operatingCashflow": "84399000",
            "grossProfit": "210276000",
            "totalRevenue": "245862000",
            "sentiment": 0,
            "surprise": "0.03",
            "closePrice": "83.49"
        },
        {
            "fiscalDateEnding": "2016-06-30",
            "totalCurrentAssets": "1109742000",
            "cashAndShortTermInvestments": "843765000",
            "totalCurrentLiabilities": "467710000",
            "currentDebt": "None",
            "netIncome": "69628000",
            "capitalExpenditures": "3373000",
            "operatingCashflow": "71649000",
            "grossProfit": "209058000",
            "totalRevenue": "246069000",
            "sentiment": 0,
            "surprise": "0.05",
            "closePrice": "92.8"
        },
        {
            "fiscalDateEnding": "2016-03-31",
            "totalCurrentAssets": "1118679000",
            "cashAndShortTermInvestments": "863877000",
            "totalCurrentLiabilities": "474824000",
            "currentDebt": "None",
            "netIncome": "56468000",
            "capitalExpenditures": "2695000",
            "operatingCashflow": "110723000",
            "grossProfit": "190621000",
            "totalRevenue": "225906000",
            "sentiment": 0,
            "surprise": "0.01",
            "closePrice": "83.76"
        },
        {
            "fiscalDateEnding": "2015-12-31",
            "totalCurrentAssets": "1076426000",
            "cashAndShortTermInvestments": "784614000",
            "totalCurrentLiabilities": "484146000",
            "currentDebt": "None",
            "netIncome": "68021000",
            "capitalExpenditures": "5380000",
            "operatingCashflow": "117372000",
            "grossProfit": "214655000",
            "totalRevenue": "251647000",
            "sentiment": 0,
            "surprise": "0.04",
            "closePrice": "84.22"
        },
        {
            "fiscalDateEnding": "2015-09-30",
            "totalCurrentAssets": "1045264000",
            "cashAndShortTermInvestments": "776923000",
            "totalCurrentLiabilities": "411957000",
            "currentDebt": "None",
            "netIncome": "66033000",
            "capitalExpenditures": "3083000",
            "operatingCashflow": "77795000",
            "grossProfit": "201259000",
            "totalRevenue": "237840000",
            "sentiment": 0,
            "surprise": "0.03",
            "closePrice": "93.39"
        },
        {
            "fiscalDateEnding": "2015-06-30",
            "totalCurrentAssets": "1110355000",
            "cashAndShortTermInvestments": "841170000",
            "totalCurrentLiabilities": "430310000",
            "currentDebt": "None",
            "netIncome": "62335000",
            "capitalExpenditures": "4060000",
            "operatingCashflow": "66412000",
            "grossProfit": "197700000",
            "totalRevenue": "235485000",
            "sentiment": 0,
            "surprise": "0.03",
            "closePrice": "94.02"
        },
        {
            "fiscalDateEnding": "2015-03-31",
            "totalCurrentAssets": "1029288000",
            "cashAndShortTermInvestments": "761183000",
            "totalCurrentLiabilities": "444111000",
            "currentDebt": "None",
            "netIncome": "56132000",
            "capitalExpenditures": "3622000",
            "operatingCashflow": "114120000",
            "grossProfit": "181893000",
            "totalRevenue": "217781000",
            "sentiment": 0,
            "surprise": "0",
            "closePrice": "84.32"
        },
        {
            "fiscalDateEnding": "2014-12-31",
            "totalCurrentAssets": "1082315000",
            "cashAndShortTermInvestments": "788778000",
            "totalCurrentLiabilities": "465075000",
            "currentDebt": "None",
            "netIncome": "69633000",
            "capitalExpenditures": "5395000",
            "operatingCashflow": "92273000",
            "grossProfit": "214606000",
            "totalRevenue": "254375000",
            "sentiment": 0,
            "surprise": "0.11",
            "closePrice": "85.59"
        },
        {
            "fiscalDateEnding": "2014-09-30",
            "totalCurrentAssets": "1075020000",
            "cashAndShortTermInvestments": "817470000",
            "totalCurrentLiabilities": "407280000",
            "currentDebt": "None",
            "netIncome": "65479000",
            "capitalExpenditures": "8705000",
            "operatingCashflow": "81562000",
            "grossProfit": "196806000",
            "totalRevenue": "234000000",
            "sentiment": 0,
            "surprise": "0.07",
            "closePrice": "77.06"
        },
        {
            "fiscalDateEnding": "2014-06-30",
            "totalCurrentAssets": "1064657000",
            "cashAndShortTermInvestments": "783559000",
            "totalCurrentLiabilities": "447037000",
            "currentDebt": "20000",
            "netIncome": "63036000",
            "capitalExpenditures": "7831000",
            "operatingCashflow": "79833000",
            "grossProfit": "193697000",
            "totalRevenue": "232375000",
            "sentiment": 0,
            "surprise": "0.06",
            "closePrice": "77.96"
        },
        {
            "fiscalDateEnding": "2014-03-31",
            "totalCurrentAssets": "1132262000",
            "cashAndShortTermInvestments": "858243000",
            "totalCurrentLiabilities": "441747000",
            "currentDebt": "33000",
            "netIncome": "56542000",
            "capitalExpenditures": "4092000",
            "operatingCashflow": "131639000",
            "grossProfit": "177526000",
            "totalRevenue": "215271000",
            "sentiment": 0,
            "surprise": "0",
            "closePrice": "72.49"
        },
        {
            "fiscalDateEnding": "2013-12-31",
            "totalCurrentAssets": "1067596000",
            "cashAndShortTermInvestments": "742986000",
            "totalCurrentLiabilities": "440431000",
            "currentDebt": "0",
            "netIncome": "75929000",
            "capitalExpenditures": "14701000",
            "operatingCashflow": "84961000",
            "grossProfit": "197411000",
            "totalRevenue": "236020000",
            "sentiment": 0,
            "surprise": "0.1",
            "closePrice": "83.2"
        },
        {
            "fiscalDateEnding": "2013-09-30",
            "totalCurrentAssets": "959956000",
            "cashAndShortTermInvestments": "707774000",
            "totalCurrentLiabilities": "386956000",
            "currentDebt": "None",
            "netIncome": "62430000",
            "capitalExpenditures": "5467000",
            "operatingCashflow": "65440000",
            "grossProfit": "177489000",
            "totalRevenue": "212658000",
            "sentiment": 0,
            "surprise": "0.03",
            "closePrice": "84.18"
        },
        {
            "fiscalDateEnding": "2013-06-30",
            "totalCurrentAssets": "915484000",
            "cashAndShortTermInvestments": "659864000",
            "totalCurrentLiabilities": "425666000",
            "currentDebt": "26574000",
            "netIncome": "55945000",
            "capitalExpenditures": "4593000",
            "operatingCashflow": "87148000",
            "grossProfit": "178170000",
            "totalRevenue": "214850000",
            "sentiment": 0,
            "surprise": "0.06",
            "closePrice": "88.93"
        },
        {
            "fiscalDateEnding": "2013-03-31",
            "totalCurrentAssets": "931608000",
            "cashAndShortTermInvestments": "651481000",
            "totalCurrentLiabilities": "419306000",
            "currentDebt": "26574000",
            "netIncome": "51023000",
            "capitalExpenditures": "4087000",
            "operatingCashflow": "95434000",
            "grossProfit": "161498000",
            "totalRevenue": "197732000",
            "sentiment": 0,
            "surprise": "0.02",
            "closePrice": "73.93"
        },
        {
            "fiscalDateEnding": "2012-12-31",
            "totalCurrentAssets": "913359000",
            "cashAndShortTermInvestments": "577155000",
            "totalCurrentLiabilities": "477387000",
            "currentDebt": "53149000",
            "netIncome": "56063000",
            "capitalExpenditures": "6095000",
            "operatingCashflow": "69588000",
            "grossProfit": "184067000",
            "totalRevenue": "220748000",
            "sentiment": 0,
            "surprise": "0.05",
            "closePrice": "75.8"
        },
        {
            "fiscalDateEnding": "2012-09-30",
            "totalCurrentAssets": "825831000",
            "cashAndShortTermInvestments": "555341000",
            "totalCurrentLiabilities": "453107000",
            "currentDebt": "79723000",
            "netIncome": "51619000",
            "capitalExpenditures": "3552000",
            "operatingCashflow": "70361000",
            "grossProfit": "163153000",
            "totalRevenue": "196909000",
            "sentiment": 0,
            "surprise": "0.05",
            "closePrice": "67.49"
        },
        {
            "fiscalDateEnding": "2012-06-30",
            "totalCurrentAssets": "841153000",
            "cashAndShortTermInvestments": "551952000",
            "totalCurrentLiabilities": "463917000",
            "currentDebt": "79724000",
            "netIncome": "50262000",
            "capitalExpenditures": "9587000",
            "operatingCashflow": "74869000",
            "grossProfit": "160279000",
            "totalRevenue": "195016000",
            "sentiment": 0,
            "surprise": "0.06",
            "closePrice": "66.56"
        },
        {
            "fiscalDateEnding": "2012-03-31",
            "totalCurrentAssets": "830802000",
            "cashAndShortTermInvestments": "558445000",
            "totalCurrentLiabilities": "457016000",
            "currentDebt": "90355000",
            "netIncome": "45539000",
            "capitalExpenditures": "4743000",
            "operatingCashflow": "83597000",
            "grossProfit": "151003000",
            "totalRevenue": "185345000",
            "sentiment": 0,
            "surprise": "0",
            "closePrice": "62.216"
        },
        {
            "fiscalDateEnding": "2011-12-31",
            "totalCurrentAssets": "740033000",
            "cashAndShortTermInvestments": "472404000",
            "totalCurrentLiabilities": "438751000",
            "currentDebt": "74423000",
            "netIncome": "47457000",
            "capitalExpenditures": "9539000",
            "operatingCashflow": "77614000",
            "grossProfit": "164867000",
            "totalRevenue": "198209000",
            "sentiment": 0,
            "surprise": "0.03",
            "closePrice": "63.08"
        },
        {
            "fiscalDateEnding": "2011-09-30",
            "totalCurrentAssets": "626427000",
            "cashAndShortTermInvestments": "406880000",
            "totalCurrentLiabilities": "371479000",
            "currentDebt": "58494000",
            "netIncome": "45546000",
            "capitalExpenditures": "4919000",
            "operatingCashflow": "66278000",
            "grossProfit": "141908000",
            "totalRevenue": "172935000",
            "sentiment": 0,
            "surprise": "0.04",
            "closePrice": "57.97"
        },
        {
            "fiscalDateEnding": "2011-06-30",
            "totalCurrentAssets": "854251000",
            "cashAndShortTermInvestments": "630260000",
            "totalCurrentLiabilities": "347457000",
            "currentDebt": "42542000",
            "netIncome": "45431000",
            "capitalExpenditures": "4264000",
            "operatingCashflow": "78910000",
            "grossProfit": "134195000",
            "totalRevenue": "162258000",
            "sentiment": 0,
            "surprise": "0.06",
            "closePrice": "51.04"
        },
        {
            "fiscalDateEnding": "2011-03-31",
            "totalCurrentAssets": "784745000",
            "cashAndShortTermInvestments": "550469000",
            "totalCurrentLiabilities": "330526000",
            "currentDebt": "37247000",
            "netIncome": "42241000",
            "capitalExpenditures": "3341000",
            "operatingCashflow": "84859000",
            "grossProfit": "131465000",
            "totalRevenue": "158047000",
            "sentiment": 0,
            "surprise": "0.02",
            "closePrice": "53.64"
        },
        {
            "fiscalDateEnding": "2010-12-31",
            "totalCurrentAssets": "714633000",
            "cashAndShortTermInvestments": "472934000",
            "totalCurrentLiabilities": "311369000",
            "currentDebt": "31962000",
            "netIncome": "49140000",
            "capitalExpenditures": "5105000",
            "operatingCashflow": "-25265000",
            "grossProfit": "139766000",
            "totalRevenue": "166573000",
            "sentiment": 0,
            "surprise": "0.06",
            "closePrice": "54.11"
        },
        {
            "fiscalDateEnding": "2010-09-30",
            "totalCurrentAssets": "686392000",
            "cashAndShortTermInvestments": "495836000",
            "totalCurrentLiabilities": "355543000",
            "currentDebt": "26691000",
            "netIncome": "36130000",
            "capitalExpenditures": "4736000",
            "operatingCashflow": "72263000",
            "grossProfit": "114564000",
            "totalRevenue": "139843000",
            "sentiment": 0,
            "surprise": "0.03",
            "closePrice": "45.75"
        },
        {
            "fiscalDateEnding": "2010-06-30",
            "totalCurrentAssets": "578742000",
            "cashAndShortTermInvestments": "416585000",
            "totalCurrentLiabilities": "273267000",
            "currentDebt": "21436000",
            "netIncome": "35493000",
            "capitalExpenditures": "2549000",
            "operatingCashflow": "60155000",
            "grossProfit": "113627000",
            "totalRevenue": "137767000",
            "sentiment": 0,
            "surprise": "0.03",
            "closePrice": "43.96"
        }
    ]
}