{
    "APH": [
        {
            "fiscalDateEnding": "2023-12-31",
            "totalCurrentAssets": "6835300000",
            "cashAndShortTermInvestments": "1660200000",
            "totalCurrentLiabilities": "3152700000",
            "currentDebt": "353800000",
            "netIncome": "514400000",
            "capitalExpenditures": "105000000",
            "operatingCashflow": "841800000",
            "grossProfit": "1100400000",
            "totalRevenue": "3327500000",
            "sentiment": 0.18124210554196474,
            "surprise": "0.05",
            "closePrice": "100.458331663783"
        },
        {
            "fiscalDateEnding": "2023-09-30",
            "totalCurrentAssets": "6773300000",
            "cashAndShortTermInvestments": "1734000000",
            "totalCurrentLiabilities": "2908800000",
            "currentDebt": "355600000",
            "netIncome": "513900000",
            "capitalExpenditures": "74700000",
            "operatingCashflow": "618100000",
            "grossProfit": "1048500000",
            "totalRevenue": "3199200000",
            "sentiment": 0.2997382252666351,
            "surprise": "0.04",
            "closePrice": "79.3233433006069"
        },
        {
            "fiscalDateEnding": "2023-06-30",
            "totalCurrentAssets": "6321300000",
            "cashAndShortTermInvestments": "1503000000",
            "totalCurrentLiabilities": "2709700000",
            "currentDebt": "351800000",
            "netIncome": "460500000",
            "capitalExpenditures": "95400000",
            "operatingCashflow": "536400000",
            "grossProfit": "991700000",
            "totalRevenue": "3053900000",
            "sentiment": 0.3333406298707641,
            "surprise": "0.04",
            "closePrice": "88.0112234433705"
        },
        {
            "fiscalDateEnding": "2023-03-31",
            "totalCurrentAssets": "6394000000",
            "cashAndShortTermInvestments": "1498700000",
            "totalCurrentLiabilities": "2426200000",
            "currentDebt": "2900000",
            "netIncome": "439200000",
            "capitalExpenditures": "97700000",
            "operatingCashflow": "532400000",
            "grossProfit": "943400000",
            "totalRevenue": "2974000000",
            "sentiment": 0.24932480956472963,
            "surprise": "0.02",
            "closePrice": "73.2316413891314"
        },
        {
            "fiscalDateEnding": "2022-12-31",
            "totalCurrentAssets": "6479100000",
            "cashAndShortTermInvestments": "1434200000",
            "totalCurrentLiabilities": "2676100000",
            "currentDebt": "2700000",
            "netIncome": "507500000",
            "capitalExpenditures": "93600000",
            "operatingCashflow": "705300000",
            "grossProfit": "1037500000",
            "totalRevenue": "3239200000",
            "sentiment": 0.26541310922784883,
            "surprise": "0.03",
            "closePrice": "78.2159567642363"
        },
        {
            "fiscalDateEnding": "2022-09-30",
            "totalCurrentAssets": "6326900000",
            "cashAndShortTermInvestments": "1252000000",
            "totalCurrentLiabilities": "2654900000",
            "currentDebt": "2900000",
            "netIncome": "496600000",
            "capitalExpenditures": "121000000",
            "operatingCashflow": "576000000",
            "grossProfit": "1060000000",
            "totalRevenue": "3295200000",
            "sentiment": 0.32894036187762526,
            "surprise": "0.05",
            "closePrice": "71.9360012799811"
        },
        {
            "fiscalDateEnding": "2022-06-30",
            "totalCurrentAssets": "6311000000",
            "cashAndShortTermInvestments": "1334400000",
            "totalCurrentLiabilities": "2580700000",
            "currentDebt": "28100000",
            "netIncome": "472500000",
            "capitalExpenditures": "91100000",
            "operatingCashflow": "542500000",
            "grossProfit": "1004200000",
            "totalRevenue": "3136800000",
            "sentiment": 0.09461459016550292,
            "surprise": "0.07",
            "closePrice": "72.9553425126546"
        },
        {
            "fiscalDateEnding": "2022-03-31",
            "totalCurrentAssets": "6108700000",
            "cashAndShortTermInvestments": "1299600000",
            "totalCurrentLiabilities": "2397200000",
            "currentDebt": "23700000",
            "netIncome": "425700000",
            "capitalExpenditures": "78100000",
            "operatingCashflow": "350800000",
            "grossProfit": "926600000",
            "totalRevenue": "2951900000",
            "sentiment": -0.2541316407627662,
            "surprise": "0.06",
            "closePrice": "68.5519713478572"
        },
        {
            "fiscalDateEnding": "2021-12-31",
            "totalCurrentAssets": "5958200000",
            "cashAndShortTermInvestments": "1241400000",
            "totalCurrentLiabilities": "2447100000",
            "currentDebt": "4000000",
            "netIncome": "465000000",
            "capitalExpenditures": "86200000",
            "operatingCashflow": "470600000",
            "grossProfit": "941200000",
            "totalRevenue": "3026800000",
            "sentiment": 0,
            "surprise": "0.07",
            "closePrice": "74.3946823783551"
        },
        {
            "fiscalDateEnding": "2021-09-30",
            "totalCurrentAssets": "6919800000",
            "cashAndShortTermInvestments": "1302500000",
            "totalCurrentLiabilities": "2885000000",
            "currentDebt": "298700000",
            "netIncome": "426500000",
            "capitalExpenditures": "90900000",
            "operatingCashflow": "360800000",
            "grossProfit": "889900000",
            "totalRevenue": "2818500000",
            "sentiment": 0,
            "surprise": "0.02",
            "closePrice": "73.6576503412255"
        },
        {
            "fiscalDateEnding": "2021-06-30",
            "totalCurrentAssets": "6491200000",
            "cashAndShortTermInvestments": "1242600000",
            "totalCurrentLiabilities": "2996500000",
            "currentDebt": "526100000",
            "netIncome": "369800000",
            "capitalExpenditures": "104900000",
            "operatingCashflow": "387700000",
            "grossProfit": "843200000",
            "totalRevenue": "2653900000",
            "sentiment": 0,
            "surprise": "0.06",
            "closePrice": "68.6628631089094"
        },
        {
            "fiscalDateEnding": "2021-03-31",
            "totalCurrentAssets": "6186700000",
            "cashAndShortTermInvestments": "2361200000",
            "totalCurrentLiabilities": "2547900000",
            "currentDebt": "526400000",
            "netIncome": "329600000",
            "capitalExpenditures": "78400000",
            "operatingCashflow": "321000000",
            "grossProfit": "727500000",
            "totalRevenue": "2377100000",
            "sentiment": 0,
            "surprise": "0.05",
            "closePrice": "65.3682247980224"
        },
        {
            "fiscalDateEnding": "2020-12-31",
            "totalCurrentAssets": "5490800000",
            "cashAndShortTermInvestments": "1738100000",
            "totalCurrentLiabilities": "2304300000",
            "currentDebt": "230300000",
            "netIncome": "357000000",
            "capitalExpenditures": "72000000",
            "operatingCashflow": "441000000",
            "grossProfit": "765600000",
            "totalRevenue": "2426000000",
            "sentiment": 0,
            "surprise": "0.05",
            "closePrice": "60.5129324298454"
        },
        {
            "fiscalDateEnding": "2020-09-30",
            "totalCurrentAssets": "5037000000",
            "cashAndShortTermInvestments": "1456200000",
            "totalCurrentLiabilities": "2215000000",
            "currentDebt": "229200000",
            "netIncome": "346600000",
            "capitalExpenditures": "76500000",
            "operatingCashflow": "398600000",
            "grossProfit": "734900000",
            "totalRevenue": "2323400000",
            "sentiment": 0,
            "surprise": "0.11",
            "closePrice": "55.2672673251238"
        },
        {
            "fiscalDateEnding": "2020-06-30",
            "totalCurrentAssets": "4618000000",
            "cashAndShortTermInvestments": "1314000000",
            "totalCurrentLiabilities": "1785200000",
            "currentDebt": "2300000",
            "netIncome": "257700000",
            "capitalExpenditures": "67500000",
            "operatingCashflow": "368100000",
            "grossProfit": "603800000",
            "totalRevenue": "1987500000",
            "sentiment": 0,
            "surprise": "0.1",
            "closePrice": "49.5399275210526"
        },
        {
            "fiscalDateEnding": "2020-03-31",
            "totalCurrentAssets": "5517500000",
            "cashAndShortTermInvestments": "2383600000",
            "totalCurrentLiabilities": "2170200000",
            "currentDebt": "500900000",
            "netIncome": "242100000",
            "capitalExpenditures": "60800000",
            "operatingCashflow": "384300000",
            "grossProfit": "559800000",
            "totalRevenue": "1862000000",
            "sentiment": 0,
            "surprise": "-0.01",
            "closePrice": "39.0768774107034"
        },
        {
            "fiscalDateEnding": "2019-12-31",
            "totalCurrentAssets": "4211200000",
            "cashAndShortTermInvestments": "908600000",
            "totalCurrentLiabilities": "2132700000",
            "currentDebt": "403300000",
            "netIncome": "318700000",
            "capitalExpenditures": "72000000",
            "operatingCashflow": "424100000",
            "grossProfit": "678700000",
            "totalRevenue": "2151000000",
            "sentiment": 0,
            "surprise": "0.04",
            "closePrice": "50.833601223113"
        },
        {
            "fiscalDateEnding": "2019-09-30",
            "totalCurrentAssets": "4232200000",
            "cashAndShortTermInvestments": "986700000",
            "totalCurrentLiabilities": "2122600000",
            "currentDebt": "403700000",
            "netIncome": "280300000",
            "capitalExpenditures": "73100000",
            "operatingCashflow": "412200000",
            "grossProfit": "661900000",
            "totalRevenue": "2100600000",
            "sentiment": 0,
            "surprise": "0.04",
            "closePrice": "48.3188206026451"
        },
        {
            "fiscalDateEnding": "2019-06-30",
            "totalCurrentAssets": "4222100000",
            "cashAndShortTermInvestments": "997300000",
            "totalCurrentLiabilities": "2052900000",
            "currentDebt": "403100000",
            "netIncome": "288400000",
            "capitalExpenditures": "75400000",
            "operatingCashflow": "322400000",
            "grossProfit": "647600000",
            "totalRevenue": "2015300000",
            "sentiment": 0,
            "surprise": "0",
            "closePrice": "43.8230442494492"
        },
        {
            "fiscalDateEnding": "2019-03-31",
            "totalCurrentAssets": "4127500000",
            "cashAndShortTermInvestments": "987600000",
            "totalCurrentLiabilities": "1649200000",
            "currentDebt": "6000000",
            "netIncome": "267500000",
            "capitalExpenditures": "74500000",
            "operatingCashflow": "343600000",
            "grossProfit": "627800000",
            "totalRevenue": "1958500000",
            "sentiment": 0,
            "surprise": "0.01",
            "closePrice": "48.5146577467955"
        },
        {
            "fiscalDateEnding": "2018-12-31",
            "totalCurrentAssets": "4571600000",
            "cashAndShortTermInvestments": "1291700000",
            "totalCurrentLiabilities": "2451300000",
            "currentDebt": "764300000",
            "netIncome": "338100000",
            "capitalExpenditures": "102400000",
            "operatingCashflow": "378200000",
            "grossProfit": "715000000",
            "totalRevenue": "2224700000",
            "sentiment": 0,
            "surprise": "0.04",
            "closePrice": "39.3953771678983"
        },
        {
            "fiscalDateEnding": "2018-09-30",
            "totalCurrentAssets": "4281500000",
            "cashAndShortTermInvestments": "1019800000",
            "totalCurrentLiabilities": "2543200000",
            "currentDebt": "790200000",
            "netIncome": "316600000",
            "capitalExpenditures": "74100000",
            "operatingCashflow": "339200000",
            "grossProfit": "688200000",
            "totalRevenue": "2129000000",
            "sentiment": 0,
            "surprise": "0.03",
            "closePrice": "39.3433178891704"
        },
        {
            "fiscalDateEnding": "2018-06-30",
            "totalCurrentAssets": "4021400000",
            "cashAndShortTermInvestments": "991100000",
            "totalCurrentLiabilities": "2340800000",
            "currentDebt": "768400000",
            "netIncome": "284800000",
            "capitalExpenditures": "79200000",
            "operatingCashflow": "265100000",
            "grossProfit": "644800000",
            "totalRevenue": "1981400000",
            "sentiment": 0,
            "surprise": "0.02",
            "closePrice": "43.6978355911281"
        },
        {
            "fiscalDateEnding": "2018-03-31",
            "totalCurrentAssets": "3937100000",
            "cashAndShortTermInvestments": "1024300000",
            "totalCurrentLiabilities": "2184700000",
            "currentDebt": "749900000",
            "netIncome": "265600000",
            "capitalExpenditures": "54900000",
            "operatingCashflow": "130200000",
            "grossProfit": "606900000",
            "totalRevenue": "1866900000",
            "sentiment": 0,
            "surprise": "0.02",
            "closePrice": "38.8282235357565"
        },
        {
            "fiscalDateEnding": "2017-12-31",
            "totalCurrentAssets": "4656000000",
            "cashAndShortTermInvestments": "1753700000",
            "totalCurrentLiabilities": "1579400000",
            "currentDebt": "1100000",
            "netIncome": "-103400000",
            "capitalExpenditures": "70800000",
            "operatingCashflow": "427800000",
            "grossProfit": "635400000",
            "totalRevenue": "1944000000",
            "sentiment": 0,
            "surprise": "0.06",
            "closePrice": "42.6379807819898"
        },
        {
            "fiscalDateEnding": "2017-09-30",
            "totalCurrentAssets": "4352900000",
            "cashAndShortTermInvestments": "1489600000",
            "totalCurrentLiabilities": "1433700000",
            "currentDebt": "1100000",
            "netIncome": "277500000",
            "capitalExpenditures": "55600000",
            "operatingCashflow": "198200000",
            "grossProfit": "606100000",
            "totalRevenue": "1840800000",
            "sentiment": 0,
            "surprise": "0.05",
            "closePrice": "40.6998342167251"
        },
        {
            "fiscalDateEnding": "2017-06-30",
            "totalCurrentAssets": "3992400000",
            "cashAndShortTermInvestments": "1360100000",
            "totalCurrentLiabilities": "1713900000",
            "currentDebt": "376000000",
            "netIncome": "251500000",
            "capitalExpenditures": "51500000",
            "operatingCashflow": "280400000",
            "grossProfit": "552600000",
            "totalRevenue": "1666500000",
            "sentiment": 0,
            "surprise": "0.05",
            "closePrice": "34.8812946194002"
        },
        {
            "fiscalDateEnding": "2017-03-31",
            "totalCurrentAssets": "3722400000",
            "cashAndShortTermInvestments": "1279700000",
            "totalCurrentLiabilities": "1583300000",
            "currentDebt": "375100000",
            "netIncome": "224900000",
            "capitalExpenditures": "48700000",
            "operatingCashflow": "237800000",
            "grossProfit": "515900000",
            "totalRevenue": "1560100000",
            "sentiment": 0,
            "surprise": "0.03",
            "closePrice": "33.3170571982271"
        },
        {
            "fiscalDateEnding": "2016-12-31",
            "totalCurrentAssets": "3591200000",
            "cashAndShortTermInvestments": "1173200000",
            "totalCurrentLiabilities": "1635200000",
            "currentDebt": "375200000",
            "netIncome": "235400000",
            "capitalExpenditures": "54500000",
            "operatingCashflow": "348900000",
            "grossProfit": "546100000",
            "totalRevenue": "1651100000",
            "sentiment": 0,
            "surprise": "0.02",
            "closePrice": "31.0644341044507"
        },
        {
            "fiscalDateEnding": "2016-09-30",
            "totalCurrentAssets": "3405200000",
            "cashAndShortTermInvestments": "1016900000",
            "totalCurrentLiabilities": "1513500000",
            "currentDebt": "374500000",
            "netIncome": "224300000",
            "capitalExpenditures": "47200000",
            "operatingCashflow": "290900000",
            "grossProfit": "537300000",
            "totalRevenue": "1617800000",
            "sentiment": 0,
            "surprise": "0.03",
            "closePrice": "29.9193770668709"
        },
        {
            "fiscalDateEnding": "2016-06-30",
            "totalCurrentAssets": "3158100000",
            "cashAndShortTermInvestments": "824700000",
            "totalCurrentLiabilities": "1100000000",
            "currentDebt": "300000",
            "netIncome": "206500000",
            "capitalExpenditures": "48100000",
            "operatingCashflow": "57600000",
            "grossProfit": "497300000",
            "totalRevenue": "1530200000",
            "sentiment": 0,
            "surprise": "0.01",
            "closePrice": "27.3001613698431"
        },
        {
            "fiscalDateEnding": "2016-03-31",
            "totalCurrentAssets": "2989600000",
            "cashAndShortTermInvestments": "713600000",
            "totalCurrentLiabilities": "1069600000",
            "currentDebt": "300000",
            "netIncome": "156600000",
            "capitalExpenditures": "41000000",
            "operatingCashflow": "229100000",
            "grossProfit": "459200000",
            "totalRevenue": "1433100000",
            "sentiment": 0,
            "surprise": "0.02",
            "closePrice": "26.6147421076674"
        },
        {
            "fiscalDateEnding": "2015-12-31",
            "totalCurrentAssets": "3850000000",
            "cashAndShortTermInvestments": "1760400000",
            "totalCurrentLiabilities": "1008400000",
            "currentDebt": "300000",
            "netIncome": "200100000",
            "capitalExpenditures": "41300000",
            "operatingCashflow": "-400600000",
            "grossProfit": "458500000",
            "totalRevenue": "1430500000",
            "sentiment": 0,
            "surprise": "0.03",
            "closePrice": "21.3517908172509"
        },
        {
            "fiscalDateEnding": "2015-09-30",
            "totalCurrentAssets": "3862300000",
            "cashAndShortTermInvestments": "1597700000",
            "totalCurrentLiabilities": "1081300000",
            "currentDebt": "400000",
            "netIncome": "204500000",
            "capitalExpenditures": "45600000",
            "operatingCashflow": "207300000",
            "grossProfit": "464000000",
            "totalRevenue": "1442600000",
            "sentiment": 0,
            "surprise": "0",
            "closePrice": "23.0899383049392"
        },
        {
            "fiscalDateEnding": "2015-06-30",
            "totalCurrentAssets": "3592800000",
            "cashAndShortTermInvestments": "1397200000",
            "totalCurrentLiabilities": "984700000",
            "currentDebt": "400000",
            "netIncome": "179000000",
            "capitalExpenditures": "45200000",
            "operatingCashflow": "180600000",
            "grossProfit": "432500000",
            "totalRevenue": "1334400000",
            "sentiment": 0,
            "surprise": "0",
            "closePrice": "25.9258371210335"
        },
        {
            "fiscalDateEnding": "2015-03-31",
            "totalCurrentAssets": "3533800000",
            "cashAndShortTermInvestments": "1351100000",
            "totalCurrentLiabilities": "925700000",
            "currentDebt": "1600000",
            "netIncome": "179800000",
            "capitalExpenditures": "40000000",
            "operatingCashflow": "380200000",
            "grossProfit": "424600000",
            "totalRevenue": "1310100000",
            "sentiment": 0,
            "surprise": "0",
            "closePrice": "25.882635248914"
        },
        {
            "fiscalDateEnding": "2014-12-31",
            "totalCurrentAssets": "3452200000",
            "cashAndShortTermInvestments": "1329600000",
            "totalCurrentLiabilities": "1045600000",
            "currentDebt": "1600000",
            "netIncome": "193478000",
            "capitalExpenditures": "46443000",
            "operatingCashflow": "278900000",
            "grossProfit": "456700000",
            "totalRevenue": "1426500000",
            "sentiment": 0,
            "surprise": "0.02",
            "closePrice": "24.5174025336254"
        },
        {
            "fiscalDateEnding": "2014-09-30",
            "totalCurrentAssets": "3372572000",
            "cashAndShortTermInvestments": "1244617000",
            "totalCurrentLiabilities": "1555397000",
            "currentDebt": "600803000",
            "netIncome": "182207000",
            "capitalExpenditures": "56747000",
            "operatingCashflow": "184160000",
            "grossProfit": "431700000",
            "totalRevenue": "1337653000",
            "sentiment": 0,
            "surprise": "0.01",
            "closePrice": "21.3717244538559"
        },
        {
            "fiscalDateEnding": "2014-06-30",
            "totalCurrentAssets": "3462385000",
            "cashAndShortTermInvestments": "1443900000",
            "totalCurrentLiabilities": "1711793000",
            "currentDebt": "800670000",
            "netIncome": "174932000",
            "capitalExpenditures": "51734000",
            "operatingCashflow": "176417000",
            "grossProfit": "416800000",
            "totalRevenue": "1294091000",
            "sentiment": 0,
            "surprise": "0.01",
            "closePrice": "21.9404001850026"
        },
        {
            "fiscalDateEnding": "2014-03-31",
            "totalCurrentAssets": "3204467000",
            "cashAndShortTermInvestments": "1299453000",
            "totalCurrentLiabilities": "1556204000",
            "currentDebt": "701045000",
            "netIncome": "158483000",
            "capitalExpenditures": "54176000",
            "operatingCashflow": "202659000",
            "grossProfit": "388900000",
            "totalRevenue": "1227003000",
            "sentiment": 0,
            "surprise": "0.01",
            "closePrice": "21.5684299371422"
        },
        {
            "fiscalDateEnding": "2013-12-31",
            "totalCurrentAssets": "3157600000",
            "cashAndShortTermInvestments": "1192200000",
            "totalCurrentLiabilities": "1609900000",
            "currentDebt": "701437000",
            "netIncome": "241360000",
            "capitalExpenditures": "52708000",
            "operatingCashflow": "241360000",
            "grossProfit": "389300000",
            "totalRevenue": "1245735000",
            "sentiment": 0,
            "surprise": "0.01",
            "closePrice": "20.5161221984768"
        },
        {
            "fiscalDateEnding": "2013-09-30",
            "totalCurrentAssets": "3077535000",
            "cashAndShortTermInvestments": "1283581000",
            "totalCurrentLiabilities": "893201000",
            "currentDebt": "84987000",
            "netIncome": "160798000",
            "capitalExpenditures": "39703000",
            "operatingCashflow": "161389000",
            "grossProfit": "363800000",
            "totalRevenue": "1137014000",
            "sentiment": 0,
            "surprise": "0.01",
            "closePrice": "18.2324878927536"
        },
        {
            "fiscalDateEnding": "2013-06-30",
            "totalCurrentAssets": "2874470000",
            "cashAndShortTermInvestments": "1142552000",
            "totalCurrentLiabilities": "815559000",
            "currentDebt": "83599000",
            "netIncome": "153988000",
            "capitalExpenditures": "36352000",
            "operatingCashflow": "154868000",
            "grossProfit": "359800000",
            "totalRevenue": "1120446000",
            "sentiment": 0,
            "surprise": "0",
            "closePrice": "17.1154627648482"
        },
        {
            "fiscalDateEnding": "2013-03-31",
            "totalCurrentAssets": "2725671000",
            "cashAndShortTermInvestments": "1021902000",
            "totalCurrentLiabilities": "815014000",
            "currentDebt": "92190000",
            "netIncome": "153007000",
            "capitalExpenditures": "29685000",
            "operatingCashflow": "180254000",
            "grossProfit": "337900000",
            "totalRevenue": "1064348000",
            "sentiment": 0,
            "surprise": "0",
            "closePrice": "16.170060134442"
        },
        {
            "fiscalDateEnding": "2012-12-31",
            "totalCurrentAssets": "2706915000",
            "cashAndShortTermInvestments": "942503000",
            "totalCurrentLiabilities": "888514000",
            "currentDebt": "100293000",
            "netIncome": "221220000",
            "capitalExpenditures": "32610000",
            "operatingCashflow": "221220000",
            "grossProfit": "355451000",
            "totalRevenue": "1145978000",
            "sentiment": 0,
            "surprise": "0.01",
            "closePrice": "15.1632649918216"
        },
        {
            "fiscalDateEnding": "2012-09-30",
            "totalCurrentAssets": "2640981000",
            "cashAndShortTermInvestments": "892891000",
            "totalCurrentLiabilities": "864588000",
            "currentDebt": "94093000",
            "netIncome": "147450000",
            "capitalExpenditures": "33067000",
            "operatingCashflow": "148800000",
            "grossProfit": "344329000",
            "totalRevenue": "1088210000",
            "sentiment": 0,
            "surprise": "0.01",
            "closePrice": "13.731619475268"
        },
        {
            "fiscalDateEnding": "2012-06-30",
            "totalCurrentAssets": "2426160000",
            "cashAndShortTermInvestments": "780464000",
            "totalCurrentLiabilities": "801656000",
            "currentDebt": "89284000",
            "netIncome": "140942000",
            "capitalExpenditures": "31899000",
            "operatingCashflow": "141893000",
            "grossProfit": "334161000",
            "totalRevenue": "1046008000",
            "sentiment": 0,
            "surprise": "0.01",
            "closePrice": "13.1312022693648"
        },
        {
            "fiscalDateEnding": "2012-03-31",
            "totalCurrentAssets": "2291800000",
            "cashAndShortTermInvestments": "743232000",
            "totalCurrentLiabilities": "744979000",
            "currentDebt": "78298000",
            "netIncome": "126563000",
            "capitalExpenditures": "31523000",
            "operatingCashflow": "164204000",
            "grossProfit": "309271000",
            "totalRevenue": "967855000",
            "sentiment": 0,
            "surprise": "0",
            "closePrice": "12.9167155152667"
        },
        {
            "fiscalDateEnding": "2011-12-31",
            "totalCurrentAssets": "2181237000",
            "cashAndShortTermInvestments": "648934000",
            "totalCurrentLiabilities": "642415000",
            "currentDebt": "298000",
            "netIncome": "156060000",
            "capitalExpenditures": "28174000",
            "operatingCashflow": "156060000",
            "grossProfit": "294837000",
            "totalRevenue": "948709000",
            "sentiment": 0,
            "surprise": "0",
            "closePrice": "11.8874286342521"
        },
        {
            "fiscalDateEnding": "2011-09-30",
            "totalCurrentAssets": "2327812000",
            "cashAndShortTermInvestments": "780909000",
            "totalCurrentLiabilities": "662203000",
            "currentDebt": "304000",
            "netIncome": "134623000",
            "capitalExpenditures": "26268000",
            "operatingCashflow": "136058000",
            "grossProfit": "323477000",
            "totalRevenue": "1022256000",
            "sentiment": 0,
            "surprise": "0",
            "closePrice": "9.2963405350162"
        },
        {
            "fiscalDateEnding": "2011-06-30",
            "totalCurrentAssets": "2246680000",
            "cashAndShortTermInvestments": "696555000",
            "totalCurrentLiabilities": "648378000",
            "currentDebt": "328000",
            "netIncome": "147751000",
            "capitalExpenditures": "22602000",
            "operatingCashflow": "104609000",
            "grossProfit": "321222000",
            "totalRevenue": "1006367000",
            "sentiment": 0,
            "surprise": "0.01",
            "closePrice": "11.1229203673838"
        },
        {
            "fiscalDateEnding": "2011-03-31",
            "totalCurrentAssets": "2145894000",
            "cashAndShortTermInvestments": "691421000",
            "totalCurrentLiabilities": "682427000",
            "currentDebt": "329000",
            "netIncome": "127958000",
            "capitalExpenditures": "23178000",
            "operatingCashflow": "107738000",
            "grossProfit": "304124000",
            "totalRevenue": "930569000",
            "sentiment": 0,
            "surprise": "0",
            "closePrice": "12.1772682370536"
        },
        {
            "fiscalDateEnding": "2010-12-31",
            "totalCurrentAssets": "1992130000",
            "cashAndShortTermInvestments": "624229000",
            "totalCurrentLiabilities": "654990000",
            "currentDebt": "352000",
            "netIncome": "131113000",
            "capitalExpenditures": "37130000",
            "operatingCashflow": "160682000",
            "grossProfit": "310020000",
            "totalRevenue": "949886000",
            "sentiment": 0,
            "surprise": "0.01",
            "closePrice": "11.7240391115361"
        },
        {
            "fiscalDateEnding": "2010-09-30",
            "totalCurrentAssets": "1957676000",
            "cashAndShortTermInvestments": "587773000",
            "totalCurrentLiabilities": "687149000",
            "currentDebt": "385000",
            "netIncome": "137268000",
            "capitalExpenditures": "29242000",
            "operatingCashflow": "128340000",
            "grossProfit": "309717000",
            "totalRevenue": "937895000",
            "sentiment": 0,
            "surprise": "0.01",
            "closePrice": "10.7855633313777"
        },
        {
            "fiscalDateEnding": "2010-06-30",
            "totalCurrentAssets": "1757703000",
            "cashAndShortTermInvestments": "436677000",
            "totalCurrentLiabilities": "596916000",
            "currentDebt": "365000",
            "netIncome": "129671000",
            "capitalExpenditures": "24733000",
            "operatingCashflow": "104028000",
            "grossProfit": "289299000",
            "totalRevenue": "874830000",
            "sentiment": 0,
            "surprise": "0.02",
            "closePrice": "9.41527488130836"
        },
        {
            "fiscalDateEnding": "2010-03-31",
            "totalCurrentAssets": "1616345000",
            "cashAndShortTermInvestments": "431719000",
            "totalCurrentLiabilities": "592881000",
            "currentDebt": "49440000",
            "netIncome": "98353000",
            "capitalExpenditures": "18353000",
            "operatingCashflow": "31843000",
            "grossProfit": "249192000",
            "totalRevenue": "760941000",
            "sentiment": 0,
            "surprise": "0.01",
            "closePrice": "10.5058241486876"
        },
        {
            "fiscalDateEnding": "2009-12-31",
            "totalCurrentAssets": "1420395000",
            "cashAndShortTermInvestments": "422383000",
            "totalCurrentLiabilities": "503159000",
            "currentDebt": "798000",
            "netIncome": "87639000",
            "capitalExpenditures": "17451000",
            "operatingCashflow": "151714000",
            "grossProfit": "241632000",
            "totalRevenue": "758296000",
            "sentiment": 0,
            "surprise": "0.01",
            "closePrice": "9.40862103491056"
        },
        {
            "fiscalDateEnding": "2009-09-30",
            "totalCurrentAssets": "1337750000",
            "cashAndShortTermInvestments": "307569000",
            "totalCurrentLiabilities": "497337000",
            "currentDebt": "481000",
            "netIncome": "80915000",
            "capitalExpenditures": "14775000",
            "operatingCashflow": "145942000",
            "grossProfit": "224393000",
            "totalRevenue": "707612000",
            "sentiment": 0,
            "surprise": "0.01",
            "closePrice": "9.07568098262141"
        },
        {
            "fiscalDateEnding": "2009-06-30",
            "totalCurrentAssets": "1206941000",
            "cashAndShortTermInvestments": "220765000",
            "totalCurrentLiabilities": "437595000",
            "currentDebt": "527000",
            "netIncome": "74870000",
            "capitalExpenditures": "30832000",
            "operatingCashflow": "141876000",
            "grossProfit": "214150000",
            "totalRevenue": "676053000",
            "sentiment": 0,
            "surprise": "0",
            "closePrice": "7.43070121552785"
        }
    ]
}