{
    "APP": [
        {
            "fiscalDateEnding": "2023-12-31",
            "totalCurrentAssets": "1616163000",
            "cashAndShortTermInvestments": "502152000",
            "totalCurrentLiabilities": "944122000",
            "currentDebt": "449683000",
            "netIncome": "172233000",
            "capitalExpenditures": "-6279000",
            "operatingCashflow": "343988000",
            "grossProfit": "683991000",
            "totalRevenue": "957598000",
            "sentiment": 0.33611806277054823,
            "surprise": "0.14",
            "closePrice": "46.87"
        },
        {
            "fiscalDateEnding": "2023-09-30",
            "totalCurrentAssets": "1300792000",
            "cashAndShortTermInvestments": "332491000",
            "totalCurrentLiabilities": "805474000",
            "currentDebt": "215000000",
            "netIncome": "108639000",
            "capitalExpenditures": "2273000",
            "operatingCashflow": "199066000",
            "grossProfit": "599207000",
            "totalRevenue": "864256000",
            "sentiment": 0.29561475312857743,
            "surprise": "0.03",
            "closePrice": "40.12"
        },
        {
            "fiscalDateEnding": "2023-06-30",
            "totalCurrentAssets": "1696268000",
            "cashAndShortTermInvestments": "876227000",
            "totalCurrentLiabilities": "591940000",
            "currentDebt": "33310000",
            "netIncome": "80357000",
            "capitalExpenditures": "6055000",
            "operatingCashflow": "229794000",
            "grossProfit": "491590000",
            "totalRevenue": "750165000",
            "sentiment": 0.18987529465141714,
            "surprise": "0.15",
            "closePrice": "29.41"
        },
        {
            "fiscalDateEnding": "2023-03-31",
            "totalCurrentAssets": "2048357000",
            "cashAndShortTermInvestments": "1245893000",
            "totalCurrentLiabilities": "619570000",
            "currentDebt": "33310000",
            "netIncome": "-4518000",
            "capitalExpenditures": "2197000",
            "operatingCashflow": "288662000",
            "grossProfit": "453445000",
            "totalRevenue": "715405000",
            "sentiment": 0.18109417515149853,
            "surprise": "-0.07",
            "closePrice": "17.81"
        },
        {
            "fiscalDateEnding": "2022-12-31",
            "totalCurrentAssets": "1939083000",
            "cashAndShortTermInvestments": "1080484000",
            "totalCurrentLiabilities": "578958000",
            "currentDebt": "88924000",
            "netIncome": "-79512000",
            "capitalExpenditures": "1444000",
            "operatingCashflow": "163199000",
            "grossProfit": "332939000",
            "totalRevenue": "702307000",
            "sentiment": 0.1081387403098463,
            "surprise": "-0.26",
            "closePrice": "12.68"
        },
        {
            "fiscalDateEnding": "2022-09-30",
            "totalCurrentAssets": "1824249000",
            "cashAndShortTermInvestments": "943508000",
            "totalCurrentLiabilities": "543633000",
            "currentDebt": "33310000",
            "netIncome": "23771000",
            "capitalExpenditures": "2159000",
            "operatingCashflow": "174482000",
            "grossProfit": "412111000",
            "totalRevenue": "713099000",
            "sentiment": 0.2669896357422554,
            "surprise": "-0.01",
            "closePrice": "13.74"
        },
        {
            "fiscalDateEnding": "2022-06-30",
            "totalCurrentAssets": "1817297000",
            "cashAndShortTermInvestments": "951560000",
            "totalCurrentLiabilities": "644589000",
            "currentDebt": "33310000",
            "netIncome": "-21748000",
            "capitalExpenditures": "1065000",
            "operatingCashflow": "106811000",
            "grossProfit": "472302000",
            "totalRevenue": "776231000",
            "sentiment": -0.0006963828319365962,
            "surprise": "-0.24",
            "closePrice": "40.46"
        },
        {
            "fiscalDateEnding": "2022-03-31",
            "totalCurrentAssets": "2298101000",
            "cashAndShortTermInvestments": "1413256000",
            "totalCurrentLiabilities": "785117000",
            "currentDebt": "29560000",
            "netIncome": "-115257000",
            "capitalExpenditures": "1943000",
            "operatingCashflow": "-31719000",
            "grossProfit": "344098000",
            "totalRevenue": "625878000",
            "sentiment": 0.024216299288162404,
            "surprise": "-0.27",
            "closePrice": "39.46"
        },
        {
            "fiscalDateEnding": "2021-12-31",
            "totalCurrentAssets": "3235064000",
            "cashAndShortTermInvestments": "1520504000",
            "totalCurrentLiabilities": "640097000",
            "currentDebt": "73619000",
            "netIncome": "31366000",
            "capitalExpenditures": "1636000",
            "operatingCashflow": "85015000",
            "grossProfit": "541113000",
            "totalRevenue": "806242000",
            "sentiment": 0,
            "surprise": "-0.03",
            "closePrice": "68.71"
        },
        {
            "fiscalDateEnding": "2021-09-30",
            "totalCurrentAssets": "1626365000",
            "cashAndShortTermInvestments": "1049617000",
            "totalCurrentLiabilities": "569768000",
            "currentDebt": "18310000",
            "netIncome": "178000",
            "capitalExpenditures": "1651000",
            "operatingCashflow": "124560000",
            "grossProfit": "472899000",
            "totalRevenue": "726951000",
            "sentiment": 0,
            "surprise": "0.3031",
            "closePrice": "95.73"
        },
        {
            "fiscalDateEnding": "2021-06-30",
            "totalCurrentAssets": "1716845000",
            "cashAndShortTermInvestments": "1183743000",
            "totalCurrentLiabilities": "603179000",
            "currentDebt": "18310000",
            "netIncome": "14423000",
            "capitalExpenditures": "2049000",
            "operatingCashflow": "90457000",
            "grossProfit": "422953000",
            "totalRevenue": "668806000",
            "sentiment": 0,
            "surprise": "-0.01",
            "closePrice": "58.5"
        },
        {
            "fiscalDateEnding": "2021-03-31",
            "totalCurrentAssets": "1184821000",
            "cashAndShortTermInvestments": "761075000",
            "totalCurrentLiabilities": "486596000",
            "currentDebt": "18310000",
            "netIncome": "-10521000",
            "capitalExpenditures": "121000",
            "operatingCashflow": "61819000",
            "grossProfit": "380816000",
            "totalRevenue": "603877000",
            "sentiment": 0,
            "surprise": "0",
            "closePrice": "52.25"
        }
    ]
}