{
    "APPF": [
        {
            "fiscalDateEnding": "2023-12-31",
            "totalCurrentAssets": "272357000",
            "cashAndShortTermInvestments": "49509000",
            "totalCurrentLiabilities": "69766000",
            "currentDebt": "None",
            "netIncome": "30268000",
            "capitalExpenditures": "4540000",
            "operatingCashflow": "31183000",
            "grossProfit": "64890000",
            "totalRevenue": "174234000",
            "sentiment": 0.25259196178030013,
            "surprise": "0.16",
            "closePrice": "174.38"
        },
        {
            "fiscalDateEnding": "2023-09-30",
            "totalCurrentAssets": "239877000",
            "cashAndShortTermInvestments": "59937000",
            "totalCurrentLiabilities": "74147000",
            "currentDebt": "None",
            "netIncome": "26445000",
            "capitalExpenditures": "5004000",
            "operatingCashflow": "36757000",
            "grossProfit": "32413000",
            "totalRevenue": "167228000",
            "sentiment": 0.32727779080622305,
            "surprise": "0.19",
            "closePrice": "176.77"
        },
        {
            "fiscalDateEnding": "2023-06-30",
            "totalCurrentAssets": "209482000",
            "cashAndShortTermInvestments": "24698000",
            "totalCurrentLiabilities": "74711000",
            "currentDebt": "None",
            "netIncome": "-18901000",
            "capitalExpenditures": "2363000",
            "operatingCashflow": "-9230000",
            "grossProfit": "37462000",
            "totalRevenue": "148553000",
            "sentiment": 0.3267904875355217,
            "surprise": "0.11",
            "closePrice": "175.82"
        },
        {
            "fiscalDateEnding": "2023-03-31",
            "totalCurrentAssets": "211878000",
            "cashAndShortTermInvestments": "103925000",
            "totalCurrentLiabilities": "79827000",
            "currentDebt": "None",
            "netIncome": "-35110000",
            "capitalExpenditures": "1959000",
            "operatingCashflow": "1573000",
            "grossProfit": "-3007000",
            "totalRevenue": "137461000",
            "sentiment": 0.283952782403607,
            "surprise": "0.04",
            "closePrice": "128.85"
        },
        {
            "fiscalDateEnding": "2022-12-31",
            "totalCurrentAssets": "201468000",
            "cashAndShortTermInvestments": "70769000",
            "totalCurrentLiabilities": "61343000",
            "currentDebt": "None",
            "netIncome": "-19700000",
            "capitalExpenditures": "4817000",
            "operatingCashflow": "6081000",
            "grossProfit": "41641000",
            "totalRevenue": "124610000",
            "sentiment": 0.35057920392845754,
            "surprise": "0.08",
            "closePrice": "114.94"
        },
        {
            "fiscalDateEnding": "2022-09-30",
            "totalCurrentAssets": "176794000",
            "cashAndShortTermInvestments": "139250000",
            "totalCurrentLiabilities": "57765000",
            "currentDebt": "None",
            "netIncome": "-4162000",
            "capitalExpenditures": "4119000",
            "operatingCashflow": "16003000",
            "grossProfit": "1014000",
            "totalRevenue": "125453000",
            "sentiment": 0.2473172377312314,
            "surprise": "0.23",
            "closePrice": "106.32"
        },
        {
            "fiscalDateEnding": "2022-06-30",
            "totalCurrentAssets": "156383000",
            "cashAndShortTermInvestments": "118051000",
            "totalCurrentLiabilities": "54719000",
            "currentDebt": "None",
            "netIncome": "-29970000",
            "capitalExpenditures": "6978000",
            "operatingCashflow": "5525000",
            "grossProfit": "-15371000",
            "totalRevenue": "117601000",
            "sentiment": 0.07601008890250721,
            "surprise": "0.11",
            "closePrice": "103.99"
        },
        {
            "fiscalDateEnding": "2022-03-31",
            "totalCurrentAssets": "169574000",
            "cashAndShortTermInvestments": "127925000",
            "totalCurrentLiabilities": "54020000",
            "currentDebt": "None",
            "netIncome": "-14287000",
            "capitalExpenditures": "5314000",
            "operatingCashflow": "-2244000",
            "grossProfit": "16973000",
            "totalRevenue": "105403000",
            "sentiment": -0.0006368368057705345,
            "surprise": "-0.13",
            "closePrice": "99.75"
        },
        {
            "fiscalDateEnding": "2021-12-31",
            "totalCurrentAssets": "158595000",
            "cashAndShortTermInvestments": "122447000",
            "totalCurrentLiabilities": "52642000",
            "currentDebt": "None",
            "netIncome": "-1331000",
            "capitalExpenditures": "9041000",
            "operatingCashflow": "8932000",
            "grossProfit": "19478000",
            "totalRevenue": "95928000",
            "sentiment": 0,
            "surprise": "-0.02",
            "closePrice": "113.14"
        },
        {
            "fiscalDateEnding": "2021-09-30",
            "totalCurrentAssets": "197376000",
            "cashAndShortTermInvestments": "160478000",
            "totalCurrentLiabilities": "49202000",
            "currentDebt": "None",
            "netIncome": "-141000",
            "capitalExpenditures": "8962000",
            "operatingCashflow": "15798000",
            "grossProfit": "23178000",
            "totalRevenue": "95874000",
            "sentiment": 0,
            "surprise": "-0.0741",
            "closePrice": "134.0"
        },
        {
            "fiscalDateEnding": "2021-06-30",
            "totalCurrentAssets": "189867000",
            "cashAndShortTermInvestments": "151588000",
            "totalCurrentLiabilities": "48785000",
            "currentDebt": "None",
            "netIncome": "2021000",
            "capitalExpenditures": "7637000",
            "operatingCashflow": "15098000",
            "grossProfit": "23156000",
            "totalRevenue": "89095000",
            "sentiment": 0,
            "surprise": "-0.04",
            "closePrice": "136.9"
        },
        {
            "fiscalDateEnding": "2021-03-31",
            "totalCurrentAssets": "181452000",
            "cashAndShortTermInvestments": "148085000",
            "totalCurrentLiabilities": "43037000",
            "currentDebt": "None",
            "netIncome": "479000",
            "capitalExpenditures": "7078000",
            "operatingCashflow": "-4437000",
            "grossProfit": "14936000",
            "totalRevenue": "78974000",
            "sentiment": 0,
            "surprise": "-0.06",
            "closePrice": "127.36"
        },
        {
            "fiscalDateEnding": "2020-12-31",
            "totalCurrentAssets": "199353000",
            "cashAndShortTermInvestments": "168519000",
            "totalCurrentLiabilities": "49805000",
            "currentDebt": "None",
            "netIncome": "-513000",
            "capitalExpenditures": "8832000",
            "operatingCashflow": "3083000",
            "grossProfit": "14904000",
            "totalRevenue": "72514000",
            "sentiment": 0,
            "surprise": "-0.08",
            "closePrice": "161.97"
        },
        {
            "fiscalDateEnding": "2020-09-30",
            "totalCurrentAssets": "201853000",
            "cashAndShortTermInvestments": "176717000",
            "totalCurrentLiabilities": "56151000",
            "currentDebt": "None",
            "netIncome": "137676000",
            "capitalExpenditures": "9233000",
            "operatingCashflow": "17840000",
            "grossProfit": "21441000",
            "totalRevenue": "83233000",
            "sentiment": 0,
            "surprise": "3.69",
            "closePrice": "147.3"
        },
        {
            "fiscalDateEnding": "2020-06-30",
            "totalCurrentAssets": "102744000",
            "cashAndShortTermInvestments": "74245000",
            "totalCurrentLiabilities": "47307000",
            "currentDebt": "1833000",
            "netIncome": "19257000",
            "capitalExpenditures": "12201000",
            "operatingCashflow": "24293000",
            "grossProfit": "23368000",
            "totalRevenue": "80481000",
            "sentiment": 0,
            "surprise": "0.41",
            "closePrice": "145.43"
        },
        {
            "fiscalDateEnding": "2020-03-31",
            "totalCurrentAssets": "92710000",
            "cashAndShortTermInvestments": "64731000",
            "totalCurrentLiabilities": "38649000",
            "currentDebt": "4299000",
            "netIncome": "1983000",
            "capitalExpenditures": "14814000",
            "operatingCashflow": "3083000",
            "grossProfit": "18662000",
            "totalRevenue": "72001000",
            "sentiment": 0,
            "surprise": "0",
            "closePrice": "105.26"
        },
        {
            "fiscalDateEnding": "2019-12-31",
            "totalCurrentAssets": "61791000",
            "cashAndShortTermInvestments": "38689000",
            "totalCurrentLiabilities": "47465000",
            "currentDebt": "4034000",
            "netIncome": "4428000",
            "capitalExpenditures": "9298000",
            "operatingCashflow": "15474000",
            "grossProfit": "15771000",
            "totalRevenue": "67032000",
            "sentiment": 0,
            "surprise": "0.09",
            "closePrice": "123.44"
        },
        {
            "fiscalDateEnding": "2019-09-30",
            "totalCurrentAssets": "64665000",
            "cashAndShortTermInvestments": "40476000",
            "totalCurrentLiabilities": "42270000",
            "currentDebt": "6190000",
            "netIncome": "4978000",
            "capitalExpenditures": "7939000",
            "operatingCashflow": "11600000",
            "grossProfit": "18714000",
            "totalRevenue": "67535000",
            "sentiment": 0,
            "surprise": "0.05",
            "closePrice": "92.13"
        },
        {
            "fiscalDateEnding": "2019-06-30",
            "totalCurrentAssets": "64064000",
            "cashAndShortTermInvestments": "38939000",
            "totalCurrentLiabilities": "41816000",
            "currentDebt": "5612000",
            "netIncome": "23151000",
            "capitalExpenditures": "6157000",
            "operatingCashflow": "11518000",
            "grossProfit": "15323000",
            "totalRevenue": "63197000",
            "sentiment": 0,
            "surprise": "-0.06",
            "closePrice": "103.18"
        },
        {
            "fiscalDateEnding": "2019-03-31",
            "totalCurrentAssets": "57547000",
            "cashAndShortTermInvestments": "34495000",
            "totalCurrentLiabilities": "38159000",
            "currentDebt": "1213000",
            "netIncome": "3725000",
            "capitalExpenditures": "5688000",
            "operatingCashflow": "295000",
            "grossProfit": "11602000",
            "totalRevenue": "56594000",
            "sentiment": 0,
            "surprise": "-0.07",
            "closePrice": "97.04"
        },
        {
            "fiscalDateEnding": "2018-12-31",
            "totalCurrentAssets": "107998000",
            "cashAndShortTermInvestments": "90707000",
            "totalCurrentLiabilities": "28213000",
            "currentDebt": "1213000",
            "netIncome": "2649000",
            "capitalExpenditures": "3669000",
            "operatingCashflow": "11667000",
            "grossProfit": "14241000",
            "totalRevenue": "50517000",
            "sentiment": 0,
            "surprise": "-0.07",
            "closePrice": "72.28"
        },
        {
            "fiscalDateEnding": "2018-09-30",
            "totalCurrentAssets": "61973000",
            "cashAndShortTermInvestments": "45568000",
            "totalCurrentLiabilities": "20784000",
            "currentDebt": "None",
            "netIncome": "5524000",
            "capitalExpenditures": "4652000",
            "operatingCashflow": "9547000",
            "grossProfit": "15551000",
            "totalRevenue": "50355000",
            "sentiment": 0,
            "surprise": "-0.05",
            "closePrice": "59.81"
        },
        {
            "fiscalDateEnding": "2018-06-30",
            "totalCurrentAssets": "64527000",
            "cashAndShortTermInvestments": "52720000",
            "totalCurrentLiabilities": "21913000",
            "currentDebt": "None",
            "netIncome": "7474000",
            "capitalExpenditures": "2886000",
            "operatingCashflow": "11712000",
            "grossProfit": "16564000",
            "totalRevenue": "47466000",
            "sentiment": 0,
            "surprise": "0.06",
            "closePrice": "61.85"
        },
        {
            "fiscalDateEnding": "2018-03-31",
            "totalCurrentAssets": "55627000",
            "cashAndShortTermInvestments": "45839000",
            "totalCurrentLiabilities": "20365000",
            "currentDebt": "None",
            "netIncome": "4320000",
            "capitalExpenditures": "3199000",
            "operatingCashflow": "3342000",
            "grossProfit": "12881000",
            "totalRevenue": "42515000",
            "sentiment": 0,
            "surprise": "0.11",
            "closePrice": "47.95"
        },
        {
            "fiscalDateEnding": "2017-12-31",
            "totalCurrentAssets": "53842000",
            "cashAndShortTermInvestments": "45909000",
            "totalCurrentLiabilities": "23912000",
            "currentDebt": "None",
            "netIncome": "2577000",
            "capitalExpenditures": "2903000",
            "operatingCashflow": "7815000",
            "grossProfit": "10174000",
            "totalRevenue": "38052000",
            "sentiment": 0,
            "surprise": "0.03",
            "closePrice": "45.25"
        },
        {
            "fiscalDateEnding": "2017-09-30",
            "totalCurrentAssets": "50989000",
            "cashAndShortTermInvestments": "43177000",
            "totalCurrentLiabilities": "23832000",
            "currentDebt": "None",
            "netIncome": "3682000",
            "capitalExpenditures": "3657000",
            "operatingCashflow": "9690000",
            "grossProfit": "10943000",
            "totalRevenue": "38058000",
            "sentiment": 0,
            "surprise": "0.08",
            "closePrice": "46.45"
        },
        {
            "fiscalDateEnding": "2017-06-30",
            "totalCurrentAssets": "40107000",
            "cashAndShortTermInvestments": "32128000",
            "totalCurrentLiabilities": "23044000",
            "currentDebt": "None",
            "netIncome": "2797000",
            "capitalExpenditures": "2726000",
            "operatingCashflow": "8059000",
            "grossProfit": "9603000",
            "totalRevenue": "35997000",
            "sentiment": 0,
            "surprise": "0.11",
            "closePrice": "35.25"
        },
        {
            "fiscalDateEnding": "2017-03-31",
            "totalCurrentAssets": "34274000",
            "cashAndShortTermInvestments": "27324000",
            "totalCurrentLiabilities": "20945000",
            "currentDebt": "None",
            "netIncome": "660000",
            "capitalExpenditures": "3383000",
            "operatingCashflow": "3807000",
            "grossProfit": "6996000",
            "totalRevenue": "32200000",
            "sentiment": 0,
            "surprise": "0.07",
            "closePrice": "26.0"
        },
        {
            "fiscalDateEnding": "2016-12-31",
            "totalCurrentAssets": "32220000",
            "cashAndShortTermInvestments": "26172000",
            "totalCurrentLiabilities": "21361000",
            "currentDebt": "None",
            "netIncome": "-1289000",
            "capitalExpenditures": "3294000",
            "operatingCashflow": "6777000",
            "grossProfit": "4151000",
            "totalRevenue": "27866000",
            "sentiment": 0,
            "surprise": "0.08",
            "closePrice": "25.05"
        },
        {
            "fiscalDateEnding": "2016-09-30",
            "totalCurrentAssets": "24292000",
            "cashAndShortTermInvestments": "17621000",
            "totalCurrentLiabilities": "17794000",
            "currentDebt": "None",
            "netIncome": "-1125000",
            "capitalExpenditures": "3796000",
            "operatingCashflow": "2346000",
            "grossProfit": "4598000",
            "totalRevenue": "28264000",
            "sentiment": 0,
            "surprise": "0.05",
            "closePrice": "19.1"
        },
        {
            "fiscalDateEnding": "2016-06-30",
            "totalCurrentAssets": "29049000",
            "cashAndShortTermInvestments": "22197000",
            "totalCurrentLiabilities": "18808000",
            "currentDebt": "None",
            "netIncome": "-2264000",
            "capitalExpenditures": "4250000",
            "operatingCashflow": "3113000",
            "grossProfit": "2730000",
            "totalRevenue": "26298000",
            "sentiment": 0,
            "surprise": "0.06",
            "closePrice": "16.93"
        },
        {
            "fiscalDateEnding": "2016-03-31",
            "totalCurrentAssets": "28297000",
            "cashAndShortTermInvestments": "21215000",
            "totalCurrentLiabilities": "17834000",
            "currentDebt": "None",
            "netIncome": "-3603000",
            "capitalExpenditures": "4070000",
            "operatingCashflow": "-736000",
            "grossProfit": "1224000",
            "totalRevenue": "23206000",
            "sentiment": 0,
            "surprise": "0.01",
            "closePrice": "12.35"
        },
        {
            "fiscalDateEnding": "2015-12-31",
            "totalCurrentAssets": "27506000",
            "cashAndShortTermInvestments": "22298000",
            "totalCurrentLiabilities": "16905000",
            "currentDebt": "None",
            "netIncome": "-3890000",
            "capitalExpenditures": "3765000",
            "operatingCashflow": "-3070000",
            "grossProfit": "177000",
            "totalRevenue": "20445000",
            "sentiment": 0,
            "surprise": "0.05",
            "closePrice": "13.86"
        },
        {
            "fiscalDateEnding": "2015-09-30",
            "totalCurrentAssets": "44718000",
            "cashAndShortTermInvestments": "39909000",
            "totalCurrentLiabilities": "17239000",
            "currentDebt": "None",
            "netIncome": "-4760000",
            "capitalExpenditures": "2947000",
            "operatingCashflow": "-967000",
            "grossProfit": "-701000",
            "totalRevenue": "19879000",
            "sentiment": 0,
            "surprise": "0.04",
            "closePrice": "17.72"
        },
        {
            "fiscalDateEnding": "2015-06-30",
            "totalCurrentAssets": "74282000",
            "cashAndShortTermInvestments": "69924000",
            "totalCurrentLiabilities": "18059000",
            "currentDebt": "231000",
            "netIncome": "-3400000",
            "capitalExpenditures": "2719000",
            "operatingCashflow": "-1596000",
            "grossProfit": "-273000",
            "totalRevenue": "18182000",
            "sentiment": 0,
            "surprise": "0.06",
            "closePrice": "15.36"
        }
    ]
}