{
    "APPN": [
        {
            "fiscalDateEnding": "2023-12-31",
            "totalCurrentAssets": "414355000",
            "cashAndShortTermInvestments": "159004000",
            "totalCurrentLiabilities": "371172000",
            "currentDebt": "66368000",
            "netIncome": "-10006000",
            "capitalExpenditures": "1359000",
            "operatingCashflow": "-8244000",
            "grossProfit": "111004000",
            "totalRevenue": "154217000",
            "sentiment": 0.5263454793811153,
            "surprise": "0.3",
            "closePrice": "37.61"
        },
        {
            "fiscalDateEnding": "2023-09-30",
            "totalCurrentAssets": "385372000",
            "cashAndShortTermInvestments": "169487000",
            "totalCurrentLiabilities": "323252000",
            "currentDebt": "65431000",
            "netIncome": "-22251000",
            "capitalExpenditures": "473000",
            "operatingCashflow": "-64996000",
            "grossProfit": "101025000",
            "totalRevenue": "137394000",
            "sentiment": 0.37545839554199845,
            "surprise": "0.05",
            "closePrice": "41.72"
        },
        {
            "fiscalDateEnding": "2023-06-30",
            "totalCurrentAssets": "436357000",
            "cashAndShortTermInvestments": "236960000",
            "totalCurrentLiabilities": "324951000",
            "currentDebt": "65431000",
            "netIncome": "-42355000",
            "capitalExpenditures": "3384000",
            "operatingCashflow": "-11937000",
            "grossProfit": "90870000",
            "totalRevenue": "128015000",
            "sentiment": 0.5708738125110637,
            "surprise": "0.04",
            "closePrice": "48.22"
        },
        {
            "fiscalDateEnding": "2023-03-31",
            "totalCurrentAssets": "471594000",
            "cashAndShortTermInvestments": "254482000",
            "totalCurrentLiabilities": "323765000",
            "currentDebt": "65432000",
            "netIncome": "-36829000",
            "capitalExpenditures": "4421000",
            "operatingCashflow": "-25265000",
            "grossProfit": "99142000",
            "totalRevenue": "135165000",
            "sentiment": 0.364815218561156,
            "surprise": "0.02",
            "closePrice": "35.64"
        },
        {
            "fiscalDateEnding": "2022-12-31",
            "totalCurrentAssets": "422497000",
            "cashAndShortTermInvestments": "195995000",
            "totalCurrentLiabilities": "270252000",
            "currentDebt": "2740000",
            "netIncome": "-34417000",
            "capitalExpenditures": "3234000",
            "operatingCashflow": "-12593000",
            "grossProfit": "90556000",
            "totalRevenue": "119640000",
            "sentiment": 0.3914984190527517,
            "surprise": "0.12",
            "closePrice": "44.86"
        },
        {
            "fiscalDateEnding": "2022-09-30",
            "totalCurrentAssets": "297975000",
            "cashAndShortTermInvestments": "92687000",
            "totalCurrentLiabilities": "224391000",
            "currentDebt": "None",
            "netIncome": "-43996000",
            "capitalExpenditures": "1176000",
            "operatingCashflow": "-43697000",
            "grossProfit": "84116000",
            "totalRevenue": "117876000",
            "sentiment": 0.11844417639443845,
            "surprise": "-0.2",
            "closePrice": "47.24"
        },
        {
            "fiscalDateEnding": "2022-06-30",
            "totalCurrentAssets": "315392000",
            "cashAndShortTermInvestments": "135933000",
            "totalCurrentLiabilities": "212326000",
            "currentDebt": "None",
            "netIncome": "-49354000",
            "capitalExpenditures": "1295000",
            "operatingCashflow": "-29657000",
            "grossProfit": "76770000",
            "totalRevenue": "110063000",
            "sentiment": -0.12578651408363023,
            "surprise": "-0.11",
            "closePrice": "55.42"
        },
        {
            "fiscalDateEnding": "2022-03-31",
            "totalCurrentAssets": "338663000",
            "cashAndShortTermInvestments": "160233000",
            "totalCurrentLiabilities": "206430000",
            "currentDebt": "None",
            "netIncome": "-23154000",
            "capitalExpenditures": "3390000",
            "operatingCashflow": "-20604000",
            "grossProfit": "83350000",
            "totalRevenue": "114266000",
            "sentiment": 0.04680719179162333,
            "surprise": "0.07",
            "closePrice": "47.18"
        },
        {
            "fiscalDateEnding": "2021-12-31",
            "totalCurrentAssets": "338264000",
            "cashAndShortTermInvestments": "155975000",
            "totalCurrentLiabilities": "215721000",
            "currentDebt": "None",
            "netIncome": "-25845000",
            "capitalExpenditures": "3585000",
            "operatingCashflow": "-19420000",
            "grossProfit": "76766000",
            "totalRevenue": "101287000",
            "sentiment": 0,
            "surprise": "0.07",
            "closePrice": "49.28"
        },
        {
            "fiscalDateEnding": "2021-09-30",
            "totalCurrentAssets": "346569000",
            "cashAndShortTermInvestments": "188506000",
            "totalCurrentLiabilities": "178420000",
            "currentDebt": "None",
            "netIncome": "-25384000",
            "capitalExpenditures": "1446000",
            "operatingCashflow": "-25125000",
            "grossProfit": "65910000",
            "totalRevenue": "92317000",
            "sentiment": 0,
            "surprise": "-0.03",
            "closePrice": "103.39"
        },
        {
            "fiscalDateEnding": "2021-06-30",
            "totalCurrentAssets": "373140000",
            "cashAndShortTermInvestments": "242603000",
            "totalCurrentLiabilities": "159660000",
            "currentDebt": "None",
            "netIncome": "-23825000",
            "capitalExpenditures": "559000",
            "operatingCashflow": "-6563000",
            "grossProfit": "57164000",
            "totalRevenue": "82999000",
            "sentiment": 0,
            "surprise": "-0.01",
            "closePrice": "111.9"
        },
        {
            "fiscalDateEnding": "2021-03-31",
            "totalCurrentAssets": "367421000",
            "cashAndShortTermInvestments": "232764000",
            "totalCurrentLiabilities": "146956000",
            "currentDebt": "None",
            "netIncome": "-13587000",
            "capitalExpenditures": "468000",
            "operatingCashflow": "-2810000",
            "grossProfit": "65326000",
            "totalRevenue": "88855000",
            "sentiment": 0,
            "surprise": "0.08",
            "closePrice": "98.93"
        },
        {
            "fiscalDateEnding": "2020-12-31",
            "totalCurrentAssets": "365420000",
            "cashAndShortTermInvestments": "222288000",
            "totalCurrentLiabilities": "155888000",
            "currentDebt": "None",
            "netIncome": "-6381000",
            "capitalExpenditures": "215000",
            "operatingCashflow": "5833000",
            "grossProfit": "59690000",
            "totalRevenue": "85918000",
            "sentiment": 0,
            "surprise": "0.14",
            "closePrice": "216.65"
        },
        {
            "fiscalDateEnding": "2020-09-30",
            "totalCurrentAssets": "382508000",
            "cashAndShortTermInvestments": "251088000",
            "totalCurrentLiabilities": "132894000",
            "currentDebt": "1549000",
            "netIncome": "-3612000",
            "capitalExpenditures": "350000",
            "operatingCashflow": "-6496000",
            "grossProfit": "55753000",
            "totalRevenue": "77263000",
            "sentiment": 0,
            "surprise": "0.1183",
            "closePrice": "75.22"
        },
        {
            "fiscalDateEnding": "2020-06-30",
            "totalCurrentAssets": "369410000",
            "cashAndShortTermInvestments": "256146000",
            "totalCurrentLiabilities": "119736000",
            "currentDebt": "1549000",
            "netIncome": "-11815000",
            "capitalExpenditures": "484000",
            "operatingCashflow": "-3098000",
            "grossProfit": "45619000",
            "totalRevenue": "66729000",
            "sentiment": 0,
            "surprise": "0.13",
            "closePrice": "53.9"
        },
        {
            "fiscalDateEnding": "2020-03-31",
            "totalCurrentAssets": "255471000",
            "cashAndShortTermInvestments": "149163000",
            "totalCurrentLiabilities": "108850000",
            "currentDebt": "5221000",
            "netIncome": "-11669000",
            "capitalExpenditures": "202000",
            "operatingCashflow": "-3859000",
            "grossProfit": "54745000",
            "totalRevenue": "78806000",
            "sentiment": 0,
            "surprise": "0.08",
            "closePrice": "53.23"
        },
        {
            "fiscalDateEnding": "2019-12-31",
            "totalCurrentAssets": "277661000",
            "cashAndShortTermInvestments": "159755000",
            "totalCurrentLiabilities": "112280000",
            "currentDebt": "5283000",
            "netIncome": "-10797000",
            "capitalExpenditures": "991000",
            "operatingCashflow": "-6046000",
            "grossProfit": "45845000",
            "totalRevenue": "68618000",
            "sentiment": 0,
            "surprise": "0.03",
            "closePrice": "62.68"
        },
        {
            "fiscalDateEnding": "2019-09-30",
            "totalCurrentAssets": "265014000",
            "cashAndShortTermInvestments": "165554000",
            "totalCurrentLiabilities": "128683000",
            "currentDebt": "None",
            "netIncome": "-14650000",
            "capitalExpenditures": "3741000",
            "operatingCashflow": "-14887000",
            "grossProfit": "42204000",
            "totalRevenue": "69387000",
            "sentiment": 0,
            "surprise": "0.01",
            "closePrice": "44.64"
        },
        {
            "fiscalDateEnding": "2019-06-30",
            "totalCurrentAssets": "176681000",
            "cashAndShortTermInvestments": "81101000",
            "totalCurrentLiabilities": "133388000",
            "currentDebt": "None",
            "netIncome": "-10051000",
            "capitalExpenditures": "11094000",
            "operatingCashflow": "16130000",
            "grossProfit": "42224000",
            "totalRevenue": "66811000",
            "sentiment": 0,
            "surprise": "0.07",
            "closePrice": "43.24"
        },
        {
            "fiscalDateEnding": "2019-03-31",
            "totalCurrentAssets": "191722000",
            "cashAndShortTermInvestments": "75353000",
            "totalCurrentLiabilities": "132919000",
            "currentDebt": "None",
            "netIncome": "-15216000",
            "capitalExpenditures": "16595000",
            "operatingCashflow": "-4123000",
            "grossProfit": "36238000",
            "totalRevenue": "59579000",
            "sentiment": 0,
            "surprise": "0",
            "closePrice": "36.12"
        },
        {
            "fiscalDateEnding": "2018-12-31",
            "totalCurrentAssets": "209626000",
            "cashAndShortTermInvestments": "94930000",
            "totalCurrentLiabilities": "128401000",
            "currentDebt": "None",
            "netIncome": "-13903000",
            "capitalExpenditures": "4827000",
            "operatingCashflow": "-7368000",
            "grossProfit": "38006000",
            "totalRevenue": "60212000",
            "sentiment": 0,
            "surprise": "0.02",
            "closePrice": "38.75"
        },
        {
            "fiscalDateEnding": "2018-09-30",
            "totalCurrentAssets": "188100000",
            "cashAndShortTermInvestments": "107266000",
            "totalCurrentLiabilities": "110693000",
            "currentDebt": "None",
            "netIncome": "-15028000",
            "capitalExpenditures": "594000",
            "operatingCashflow": "-337000",
            "grossProfit": "34856000",
            "totalRevenue": "54948000",
            "sentiment": 0,
            "surprise": "0.04",
            "closePrice": "26.09"
        },
        {
            "fiscalDateEnding": "2018-06-30",
            "totalCurrentAssets": "132543000",
            "cashAndShortTermInvestments": "50363000",
            "totalCurrentLiabilities": "103442000",
            "currentDebt": "None",
            "netIncome": "-10967000",
            "capitalExpenditures": "557000",
            "operatingCashflow": "-9783000",
            "grossProfit": "38309000",
            "totalRevenue": "59883000",
            "sentiment": 0,
            "surprise": "0.03",
            "closePrice": "33.07"
        },
        {
            "fiscalDateEnding": "2018-03-31",
            "totalCurrentAssets": "129735000",
            "cashAndShortTermInvestments": "60876000",
            "totalCurrentLiabilities": "88876000",
            "currentDebt": "None",
            "netIncome": "-9553000",
            "capitalExpenditures": "1036000",
            "operatingCashflow": "-13833000",
            "grossProfit": "30647000",
            "totalRevenue": "51696000",
            "sentiment": 0,
            "surprise": "0.06",
            "closePrice": "28.82"
        },
        {
            "fiscalDateEnding": "2017-12-31",
            "totalCurrentAssets": "145222000",
            "cashAndShortTermInvestments": "73758000",
            "totalCurrentLiabilities": "95115000",
            "currentDebt": "None",
            "netIncome": "-6869000",
            "capitalExpenditures": "138000",
            "operatingCashflow": "1007000",
            "grossProfit": "31905000",
            "totalRevenue": "50562000",
            "sentiment": 0,
            "surprise": "0.08",
            "closePrice": "30.62"
        },
        {
            "fiscalDateEnding": "2017-09-30",
            "totalCurrentAssets": "127725000",
            "cashAndShortTermInvestments": "72289000",
            "totalCurrentLiabilities": "76186000",
            "currentDebt": "None",
            "netIncome": "-6284000",
            "capitalExpenditures": "90000",
            "operatingCashflow": "-4385000",
            "grossProfit": "28035000",
            "totalRevenue": "44648000",
            "sentiment": 0,
            "surprise": "0.08",
            "closePrice": "24.32"
        },
        {
            "fiscalDateEnding": "2017-06-30",
            "totalCurrentAssets": "137612000",
            "cashAndShortTermInvestments": "77654000",
            "totalCurrentLiabilities": "79802000",
            "currentDebt": "None",
            "netIncome": "-14459000",
            "capitalExpenditures": "100000",
            "operatingCashflow": "-9455000",
            "grossProfit": "26561000",
            "totalRevenue": "43198000",
            "sentiment": 0,
            "surprise": "0.09",
            "closePrice": "20.84"
        }
    ]
}