{
    "ARRY": [
        {
            "fiscalDateEnding": "2023-12-31",
            "totalCurrentAssets": "832281000",
            "cashAndShortTermInvestments": "249080000",
            "totalCurrentLiabilities": "335691000",
            "currentDebt": "21472000",
            "netIncome": "23086000",
            "capitalExpenditures": "5374000",
            "operatingCashflow": "93981000",
            "grossProfit": "84229000",
            "totalRevenue": "341615000",
            "sentiment": 0.28181357494157666,
            "surprise": "0.1",
            "closePrice": "13.64"
        },
        {
            "fiscalDateEnding": "2023-09-30",
            "totalCurrentAssets": "863088000",
            "cashAndShortTermInvestments": "174010000",
            "totalCurrentLiabilities": "400510000",
            "currentDebt": "38767000",
            "netIncome": "23214000",
            "capitalExpenditures": "2191000",
            "operatingCashflow": "71618000",
            "grossProfit": "87379000",
            "totalRevenue": "350438000",
            "sentiment": 0.2655688031034921,
            "surprise": "0.09",
            "closePrice": "18.22"
        },
        {
            "fiscalDateEnding": "2023-06-30",
            "totalCurrentAssets": "908238000",
            "cashAndShortTermInvestments": "155966000",
            "totalCurrentLiabilities": "434953000",
            "currentDebt": "37450000",
            "netIncome": "64808000",
            "capitalExpenditures": "5541000",
            "operatingCashflow": "20540000",
            "grossProfit": "150042000",
            "totalRevenue": "507725000",
            "sentiment": 0.22512594704888306,
            "surprise": "0.29",
            "closePrice": "17.88"
        },
        {
            "fiscalDateEnding": "2023-03-31",
            "totalCurrentAssets": "866636000",
            "cashAndShortTermInvestments": "147756000",
            "totalCurrentLiabilities": "470585000",
            "currentDebt": "34382000",
            "netIncome": "26132000",
            "capitalExpenditures": "3883000",
            "operatingCashflow": "45816000",
            "grossProfit": "101179000",
            "totalRevenue": "376773000",
            "sentiment": 0.20163234274557365,
            "surprise": "0.22",
            "closePrice": "19.22"
        },
        {
            "fiscalDateEnding": "2022-12-31",
            "totalCurrentAssets": "831209000",
            "cashAndShortTermInvestments": "133901000",
            "totalCurrentLiabilities": "465262000",
            "currentDebt": "38691000",
            "netIncome": "-5251000",
            "capitalExpenditures": "3929000",
            "operatingCashflow": "97470000",
            "grossProfit": "91438000",
            "totalRevenue": "402071000",
            "sentiment": 0.1221867345069987,
            "surprise": "0.02",
            "closePrice": "18.72"
        },
        {
            "fiscalDateEnding": "2022-09-30",
            "totalCurrentAssets": "870976000",
            "cashAndShortTermInvestments": "62778000",
            "totalCurrentLiabilities": "513121000",
            "currentDebt": "47686000",
            "netIncome": "40644000",
            "capitalExpenditures": "2795000",
            "operatingCashflow": "104787000",
            "grossProfit": "76583000",
            "totalRevenue": "515024000",
            "sentiment": 0.21075799849600826,
            "surprise": "0.08",
            "closePrice": "16.98"
        },
        {
            "fiscalDateEnding": "2022-06-30",
            "totalCurrentAssets": "902056000",
            "cashAndShortTermInvestments": "51046000",
            "totalCurrentLiabilities": "512677000",
            "currentDebt": "51494000",
            "netIncome": "-5024000",
            "capitalExpenditures": "1538000",
            "operatingCashflow": "-10667000",
            "grossProfit": "39946000",
            "totalRevenue": "419865000",
            "sentiment": -0.008200019027617503,
            "surprise": "0.06",
            "closePrice": "18.29"
        },
        {
            "fiscalDateEnding": "2022-03-31",
            "totalCurrentAssets": "816171000",
            "cashAndShortTermInvestments": "49491000",
            "totalCurrentLiabilities": "433124000",
            "currentDebt": "48180000",
            "netIncome": "-25937000",
            "capitalExpenditures": "2357000",
            "operatingCashflow": "-50097000",
            "grossProfit": "26587000",
            "totalRevenue": "300586000",
            "sentiment": 0.11936414674748025,
            "surprise": "0.04",
            "closePrice": "6.92"
        },
        {
            "fiscalDateEnding": "2021-12-31",
            "totalCurrentAssets": "852033000",
            "cashAndShortTermInvestments": "367670000",
            "totalCurrentLiabilities": "245305000",
            "currentDebt": "4300000",
            "netIncome": "-21901000",
            "capitalExpenditures": "13080000",
            "operatingCashflow": "-97350000",
            "grossProfit": "10289000",
            "totalRevenue": "219876000",
            "sentiment": 0,
            "surprise": "-0.03",
            "closePrice": "15.69"
        },
        {
            "fiscalDateEnding": "2021-09-30",
            "totalCurrentAssets": "485300000",
            "cashAndShortTermInvestments": "116391000",
            "totalCurrentLiabilities": "214495000",
            "currentDebt": "4300000",
            "netIncome": "-27561000",
            "capitalExpenditures": "1052000",
            "operatingCashflow": "-31728000",
            "grossProfit": "5897000",
            "totalRevenue": "188686000",
            "sentiment": 0,
            "surprise": "-0.02",
            "closePrice": "22.11"
        },
        {
            "fiscalDateEnding": "2021-06-30",
            "totalCurrentAssets": "324505000",
            "cashAndShortTermInvestments": "17682000",
            "totalCurrentLiabilities": "168129000",
            "currentDebt": "4300000",
            "netIncome": "-5517000",
            "capitalExpenditures": "630000",
            "operatingCashflow": "-91961000",
            "grossProfit": "20507000",
            "totalRevenue": "196516000",
            "sentiment": 0,
            "surprise": "0.06",
            "closePrice": "15.32"
        },
        {
            "fiscalDateEnding": "2021-03-31",
            "totalCurrentAssets": "287861000",
            "cashAndShortTermInvestments": "19133000",
            "totalCurrentLiabilities": "232996000",
            "currentDebt": "4300000",
            "netIncome": "4576000",
            "capitalExpenditures": "570000",
            "operatingCashflow": "-42148000",
            "grossProfit": "46166000",
            "totalRevenue": "248240000",
            "sentiment": 0,
            "surprise": "-0.01",
            "closePrice": "24.95"
        },
        {
            "fiscalDateEnding": "2020-12-31",
            "totalCurrentAssets": "375175000",
            "cashAndShortTermInvestments": "108441000",
            "totalCurrentLiabilities": "289103000",
            "currentDebt": "4313000",
            "netIncome": "-9772000",
            "capitalExpenditures": "728000",
            "operatingCashflow": "104295000",
            "grossProfit": "35452000",
            "totalRevenue": "180566000",
            "sentiment": 0,
            "surprise": "0.02",
            "closePrice": "35.03"
        },
        {
            "fiscalDateEnding": "2020-09-30",
            "totalCurrentAssets": "264577000",
            "cashAndShortTermInvestments": "27144000",
            "totalCurrentLiabilities": "146690000",
            "currentDebt": "None",
            "netIncome": "-7232000",
            "capitalExpenditures": "345000",
            "operatingCashflow": "21400000",
            "grossProfit": "26731000",
            "totalRevenue": "139462000",
            "sentiment": 0,
            "surprise": "-0.0008",
            "closePrice": "39.34"
        }
    ]
}