{
    "ARW": [
        {
            "fiscalDateEnding": "2023-12-31",
            "totalCurrentAssets": "18327477000",
            "cashAndShortTermInvestments": "218053000",
            "totalCurrentLiabilities": "13187884000",
            "currentDebt": "1653954000",
            "netIncome": "194537000",
            "capitalExpenditures": "25510000",
            "operatingCashflow": "286742000",
            "grossProfit": "989550000",
            "totalRevenue": "7849157000",
            "sentiment": 0.33689200367478367,
            "surprise": "0.26",
            "closePrice": "113.4"
        },
        {
            "fiscalDateEnding": "2023-09-30",
            "totalCurrentAssets": "17305960000",
            "cashAndShortTermInvestments": "333294000",
            "totalCurrentLiabilities": "11936031000",
            "currentDebt": "1588662000",
            "netIncome": "198659000",
            "capitalExpenditures": "20670000",
            "operatingCashflow": "321707000",
            "grossProfit": "979597000",
            "totalRevenue": "8007019000",
            "sentiment": 0.32802110597189044,
            "surprise": "0.63",
            "closePrice": "119.96"
        },
        {
            "fiscalDateEnding": "2023-06-30",
            "totalCurrentAssets": "17131207000",
            "cashAndShortTermInvestments": "240382000",
            "totalCurrentLiabilities": "10669304000",
            "currentDebt": "488168000",
            "netIncome": "236559000",
            "capitalExpenditures": "16991000",
            "operatingCashflow": "-126804000",
            "grossProfit": "1066049000",
            "totalRevenue": "8514516000",
            "sentiment": 0.23060132096676839,
            "surprise": "0.03",
            "closePrice": "127.72"
        },
        {
            "fiscalDateEnding": "2023-03-31",
            "totalCurrentAssets": "16866849000",
            "cashAndShortTermInvestments": "205554000",
            "totalCurrentLiabilities": "10390096000",
            "currentDebt": "144264000",
            "netIncome": "273750000",
            "capitalExpenditures": "20114000",
            "operatingCashflow": "223804000",
            "grossProfit": "1113822000",
            "totalRevenue": "8736428000",
            "sentiment": 0.3816441608950058,
            "surprise": "0.1",
            "closePrice": "119.17"
        },
        {
            "fiscalDateEnding": "2022-12-31",
            "totalCurrentAssets": "18340340000",
            "cashAndShortTermInvestments": "176915000",
            "totalCurrentLiabilities": "12389604000",
            "currentDebt": "589883000",
            "netIncome": "349402000",
            "capitalExpenditures": "24056000",
            "operatingCashflow": "108687000",
            "grossProfit": "1205995000",
            "totalRevenue": "9323023000",
            "sentiment": 0.22784886192410797,
            "surprise": "0.01",
            "closePrice": "132.53"
        },
        {
            "fiscalDateEnding": "2022-09-30",
            "totalCurrentAssets": "17131119000",
            "cashAndShortTermInvestments": "333985000",
            "totalCurrentLiabilities": "11418067000",
            "currentDebt": "604521000",
            "netIncome": "342399000",
            "capitalExpenditures": "18536000",
            "operatingCashflow": "141066000",
            "grossProfit": "1186912000",
            "totalRevenue": "9266432000",
            "sentiment": 0.2114815351896834,
            "surprise": "0.06",
            "closePrice": "101.2"
        },
        {
            "fiscalDateEnding": "2022-06-30",
            "totalCurrentAssets": "16424432000",
            "cashAndShortTermInvestments": "225596000",
            "totalCurrentLiabilities": "11033087000",
            "currentDebt": "626048000",
            "netIncome": "370334000",
            "capitalExpenditures": "16974000",
            "operatingCashflow": "-82582000",
            "grossProfit": "1236214000",
            "totalRevenue": "9460842000",
            "sentiment": 0.05361136026975933,
            "surprise": "0.15",
            "closePrice": "119.11"
        },
        {
            "fiscalDateEnding": "2022-03-31",
            "totalCurrentAssets": "15941484000",
            "cashAndShortTermInvestments": "242791000",
            "totalCurrentLiabilities": "10671643000",
            "currentDebt": "317399000",
            "netIncome": "364749000",
            "capitalExpenditures": "19270000",
            "operatingCashflow": "-200248000",
            "grossProfit": "1207504000",
            "totalRevenue": "9074125000",
            "sentiment": 0.07623465241668813,
            "surprise": "0.87",
            "closePrice": "124.47"
        },
        {
            "fiscalDateEnding": "2021-12-31",
            "totalCurrentAssets": "15893323000",
            "cashAndShortTermInvestments": "222194000",
            "totalCurrentLiabilities": "11326089000",
            "currentDebt": "382619000",
            "netIncome": "371208000",
            "capitalExpenditures": "20766000",
            "operatingCashflow": "27893000",
            "grossProfit": "1196378000",
            "totalRevenue": "9016077000",
            "sentiment": 0,
            "surprise": "0.92",
            "closePrice": "127.69"
        },
        {
            "fiscalDateEnding": "2021-09-30",
            "totalCurrentAssets": "13725664000",
            "cashAndShortTermInvestments": "215932000",
            "totalCurrentLiabilities": "9501875000",
            "currentDebt": "353915000",
            "netIncome": "290027000",
            "capitalExpenditures": "21176000",
            "operatingCashflow": "114246000",
            "grossProfit": "1075772000",
            "totalRevenue": "8512391000",
            "sentiment": 0,
            "surprise": "0.5",
            "closePrice": "118.95"
        },
        {
            "fiscalDateEnding": "2021-06-30",
            "totalCurrentAssets": "13082624000",
            "cashAndShortTermInvestments": "244070000",
            "totalCurrentLiabilities": "9072696000",
            "currentDebt": "356986000",
            "netIncome": "240641000",
            "capitalExpenditures": "20929000",
            "operatingCashflow": "281380000",
            "grossProfit": "1000105000",
            "totalRevenue": "8562631000",
            "sentiment": 0,
            "surprise": "0.38",
            "closePrice": "117.79"
        },
        {
            "fiscalDateEnding": "2021-03-31",
            "totalCurrentAssets": "12367068000",
            "cashAndShortTermInvestments": "227701000",
            "totalCurrentLiabilities": "8393014000",
            "currentDebt": "361327000",
            "netIncome": "206321000",
            "capitalExpenditures": "20180000",
            "operatingCashflow": "-4536000",
            "grossProfit": "930110000",
            "totalRevenue": "8385919000",
            "sentiment": 0,
            "surprise": "0.54",
            "closePrice": "114.3"
        },
        {
            "fiscalDateEnding": "2020-12-31",
            "totalCurrentAssets": "13152899000",
            "cashAndShortTermInvestments": "373615000",
            "totalCurrentLiabilities": "9130883000",
            "currentDebt": "158633000",
            "netIncome": "236071000",
            "capitalExpenditures": "34743000",
            "operatingCashflow": "200006000",
            "grossProfit": "923686000",
            "totalRevenue": "8454192000",
            "sentiment": 0,
            "surprise": "0.5",
            "closePrice": "100.95"
        },
        {
            "fiscalDateEnding": "2020-09-30",
            "totalCurrentAssets": "11659899000",
            "cashAndShortTermInvestments": "227019000",
            "totalCurrentLiabilities": "7914706000",
            "currentDebt": "166128000",
            "netIncome": "166060000",
            "capitalExpenditures": "30013000",
            "operatingCashflow": "274727000",
            "grossProfit": "788590000",
            "totalRevenue": "7231260000",
            "sentiment": 0,
            "surprise": "0.42",
            "closePrice": "77.5"
        },
        {
            "fiscalDateEnding": "2020-06-30",
            "totalCurrentAssets": "11793968000",
            "cashAndShortTermInvestments": "205828000",
            "totalCurrentLiabilities": "8132432000",
            "currentDebt": "244323000",
            "netIncome": "132804000",
            "capitalExpenditures": "31571000",
            "operatingCashflow": "418245000",
            "grossProfit": "750463000",
            "totalRevenue": "6606494000",
            "sentiment": 0,
            "surprise": "0.14",
            "closePrice": "69.69"
        },
        {
            "fiscalDateEnding": "2020-03-31",
            "totalCurrentAssets": "11588058000",
            "cashAndShortTermInvestments": "200998000",
            "totalCurrentLiabilities": "7913178000",
            "currentDebt": "377177000",
            "netIncome": "49503000",
            "capitalExpenditures": "27971000",
            "operatingCashflow": "466865000",
            "grossProfit": "728391000",
            "totalRevenue": "6381417000",
            "sentiment": 0,
            "surprise": "-0.12",
            "closePrice": "62.92"
        },
        {
            "fiscalDateEnding": "2019-12-31",
            "totalCurrentAssets": "12526159000",
            "cashAndShortTermInvestments": "300103000",
            "totalCurrentLiabilities": "8258159000",
            "currentDebt": "331431000",
            "netIncome": "112013000",
            "capitalExpenditures": "37727000",
            "operatingCashflow": "494802000",
            "grossProfit": "822943000",
            "totalRevenue": "7338190000",
            "sentiment": 0,
            "surprise": "0.03",
            "closePrice": "79.42"
        },
        {
            "fiscalDateEnding": "2019-09-30",
            "totalCurrentAssets": "11839648000",
            "cashAndShortTermInvestments": "262254000",
            "totalCurrentLiabilities": "7371641000",
            "currentDebt": "356843000",
            "netIncome": "92131000",
            "capitalExpenditures": "31444000",
            "operatingCashflow": "286774000",
            "grossProfit": "798841000",
            "totalRevenue": "7078118000",
            "sentiment": 0,
            "surprise": "0.19",
            "closePrice": "79.28"
        },
        {
            "fiscalDateEnding": "2019-06-30",
            "totalCurrentAssets": "12110356000",
            "cashAndShortTermInvestments": "269989000",
            "totalCurrentLiabilities": "7377961000",
            "currentDebt": "279158000",
            "netIncome": "-548966000",
            "capitalExpenditures": "47821000",
            "operatingCashflow": "405418000",
            "grossProfit": "814909000",
            "totalRevenue": "7344548000",
            "sentiment": 0,
            "surprise": "0.01",
            "closePrice": "71.91"
        },
        {
            "fiscalDateEnding": "2019-03-31",
            "totalCurrentAssets": "12253884000",
            "cashAndShortTermInvestments": "351899000",
            "totalCurrentLiabilities": "7034125000",
            "currentDebt": "138686000",
            "netIncome": "140735000",
            "capitalExpenditures": "33815000",
            "operatingCashflow": "-328999000",
            "grossProfit": "861688000",
            "totalRevenue": "7155991000",
            "sentiment": 0,
            "surprise": "-0.06",
            "closePrice": "75.19"
        },
        {
            "fiscalDateEnding": "2018-12-31",
            "totalCurrentAssets": "13608300000",
            "cashAndShortTermInvestments": "509327000",
            "totalCurrentLiabilities": "8790428000",
            "currentDebt": "246257000",
            "netIncome": "230653000",
            "capitalExpenditures": "50439000",
            "operatingCashflow": "263134000",
            "grossProfit": "975370000",
            "totalRevenue": "7918182000",
            "sentiment": 0,
            "surprise": "0.01",
            "closePrice": "78.71"
        },
        {
            "fiscalDateEnding": "2018-09-30",
            "totalCurrentAssets": "12719431000",
            "cashAndShortTermInvestments": "474191000",
            "totalCurrentLiabilities": "7841458000",
            "currentDebt": "158153000",
            "netIncome": "176533000",
            "capitalExpenditures": "38346000",
            "operatingCashflow": "494405000",
            "grossProfit": "923778000",
            "totalRevenue": "7490445000",
            "sentiment": 0,
            "surprise": "0.02",
            "closePrice": "70.65"
        },
        {
            "fiscalDateEnding": "2018-06-30",
            "totalCurrentAssets": "12462294000",
            "cashAndShortTermInvestments": "330519000",
            "totalCurrentLiabilities": "7393403000",
            "currentDebt": "114908000",
            "netIncome": "169915000",
            "capitalExpenditures": "31816000",
            "operatingCashflow": "-409772000",
            "grossProfit": "932820000",
            "totalRevenue": "7392528000",
            "sentiment": 0,
            "surprise": "0.05",
            "closePrice": "77.58"
        },
        {
            "fiscalDateEnding": "2018-03-31",
            "totalCurrentAssets": "11767213000",
            "cashAndShortTermInvestments": "548644000",
            "totalCurrentLiabilities": "6955094000",
            "currentDebt": "38220000",
            "netIncome": "139094000",
            "capitalExpenditures": "34735000",
            "operatingCashflow": "-75077000",
            "grossProfit": "868944000",
            "totalRevenue": "6875613000",
            "sentiment": 0,
            "surprise": "0.06",
            "closePrice": "73.65"
        },
        {
            "fiscalDateEnding": "2017-12-31",
            "totalCurrentAssets": "12414217000",
            "cashAndShortTermInvestments": "730083000",
            "totalCurrentLiabilities": "7955311000",
            "currentDebt": "356806000",
            "netIncome": "53653000",
            "capitalExpenditures": "54352000",
            "operatingCashflow": "122778000",
            "grossProfit": "929180000",
            "totalRevenue": "7539449000",
            "sentiment": 0,
            "surprise": "0.21",
            "closePrice": "78.71"
        },
        {
            "fiscalDateEnding": "2017-09-30",
            "totalCurrentAssets": "11039168000",
            "cashAndShortTermInvestments": "584339000",
            "totalCurrentLiabilities": "6978997000",
            "currentDebt": "380208000",
            "netIncome": "134064000",
            "capitalExpenditures": "47691000",
            "operatingCashflow": "134889000",
            "grossProfit": "842567000",
            "totalRevenue": "6856108000",
            "sentiment": 0,
            "surprise": "0",
            "closePrice": "79.1"
        },
        {
            "fiscalDateEnding": "2017-06-30",
            "totalCurrentAssets": "10223162000",
            "cashAndShortTermInvestments": "419918000",
            "totalCurrentLiabilities": "6439430000",
            "currentDebt": "427033000",
            "netIncome": "99722000",
            "capitalExpenditures": "39788000",
            "operatingCashflow": "-112220000",
            "grossProfit": "824024000",
            "totalRevenue": "6422226000",
            "sentiment": 0,
            "surprise": "0.01",
            "closePrice": "80.33"
        },
        {
            "fiscalDateEnding": "2017-03-31",
            "totalCurrentAssets": "9484503000",
            "cashAndShortTermInvestments": "521562000",
            "totalCurrentLiabilities": "6033288000",
            "currentDebt": "471753000",
            "netIncome": "114737000",
            "capitalExpenditures": "62118000",
            "operatingCashflow": "-20890000",
            "grossProfit": "761197000",
            "totalRevenue": "5736780000",
            "sentiment": 0,
            "surprise": "0.02",
            "closePrice": "75.25"
        },
        {
            "fiscalDateEnding": "2016-12-31",
            "totalCurrentAssets": "10316721000",
            "cashAndShortTermInvestments": "534320000",
            "totalCurrentLiabilities": "6689222000",
            "currentDebt": "93827000",
            "netIncome": "164518000",
            "capitalExpenditures": "38354000",
            "operatingCashflow": "218967000",
            "grossProfit": "823348000",
            "totalRevenue": "6105379000",
            "sentiment": 0,
            "surprise": "0",
            "closePrice": "70.52"
        },
        {
            "fiscalDateEnding": "2016-09-30",
            "totalCurrentAssets": "9191264000",
            "cashAndShortTermInvestments": "384415000",
            "totalCurrentLiabilities": "5523100000",
            "currentDebt": "77348000",
            "netIncome": "117727000",
            "capitalExpenditures": "38005000",
            "operatingCashflow": "25621000",
            "grossProfit": "773162000",
            "totalRevenue": "5936092000",
            "sentiment": 0,
            "surprise": "0.05",
            "closePrice": "59.25"
        },
        {
            "fiscalDateEnding": "2016-06-30",
            "totalCurrentAssets": "9035684000",
            "cashAndShortTermInvestments": "495771000",
            "totalCurrentLiabilities": "5457874000",
            "currentDebt": "111259000",
            "netIncome": "134270000",
            "capitalExpenditures": "39075000",
            "operatingCashflow": "148727000",
            "grossProfit": "798791000",
            "totalRevenue": "5972101000",
            "sentiment": 0,
            "surprise": "0.01",
            "closePrice": "63.1"
        },
        {
            "fiscalDateEnding": "2016-03-31",
            "totalCurrentAssets": "8427570000",
            "cashAndShortTermInvestments": "394655000",
            "totalCurrentLiabilities": "4920803000",
            "currentDebt": "46143000",
            "netIncome": "106235000",
            "capitalExpenditures": "49261000",
            "operatingCashflow": "-33643000",
            "grossProfit": "748898000",
            "totalRevenue": "5474177000",
            "sentiment": 0,
            "surprise": "0.03",
            "closePrice": "59.22"
        },
        {
            "fiscalDateEnding": "2015-12-31",
            "totalCurrentAssets": "9186471000",
            "cashAndShortTermInvestments": "273090000",
            "totalCurrentLiabilities": "6056152000",
            "currentDebt": "44024000",
            "netIncome": "158492000",
            "capitalExpenditures": "41744000",
            "operatingCashflow": "549064000",
            "grossProfit": "838966000",
            "totalRevenue": "6751342000",
            "sentiment": 0,
            "surprise": "0.11",
            "closePrice": "55.4"
        },
        {
            "fiscalDateEnding": "2015-09-30",
            "totalCurrentAssets": "8181801000",
            "cashAndShortTermInvestments": "336744000",
            "totalCurrentLiabilities": "4633722000",
            "currentDebt": "85796000",
            "netIncome": "109244000",
            "capitalExpenditures": "44236000",
            "operatingCashflow": "-108494000",
            "grossProfit": "742367000",
            "totalRevenue": "5698304000",
            "sentiment": 0,
            "surprise": "-0.06",
            "closePrice": "56.02"
        },
        {
            "fiscalDateEnding": "2015-06-30",
            "totalCurrentAssets": "8303133000",
            "cashAndShortTermInvestments": "399721000",
            "totalCurrentLiabilities": "4977169000",
            "currentDebt": "86806000",
            "netIncome": "123932000",
            "capitalExpenditures": "37670000",
            "operatingCashflow": "461034000",
            "grossProfit": "768595000",
            "totalRevenue": "5829989000",
            "sentiment": 0,
            "surprise": "0.04",
            "closePrice": "56.34"
        },
        {
            "fiscalDateEnding": "2015-03-31",
            "totalCurrentAssets": "7701306000",
            "cashAndShortTermInvestments": "305293000",
            "totalCurrentLiabilities": "4287453000",
            "currentDebt": "13642000",
            "netIncome": "106058000",
            "capitalExpenditures": "31150000",
            "operatingCashflow": "-241596000",
            "grossProfit": "685322000",
            "totalRevenue": "5002385000",
            "sentiment": 0,
            "surprise": "0",
            "closePrice": "59.71"
        },
        {
            "fiscalDateEnding": "2014-12-31",
            "totalCurrentAssets": "9032607000",
            "cashAndShortTermInvestments": "400355000",
            "totalCurrentLiabilities": "5838021000",
            "currentDebt": "13454000",
            "netIncome": "116177000",
            "capitalExpenditures": "34624000",
            "operatingCashflow": "457053000",
            "grossProfit": "815859000",
            "totalRevenue": "6396879000",
            "sentiment": 0,
            "surprise": "0.05",
            "closePrice": "57.48"
        },
        {
            "fiscalDateEnding": "2014-09-30",
            "totalCurrentAssets": "7829698000",
            "cashAndShortTermInvestments": "258233000",
            "totalCurrentLiabilities": "4474954000",
            "currentDebt": "17473000",
            "netIncome": "146864000",
            "capitalExpenditures": "25878000",
            "operatingCashflow": "-67224000",
            "grossProfit": "728687000",
            "totalRevenue": "5613216000",
            "sentiment": 0,
            "surprise": "0.09",
            "closePrice": "55.0"
        },
        {
            "fiscalDateEnding": "2014-06-30",
            "totalCurrentAssets": "8022386000",
            "cashAndShortTermInvestments": "308936000",
            "totalCurrentLiabilities": "4771419000",
            "currentDebt": "17338000",
            "netIncome": "127884000",
            "capitalExpenditures": "29160000",
            "operatingCashflow": "159435000",
            "grossProfit": "747521000",
            "totalRevenue": "5676539000",
            "sentiment": 0,
            "surprise": "0.01",
            "closePrice": "58.81"
        },
        {
            "fiscalDateEnding": "2014-03-31",
            "totalCurrentAssets": "7486762000",
            "cashAndShortTermInvestments": "258283000",
            "totalCurrentLiabilities": "4296959000",
            "currentDebt": "16452000",
            "netIncome": "107120000",
            "capitalExpenditures": "32843000",
            "operatingCashflow": "124037000",
            "grossProfit": "703828000",
            "totalRevenue": "5082040000",
            "sentiment": 0,
            "surprise": "0.01",
            "closePrice": "54.4"
        },
        {
            "fiscalDateEnding": "2013-12-31",
            "totalCurrentAssets": "8585770000",
            "cashAndShortTermInvestments": "390602000",
            "totalCurrentLiabilities": "5301946000",
            "currentDebt": "23878000",
            "netIncome": "134831000",
            "capitalExpenditures": "30697000",
            "operatingCashflow": "215046000",
            "grossProfit": "787625000",
            "totalRevenue": "6153360000",
            "sentiment": 0,
            "surprise": "0.07",
            "closePrice": "48.94"
        },
        {
            "fiscalDateEnding": "2013-09-30",
            "totalCurrentAssets": "7277818000",
            "cashAndShortTermInvestments": "251790000",
            "totalCurrentLiabilities": "4080106000",
            "currentDebt": "30969000",
            "netIncome": "96779000",
            "capitalExpenditures": "31904000",
            "operatingCashflow": "81132000",
            "grossProfit": "671660000",
            "totalRevenue": "5048211000",
            "sentiment": 0,
            "surprise": "-0.02",
            "closePrice": "47.09"
        },
        {
            "fiscalDateEnding": "2013-06-30",
            "totalCurrentAssets": "7460473000",
            "cashAndShortTermInvestments": "345891000",
            "totalCurrentLiabilities": "4273946000",
            "currentDebt": "24922000",
            "netIncome": "89935000",
            "capitalExpenditures": "26810000",
            "operatingCashflow": "333917000",
            "grossProfit": "689572000",
            "totalRevenue": "5306085000",
            "sentiment": 0,
            "surprise": "0.09",
            "closePrice": "44.93"
        },
        {
            "fiscalDateEnding": "2013-03-31",
            "totalCurrentAssets": "7305483000",
            "cashAndShortTermInvestments": "364151000",
            "totalCurrentLiabilities": "3927339000",
            "currentDebt": "36957000",
            "netIncome": "77875000",
            "capitalExpenditures": "26751000",
            "operatingCashflow": "-179404000",
            "grossProfit": "642072000",
            "totalRevenue": "4849629000",
            "sentiment": 0,
            "surprise": "0.01",
            "closePrice": "36.47"
        },
        {
            "fiscalDateEnding": "2012-12-31",
            "totalCurrentAssets": "7715301000",
            "cashAndShortTermInvestments": "409684000",
            "totalCurrentLiabilities": "4910211000",
            "currentDebt": "364357000",
            "netIncome": "174704000",
            "capitalExpenditures": "36650000",
            "operatingCashflow": "187750000",
            "grossProfit": "706844000",
            "totalRevenue": "5402705000",
            "sentiment": 0,
            "surprise": "0.16",
            "closePrice": "39.84"
        },
        {
            "fiscalDateEnding": "2012-09-30",
            "totalCurrentAssets": "6964553000",
            "cashAndShortTermInvestments": "358550000",
            "totalCurrentLiabilities": "4454052000",
            "currentDebt": "379470000",
            "netIncome": "103617000",
            "capitalExpenditures": "26710000",
            "operatingCashflow": "176329000",
            "grossProfit": "662719000",
            "totalRevenue": "4962331000",
            "sentiment": 0,
            "surprise": "0.04",
            "closePrice": "35.23"
        },
        {
            "fiscalDateEnding": "2012-06-30",
            "totalCurrentAssets": "7025424000",
            "cashAndShortTermInvestments": "325832000",
            "totalCurrentLiabilities": "4080218000",
            "currentDebt": "27412000",
            "netIncome": "114383000",
            "capitalExpenditures": "26611000",
            "operatingCashflow": "60619000",
            "grossProfit": "687144000",
            "totalRevenue": "5150563000",
            "sentiment": 0,
            "surprise": "-0.01",
            "closePrice": "34.44"
        },
        {
            "fiscalDateEnding": "2012-03-31",
            "totalCurrentAssets": "7169651000",
            "cashAndShortTermInvestments": "739708000",
            "totalCurrentLiabilities": "3799341000",
            "currentDebt": "30554000",
            "netIncome": "113628000",
            "capitalExpenditures": "22253000",
            "operatingCashflow": "250335000",
            "grossProfit": "680579000",
            "totalRevenue": "4889529000",
            "sentiment": 0,
            "surprise": "-0.03",
            "closePrice": "38.37"
        },
        {
            "fiscalDateEnding": "2011-12-31",
            "totalCurrentAssets": "7024591000",
            "cashAndShortTermInvestments": "396887000",
            "totalCurrentLiabilities": "3958927000",
            "currentDebt": "33843000",
            "netIncome": "174088000",
            "capitalExpenditures": "25674000",
            "operatingCashflow": "146504000",
            "grossProfit": "744809000",
            "totalRevenue": "5440473000",
            "sentiment": 0,
            "surprise": "0.08",
            "closePrice": "42.63"
        },
        {
            "fiscalDateEnding": "2011-09-30",
            "totalCurrentAssets": "7101673000",
            "cashAndShortTermInvestments": "544566000",
            "totalCurrentLiabilities": "4301583000",
            "currentDebt": "431635000",
            "netIncome": "132216000",
            "capitalExpenditures": "27927000",
            "operatingCashflow": "119081000",
            "grossProfit": "711139000",
            "totalRevenue": "5186857000",
            "sentiment": 0,
            "surprise": "0.03",
            "closePrice": "35.74"
        },
        {
            "fiscalDateEnding": "2011-06-30",
            "totalCurrentAssets": "7329348000",
            "cashAndShortTermInvestments": "531024000",
            "totalCurrentLiabilities": "4622388000",
            "currentDebt": "550655000",
            "netIncome": "156197000",
            "capitalExpenditures": "42163000",
            "operatingCashflow": "34967000",
            "grossProfit": "770147000",
            "totalRevenue": "5539931000",
            "sentiment": 0,
            "surprise": "0",
            "closePrice": "34.41"
        },
        {
            "fiscalDateEnding": "2011-03-31",
            "totalCurrentAssets": "6901914000",
            "cashAndShortTermInvestments": "521302000",
            "totalCurrentLiabilities": "4301529000",
            "currentDebt": "449914000",
            "netIncome": "136309000",
            "capitalExpenditures": "18177000",
            "operatingCashflow": "-179669000",
            "grossProfit": "722508000",
            "totalRevenue": "5223003000",
            "sentiment": 0,
            "surprise": "0.12",
            "closePrice": "45.63"
        },
        {
            "fiscalDateEnding": "2010-12-31",
            "totalCurrentAssets": "7085834000",
            "cashAndShortTermInvestments": "926321000",
            "totalCurrentLiabilities": "4343243000",
            "currentDebt": "61210000",
            "netIncome": "157889000",
            "capitalExpenditures": "28881000",
            "operatingCashflow": "462041000",
            "grossProfit": "683404000",
            "totalRevenue": "5238162000",
            "sentiment": 0,
            "surprise": "0.01",
            "closePrice": "40.79"
        },
        {
            "fiscalDateEnding": "2010-09-30",
            "totalCurrentAssets": "6341298000",
            "cashAndShortTermInvestments": "509724000",
            "totalCurrentLiabilities": "3716611000",
            "currentDebt": "16854000",
            "netIncome": "118502000",
            "capitalExpenditures": "26753000",
            "operatingCashflow": "-23728000",
            "grossProfit": "608794000",
            "totalRevenue": "4657841000",
            "sentiment": 0,
            "surprise": "0.07",
            "closePrice": "29.36"
        },
        {
            "fiscalDateEnding": "2010-06-30",
            "totalCurrentAssets": "5970556000",
            "cashAndShortTermInvestments": "576664000",
            "totalCurrentLiabilities": "3602414000",
            "currentDebt": "77344000",
            "netIncome": "116193000",
            "capitalExpenditures": "29106000",
            "operatingCashflow": "64676000",
            "grossProfit": "588476000",
            "totalRevenue": "4613307000",
            "sentiment": 0,
            "surprise": "0.2",
            "closePrice": "24.44"
        }
    ]
}