{
    "ASAN": [
        {
            "fiscalDateEnding": "2024-01-31",
            "totalCurrentAssets": "659716000",
            "cashAndShortTermInvestments": "236663000",
            "totalCurrentLiabilities": "367213000",
            "currentDebt": "None",
            "netIncome": "-62398000",
            "capitalExpenditures": "1615000",
            "operatingCashflow": "-15337000",
            "grossProfit": "153743000",
            "totalRevenue": "171495000",
            "sentiment": 0.2900373143725858,
            "surprise": "0.06",
            "closePrice": "18.79"
        },
        {
            "fiscalDateEnding": "2023-10-31",
            "totalCurrentAssets": "644141000",
            "cashAndShortTermInvestments": "268314000",
            "totalCurrentLiabilities": "342951000",
            "currentDebt": "None",
            "netIncome": "-61750000",
            "capitalExpenditures": "3232000",
            "operatingCashflow": "-8233000",
            "grossProfit": "150450000",
            "totalRevenue": "164346000",
            "sentiment": 0.37635682636480544,
            "surprise": "0.07",
            "closePrice": "23.31"
        },
        {
            "fiscalDateEnding": "2023-07-31",
            "totalCurrentAssets": "651066000",
            "cashAndShortTermInvestments": "537506000",
            "totalCurrentLiabilities": "343811000",
            "currentDebt": "None",
            "netIncome": "-71414000",
            "capitalExpenditures": "5627000",
            "operatingCashflow": "20232000",
            "grossProfit": "146223000",
            "totalRevenue": "161204000",
            "sentiment": 0.3488012757811758,
            "surprise": "0.07",
            "closePrice": "21.64"
        },
        {
            "fiscalDateEnding": "2023-04-30",
            "totalCurrentAssets": "670543000",
            "cashAndShortTermInvestments": "523549000",
            "totalCurrentLiabilities": "353333000",
            "currentDebt": "None",
            "netIncome": "-61468000",
            "capitalExpenditures": "2687000",
            "operatingCashflow": "-14593000",
            "grossProfit": "137564000",
            "totalRevenue": "152143000",
            "sentiment": 0.28426325419773707,
            "surprise": "0.09",
            "closePrice": "22.85"
        },
        {
            "fiscalDateEnding": "2023-01-31",
            "totalCurrentAssets": "660391000",
            "cashAndShortTermInvestments": "529302000",
            "totalCurrentLiabilities": "332316000",
            "currentDebt": "None",
            "netIncome": "-95026000",
            "capitalExpenditures": "3065000",
            "operatingCashflow": "-31099000",
            "grossProfit": "135026000",
            "totalRevenue": "150759000",
            "sentiment": 0.10683463327219121,
            "surprise": "0.12",
            "closePrice": "17.8"
        },
        {
            "fiscalDateEnding": "2022-10-31",
            "totalCurrentAssets": "655713000",
            "cashAndShortTermInvestments": "545413000",
            "totalCurrentLiabilities": "310372000",
            "currentDebt": "None",
            "netIncome": "-100905000",
            "capitalExpenditures": "2339000",
            "operatingCashflow": "-46178000",
            "grossProfit": "126279000",
            "totalRevenue": "140771000",
            "sentiment": 0.21258992784608857,
            "surprise": "0.06",
            "closePrice": "18.08"
        },
        {
            "fiscalDateEnding": "2022-07-31",
            "totalCurrentAssets": "351759000",
            "cashAndShortTermInvestments": "238912000",
            "totalCurrentLiabilities": "305133000",
            "currentDebt": "None",
            "netIncome": "-112969000",
            "capitalExpenditures": "635000",
            "operatingCashflow": "-41648000",
            "grossProfit": "121140000",
            "totalRevenue": "134837000",
            "sentiment": -0.02604396614279428,
            "surprise": "0.05",
            "closePrice": "19.04"
        },
        {
            "fiscalDateEnding": "2022-04-30",
            "totalCurrentAssets": "396983000",
            "cashAndShortTermInvestments": "281385000",
            "totalCurrentLiabilities": "289264000",
            "currentDebt": "None",
            "netIncome": "-98868000",
            "capitalExpenditures": "1118000",
            "operatingCashflow": "-41133000",
            "grossProfit": "108208000",
            "totalRevenue": "119646000",
            "sentiment": -0.054630577655678865,
            "surprise": "0.06",
            "closePrice": "24.11"
        },
        {
            "fiscalDateEnding": "2022-01-31",
            "totalCurrentAssets": "411394000",
            "cashAndShortTermInvestments": "312031000",
            "totalCurrentLiabilities": "255188000",
            "currentDebt": "None",
            "netIncome": "-90049000",
            "capitalExpenditures": "1929000",
            "operatingCashflow": "-39325000",
            "grossProfit": "100416000",
            "totalRevenue": "111358000",
            "sentiment": 0,
            "surprise": "0.03",
            "closePrice": "48.81"
        },
        {
            "fiscalDateEnding": "2021-10-31",
            "totalCurrentAssets": "418556000",
            "cashAndShortTermInvestments": "343396000",
            "totalCurrentLiabilities": "223665000",
            "currentDebt": "None",
            "netIncome": "-69280000",
            "capitalExpenditures": "10937000",
            "operatingCashflow": "-28500000",
            "grossProfit": "90756000",
            "totalRevenue": "99355000",
            "sentiment": 0,
            "surprise": "0.04",
            "closePrice": "91.0"
        },
        {
            "fiscalDateEnding": "2021-07-31",
            "totalCurrentAssets": "435196000",
            "cashAndShortTermInvestments": "373585000",
            "totalCurrentLiabilities": "207580000",
            "currentDebt": "None",
            "netIncome": "-68355000",
            "capitalExpenditures": "12701000",
            "operatingCashflow": "-8516000",
            "grossProfit": "79609000",
            "totalRevenue": "82013000",
            "sentiment": 0,
            "surprise": "0.03",
            "closePrice": "77.28"
        },
        {
            "fiscalDateEnding": "2021-04-30",
            "totalCurrentAssets": "449555000",
            "cashAndShortTermInvestments": "386307000",
            "totalCurrentLiabilities": "185108000",
            "currentDebt": "None",
            "netIncome": "-60658000",
            "capitalExpenditures": "17152000",
            "operatingCashflow": "-7444000",
            "grossProfit": "68759000",
            "totalRevenue": "66410000",
            "sentiment": 0,
            "surprise": "0.06",
            "closePrice": "36.79"
        },
        {
            "fiscalDateEnding": "2021-01-31",
            "totalCurrentAssets": "445763000",
            "cashAndShortTermInvestments": "386274000",
            "totalCurrentLiabilities": "163476000",
            "currentDebt": "None",
            "netIncome": "-61510000",
            "capitalExpenditures": "22295000",
            "operatingCashflow": "-18165000",
            "grossProfit": "60176000",
            "totalRevenue": "58558000",
            "sentiment": 0,
            "surprise": "0.04",
            "closePrice": "31.92"
        },
        {
            "fiscalDateEnding": "2020-10-31",
            "totalCurrentAssets": "472428000",
            "cashAndShortTermInvestments": "423864000",
            "totalCurrentLiabilities": "152453000",
            "currentDebt": "None",
            "netIncome": "-73289000",
            "capitalExpenditures": "22792000",
            "operatingCashflow": "-34435000",
            "grossProfit": "51584000",
            "totalRevenue": "47942000",
            "sentiment": 0,
            "surprise": "0.03",
            "closePrice": "28.34"
        }
    ]
}