{
    "ASGN": [
        {
            "fiscalDateEnding": "2023-12-31",
            "totalCurrentAssets": "973300000",
            "cashAndShortTermInvestments": "175900000",
            "totalCurrentLiabilities": "394100000",
            "currentDebt": "None",
            "netIncome": "50300000",
            "capitalExpenditures": "7200000",
            "operatingCashflow": "116400000",
            "grossProfit": "304900000",
            "totalRevenue": "1074100000",
            "sentiment": 0.1714030313460792,
            "surprise": "0.08",
            "closePrice": "94.37"
        },
        {
            "fiscalDateEnding": "2023-09-30",
            "totalCurrentAssets": "993900000",
            "cashAndShortTermInvestments": "145600000",
            "totalCurrentLiabilities": "443200000",
            "currentDebt": "None",
            "netIncome": "59400000",
            "capitalExpenditures": "9800000",
            "operatingCashflow": "147500000",
            "grossProfit": "322400000",
            "totalRevenue": "1116800000",
            "sentiment": 0.019599671394694505,
            "surprise": "0.12",
            "closePrice": "79.03"
        },
        {
            "fiscalDateEnding": "2023-06-30",
            "totalCurrentAssets": "972300000",
            "cashAndShortTermInvestments": "93800000",
            "totalCurrentLiabilities": "416600000",
            "currentDebt": "None",
            "netIncome": "60100000",
            "capitalExpenditures": "11200000",
            "operatingCashflow": "112500000",
            "grossProfit": "326300000",
            "totalRevenue": "1130900000",
            "sentiment": 0.47236326517500593,
            "surprise": "0.1",
            "closePrice": "79.42"
        },
        {
            "fiscalDateEnding": "2023-03-31",
            "totalCurrentAssets": "926800000",
            "cashAndShortTermInvestments": "65000000",
            "totalCurrentLiabilities": "385900000",
            "currentDebt": "None",
            "netIncome": "49500000",
            "capitalExpenditures": "11700000",
            "operatingCashflow": "80500000",
            "grossProfit": "326400000",
            "totalRevenue": "1128800000",
            "sentiment": 0.17249499999999998,
            "surprise": "-0.05",
            "closePrice": "74.54"
        },
        {
            "fiscalDateEnding": "2022-12-31",
            "totalCurrentAssets": "981100000",
            "cashAndShortTermInvestments": "70300000",
            "totalCurrentLiabilities": "441900000",
            "currentDebt": "None",
            "netIncome": "55600000",
            "capitalExpenditures": "10500000",
            "operatingCashflow": "75300000",
            "grossProfit": "340100000",
            "totalRevenue": "1150400000",
            "sentiment": 0.39779738974783657,
            "surprise": "0.01",
            "closePrice": "91.34"
        },
        {
            "fiscalDateEnding": "2022-09-30",
            "totalCurrentAssets": "1120000000",
            "cashAndShortTermInvestments": "211200000",
            "totalCurrentLiabilities": "492300000",
            "currentDebt": "None",
            "netIncome": "73200000",
            "capitalExpenditures": "8600000",
            "operatingCashflow": "88100000",
            "grossProfit": "358900000",
            "totalRevenue": "1197900000",
            "sentiment": 0.5017221857412419,
            "surprise": "0.01",
            "closePrice": "93.58"
        },
        {
            "fiscalDateEnding": "2022-06-30",
            "totalCurrentAssets": "1366300000",
            "cashAndShortTermInvestments": "490600000",
            "totalCurrentLiabilities": "492400000",
            "currentDebt": "None",
            "netIncome": "72500000",
            "capitalExpenditures": "8800000",
            "operatingCashflow": "88400000",
            "grossProfit": "344000000",
            "totalRevenue": "1141800000",
            "sentiment": 0.066604197481517,
            "surprise": "0.06",
            "closePrice": "97.15"
        },
        {
            "fiscalDateEnding": "2022-03-31",
            "totalCurrentAssets": "1312400000",
            "cashAndShortTermInvestments": "502400000",
            "totalCurrentLiabilities": "439100000",
            "currentDebt": "None",
            "netIncome": "66800000",
            "capitalExpenditures": "9600000",
            "operatingCashflow": "56000000",
            "grossProfit": "326600000",
            "totalRevenue": "1091000000",
            "sentiment": 0.050751,
            "surprise": "0.2",
            "closePrice": "110.78"
        },
        {
            "fiscalDateEnding": "2021-12-31",
            "totalCurrentAssets": "1309400000",
            "cashAndShortTermInvestments": "529600000",
            "totalCurrentLiabilities": "450900000",
            "currentDebt": "None",
            "netIncome": "85000000",
            "capitalExpenditures": "9100000",
            "operatingCashflow": "-82200000",
            "grossProfit": "313700000",
            "totalRevenue": "1053800000",
            "sentiment": 0,
            "surprise": "0.2",
            "closePrice": "117.62"
        },
        {
            "fiscalDateEnding": "2021-09-30",
            "totalCurrentAssets": "1422200000",
            "cashAndShortTermInvestments": "679400000",
            "totalCurrentLiabilities": "591000000",
            "currentDebt": "None",
            "netIncome": "212000000",
            "capitalExpenditures": "8000000",
            "operatingCashflow": "71200000",
            "grossProfit": "308700000",
            "totalRevenue": "1073800000",
            "sentiment": 0,
            "surprise": "0.11",
            "closePrice": "114.8"
        },
        {
            "fiscalDateEnding": "2021-06-30",
            "totalCurrentAssets": "1371600000",
            "cashAndShortTermInvestments": "375400000",
            "totalCurrentLiabilities": "498400000",
            "currentDebt": "None",
            "netIncome": "64200000",
            "capitalExpenditures": "8300000",
            "operatingCashflow": "84900000",
            "grossProfit": "276300000",
            "totalRevenue": "974900000",
            "sentiment": 0,
            "surprise": "0.05",
            "closePrice": "97.44"
        },
        {
            "fiscalDateEnding": "2021-03-31",
            "totalCurrentAssets": "1074200000",
            "cashAndShortTermInvestments": "386500000",
            "totalCurrentLiabilities": "428900000",
            "currentDebt": "None",
            "netIncome": "48700000",
            "capitalExpenditures": "9300000",
            "operatingCashflow": "119800000",
            "grossProfit": "243700000",
            "totalRevenue": "907000000",
            "sentiment": 0,
            "surprise": "0.05",
            "closePrice": "108.37"
        },
        {
            "fiscalDateEnding": "2020-12-31",
            "totalCurrentAssets": "994400000",
            "cashAndShortTermInvestments": "274400000",
            "totalCurrentLiabilities": "416200000",
            "currentDebt": "29400000",
            "netIncome": "55400000",
            "capitalExpenditures": "4300000",
            "operatingCashflow": "87000000",
            "grossProfit": "240800000",
            "totalRevenue": "900400000",
            "sentiment": 0,
            "surprise": "0.16",
            "closePrice": "94.42"
        },
        {
            "fiscalDateEnding": "2020-09-30",
            "totalCurrentAssets": "934700000",
            "cashAndShortTermInvestments": "229700000",
            "totalCurrentLiabilities": "389400000",
            "currentDebt": "31000000",
            "netIncome": "52300000",
            "capitalExpenditures": "5700000",
            "operatingCashflow": "87600000",
            "grossProfit": "236300000",
            "totalRevenue": "904400000",
            "sentiment": 0,
            "surprise": "0.16",
            "closePrice": "66.04"
        },
        {
            "fiscalDateEnding": "2020-06-30",
            "totalCurrentAssets": "854600000",
            "cashAndShortTermInvestments": "207900000",
            "totalCurrentLiabilities": "357300000",
            "currentDebt": "None",
            "netIncome": "48800000",
            "capitalExpenditures": "7300000",
            "operatingCashflow": "186100000",
            "grossProfit": "227500000",
            "totalRevenue": "831900000",
            "sentiment": 0,
            "surprise": "0.3",
            "closePrice": "68.73"
        },
        {
            "fiscalDateEnding": "2020-03-31",
            "totalCurrentAssets": "789700000",
            "cashAndShortTermInvestments": "64000000",
            "totalCurrentLiabilities": "361200000",
            "currentDebt": "27100000",
            "netIncome": "43800000",
            "capitalExpenditures": "15300000",
            "operatingCashflow": "64100000",
            "grossProfit": "242600000",
            "totalRevenue": "865400000",
            "sentiment": 0,
            "surprise": "0.24",
            "closePrice": "46.45"
        },
        {
            "fiscalDateEnding": "2019-12-31",
            "totalCurrentAssets": "791500000",
            "cashAndShortTermInvestments": "95200000",
            "totalCurrentLiabilities": "340900000",
            "currentDebt": "25800000",
            "netIncome": "39300000",
            "capitalExpenditures": "9900000",
            "operatingCashflow": "81400000",
            "grossProfit": "289500000",
            "totalRevenue": "1025200000",
            "sentiment": 0,
            "surprise": "0.05",
            "closePrice": "68.46"
        },
        {
            "fiscalDateEnding": "2019-09-30",
            "totalCurrentAssets": "747100000",
            "cashAndShortTermInvestments": "67500000",
            "totalCurrentLiabilities": "353400000",
            "currentDebt": "25000000",
            "netIncome": "57400000",
            "capitalExpenditures": "6900000",
            "operatingCashflow": "91300000",
            "grossProfit": "291400000",
            "totalRevenue": "1002700000",
            "sentiment": 0,
            "surprise": "0.08",
            "closePrice": "59.71"
        },
        {
            "fiscalDateEnding": "2019-06-30",
            "totalCurrentAssets": "697100000",
            "cashAndShortTermInvestments": "40100000",
            "totalCurrentLiabilities": "326500000",
            "currentDebt": "25800000",
            "netIncome": "43100000",
            "capitalExpenditures": "8400000",
            "operatingCashflow": "96500000",
            "grossProfit": "285200000",
            "totalRevenue": "972300000",
            "sentiment": 0,
            "surprise": "-0.01",
            "closePrice": "64.3"
        },
        {
            "fiscalDateEnding": "2019-03-31",
            "totalCurrentAssets": "691400000",
            "cashAndShortTermInvestments": "35600000",
            "totalCurrentLiabilities": "313700000",
            "currentDebt": "None",
            "netIncome": "34900000",
            "capitalExpenditures": "7500000",
            "operatingCashflow": "44000000",
            "grossProfit": "263900000",
            "totalRevenue": "923700000",
            "sentiment": 0,
            "surprise": "-0.02",
            "closePrice": "67.96"
        },
        {
            "fiscalDateEnding": "2018-12-31",
            "totalCurrentAssets": "686300000",
            "cashAndShortTermInvestments": "41826000",
            "totalCurrentLiabilities": "308200000",
            "currentDebt": "24000",
            "netIncome": "45900000",
            "capitalExpenditures": "6608000",
            "operatingCashflow": "63800000",
            "grossProfit": "272000000",
            "totalRevenue": "929700000",
            "sentiment": 0,
            "surprise": "-0.01",
            "closePrice": "66.77"
        },
        {
            "fiscalDateEnding": "2018-09-30",
            "totalCurrentAssets": "646599000",
            "cashAndShortTermInvestments": "40888000",
            "totalCurrentLiabilities": "291417000",
            "currentDebt": "None",
            "netIncome": "49100000",
            "capitalExpenditures": "7500000",
            "operatingCashflow": "92100000",
            "grossProfit": "270100000",
            "totalRevenue": "906400000",
            "sentiment": 0,
            "surprise": "0.2",
            "closePrice": "59.02"
        },
        {
            "fiscalDateEnding": "2018-06-30",
            "totalCurrentAssets": "637305000",
            "cashAndShortTermInvestments": "44657000",
            "totalCurrentLiabilities": "279120000",
            "currentDebt": "None",
            "netIncome": "33600000",
            "capitalExpenditures": "8395000",
            "operatingCashflow": "76800000",
            "grossProfit": "263900000",
            "totalRevenue": "878500000",
            "sentiment": 0,
            "surprise": "0.06",
            "closePrice": "86.76"
        },
        {
            "fiscalDateEnding": "2018-03-31",
            "totalCurrentAssets": "552271000",
            "cashAndShortTermInvestments": "77900000",
            "totalCurrentLiabilities": "182748000",
            "currentDebt": "None",
            "netIncome": "29100000",
            "capitalExpenditures": "6198000",
            "operatingCashflow": "54700000",
            "grossProfit": "217700000",
            "totalRevenue": "685200000",
            "sentiment": 0,
            "surprise": "0.08",
            "closePrice": "82.38"
        },
        {
            "fiscalDateEnding": "2017-12-31",
            "totalCurrentAssets": "499523000",
            "cashAndShortTermInvestments": "36667000",
            "totalCurrentLiabilities": "166717000",
            "currentDebt": "None",
            "netIncome": "67331000",
            "capitalExpenditures": "6227000",
            "operatingCashflow": "58213000",
            "grossProfit": "220677000",
            "totalRevenue": "679035000",
            "sentiment": 0,
            "surprise": "0.06",
            "closePrice": "74.26"
        },
        {
            "fiscalDateEnding": "2017-09-30",
            "totalCurrentAssets": "485754000",
            "cashAndShortTermInvestments": "27977000",
            "totalCurrentLiabilities": "189196000",
            "currentDebt": "None",
            "netIncome": "34856000",
            "capitalExpenditures": "4830000",
            "operatingCashflow": "54594000",
            "grossProfit": "218315000",
            "totalRevenue": "667048000",
            "sentiment": 0,
            "surprise": "0.08",
            "closePrice": "56.09"
        },
        {
            "fiscalDateEnding": "2017-06-30",
            "totalCurrentAssets": "462680000",
            "cashAndShortTermInvestments": "18963000",
            "totalCurrentLiabilities": "178377000",
            "currentDebt": "None",
            "netIncome": "33097000",
            "capitalExpenditures": "6416000",
            "operatingCashflow": "39793000",
            "grossProfit": "212937000",
            "totalRevenue": "653313000",
            "sentiment": 0,
            "surprise": "0.06",
            "closePrice": "51.71"
        },
        {
            "fiscalDateEnding": "2017-03-31",
            "totalCurrentAssets": "441984000",
            "cashAndShortTermInvestments": "24005000",
            "totalCurrentLiabilities": "167659000",
            "currentDebt": "None",
            "netIncome": "22391000",
            "capitalExpenditures": "6792000",
            "operatingCashflow": "43800000",
            "grossProfit": "198144000",
            "totalRevenue": "626528000",
            "sentiment": 0,
            "surprise": "0.04",
            "closePrice": "49.49"
        },
        {
            "fiscalDateEnding": "2016-12-31",
            "totalCurrentAssets": "437524000",
            "cashAndShortTermInvestments": "27044000",
            "totalCurrentLiabilities": "162499000",
            "currentDebt": "None",
            "netIncome": "24028000",
            "capitalExpenditures": "6587000",
            "operatingCashflow": "56424000",
            "grossProfit": "198195000",
            "totalRevenue": "646162000",
            "sentiment": 0,
            "surprise": "-0.03",
            "closePrice": "45.46"
        },
        {
            "fiscalDateEnding": "2016-09-30",
            "totalCurrentAssets": "434482000",
            "cashAndShortTermInvestments": "16972000",
            "totalCurrentLiabilities": "174098000",
            "currentDebt": "None",
            "netIncome": "29768000",
            "capitalExpenditures": "6642000",
            "operatingCashflow": "42783000",
            "grossProfit": "207120000",
            "totalRevenue": "621107000",
            "sentiment": 0,
            "surprise": "-0.1",
            "closePrice": "35.7"
        },
        {
            "fiscalDateEnding": "2016-06-30",
            "totalCurrentAssets": "442226000",
            "cashAndShortTermInvestments": "34782000",
            "totalCurrentLiabilities": "177607000",
            "currentDebt": "None",
            "netIncome": "26004000",
            "capitalExpenditures": "6627000",
            "operatingCashflow": "61896000",
            "grossProfit": "202086000",
            "totalRevenue": "600129000",
            "sentiment": 0,
            "surprise": "0.02",
            "closePrice": "38.7"
        },
        {
            "fiscalDateEnding": "2016-03-31",
            "totalCurrentAssets": "432168000",
            "cashAndShortTermInvestments": "28369000",
            "totalCurrentLiabilities": "175754000",
            "currentDebt": "None",
            "netIncome": "17401000",
            "capitalExpenditures": "7282000",
            "operatingCashflow": "38228000",
            "grossProfit": "187782000",
            "totalRevenue": "573015000",
            "sentiment": 0,
            "surprise": "0.06",
            "closePrice": "34.22"
        },
        {
            "fiscalDateEnding": "2015-12-31",
            "totalCurrentAssets": "414208000",
            "cashAndShortTermInvestments": "23869000",
            "totalCurrentLiabilities": "160350000",
            "currentDebt": "None",
            "netIncome": "19338000",
            "capitalExpenditures": "6512000",
            "operatingCashflow": "36747000",
            "grossProfit": "192932000",
            "totalRevenue": "577517000",
            "sentiment": 0,
            "surprise": "0.02",
            "closePrice": "31.2"
        },
        {
            "fiscalDateEnding": "2015-09-30",
            "totalCurrentAssets": "432104000",
            "cashAndShortTermInvestments": "28916000",
            "totalCurrentLiabilities": "182149000",
            "currentDebt": "None",
            "netIncome": "24925000",
            "capitalExpenditures": "4846000",
            "operatingCashflow": "34877000",
            "grossProfit": "191404000",
            "totalRevenue": "562580000",
            "sentiment": 0,
            "surprise": "0.06",
            "closePrice": "41.47"
        },
        {
            "fiscalDateEnding": "2015-06-30",
            "totalCurrentAssets": "417698000",
            "cashAndShortTermInvestments": "41863000",
            "totalCurrentLiabilities": "171147000",
            "currentDebt": "None",
            "netIncome": "14252000",
            "capitalExpenditures": "5331000",
            "operatingCashflow": "32477000",
            "grossProfit": "158534000",
            "totalRevenue": "480587000",
            "sentiment": 0,
            "surprise": "0.05",
            "closePrice": "37.5"
        },
        {
            "fiscalDateEnding": "2015-03-31",
            "totalCurrentAssets": "409771000",
            "cashAndShortTermInvestments": "76363000",
            "totalCurrentLiabilities": "154691000",
            "currentDebt": "18250000",
            "netIncome": "39135000",
            "capitalExpenditures": "8000000",
            "operatingCashflow": "19943000",
            "grossProfit": "135875000",
            "totalRevenue": "426978000",
            "sentiment": 0,
            "surprise": "-0.02",
            "closePrice": "37.84"
        },
        {
            "fiscalDateEnding": "2014-12-31",
            "totalCurrentAssets": "366026000",
            "cashAndShortTermInvestments": "31714000",
            "totalCurrentLiabilities": "164755000",
            "currentDebt": "18250000",
            "netIncome": "20473000",
            "capitalExpenditures": "5469000",
            "operatingCashflow": "28064000",
            "grossProfit": "142537000",
            "totalRevenue": "475808000",
            "sentiment": 0,
            "surprise": "0.07",
            "closePrice": "37.89"
        },
        {
            "fiscalDateEnding": "2014-09-30",
            "totalCurrentAssets": "371608000",
            "cashAndShortTermInvestments": "29881000",
            "totalCurrentLiabilities": "172188000",
            "currentDebt": "18250000",
            "netIncome": "22005000",
            "capitalExpenditures": "4622000",
            "operatingCashflow": "42949000",
            "grossProfit": "144838000",
            "totalRevenue": "474723000",
            "sentiment": 0,
            "surprise": "0.01",
            "closePrice": "29.91"
        },
        {
            "fiscalDateEnding": "2014-06-30",
            "totalCurrentAssets": "373673000",
            "cashAndShortTermInvestments": "30753000",
            "totalCurrentLiabilities": "170558000",
            "currentDebt": "18250000",
            "netIncome": "20789000",
            "capitalExpenditures": "5618000",
            "operatingCashflow": "29330000",
            "grossProfit": "141905000",
            "totalRevenue": "465515000",
            "sentiment": 0,
            "surprise": "0.04",
            "closePrice": "34.9"
        },
        {
            "fiscalDateEnding": "2014-03-31",
            "totalCurrentAssets": "347631000",
            "cashAndShortTermInvestments": "23394000",
            "totalCurrentLiabilities": "157168000",
            "currentDebt": "18250000",
            "netIncome": "13917000",
            "capitalExpenditures": "4020000",
            "operatingCashflow": "-4321000",
            "grossProfit": "128155000",
            "totalRevenue": "435946000",
            "sentiment": 0,
            "surprise": "0.02",
            "closePrice": "36.27"
        },
        {
            "fiscalDateEnding": "2013-12-31",
            "totalCurrentAssets": "350437000",
            "cashAndShortTermInvestments": "37350000",
            "totalCurrentLiabilities": "168295000",
            "currentDebt": "10000000",
            "netIncome": "32410000",
            "capitalExpenditures": "4238000",
            "operatingCashflow": "36576000",
            "grossProfit": "129094000",
            "totalRevenue": "423598000",
            "sentiment": 0,
            "surprise": "0.03",
            "closePrice": "30.55"
        },
        {
            "fiscalDateEnding": "2013-09-30",
            "totalCurrentAssets": "332321000",
            "cashAndShortTermInvestments": "45077000",
            "totalCurrentLiabilities": "139065000",
            "currentDebt": "10000000",
            "netIncome": "20150000",
            "capitalExpenditures": "4965000",
            "operatingCashflow": "43621000",
            "grossProfit": "126398000",
            "totalRevenue": "428914000",
            "sentiment": 0,
            "surprise": "0.03",
            "closePrice": "34.45"
        },
        {
            "fiscalDateEnding": "2013-06-30",
            "totalCurrentAssets": "301921000",
            "cashAndShortTermInvestments": "14111000",
            "totalCurrentLiabilities": "127077000",
            "currentDebt": "10250000",
            "netIncome": "7339000",
            "capitalExpenditures": "4543000",
            "operatingCashflow": "26752000",
            "grossProfit": "120745000",
            "totalRevenue": "398767000",
            "sentiment": 0,
            "surprise": "0.04",
            "closePrice": "28.85"
        },
        {
            "fiscalDateEnding": "2013-03-31",
            "totalCurrentAssets": "295360000",
            "cashAndShortTermInvestments": "11774000",
            "totalCurrentLiabilities": "128899000",
            "currentDebt": "10000000",
            "netIncome": "24613000",
            "capitalExpenditures": "2785000",
            "operatingCashflow": "3575000",
            "grossProfit": "109252000",
            "totalRevenue": "383862000",
            "sentiment": 0,
            "surprise": "0.18",
            "closePrice": "22.4"
        },
        {
            "fiscalDateEnding": "2012-12-31",
            "totalCurrentAssets": "312397000",
            "cashAndShortTermInvestments": "27479000",
            "totalCurrentLiabilities": "135169000",
            "currentDebt": "10000000",
            "netIncome": "14205000",
            "capitalExpenditures": "3471000",
            "operatingCashflow": "26058000",
            "grossProfit": "112054000",
            "totalRevenue": "401659000",
            "sentiment": 0,
            "surprise": "-0.07",
            "closePrice": "24.66"
        },
        {
            "fiscalDateEnding": "2012-09-30",
            "totalCurrentAssets": "284894000",
            "cashAndShortTermInvestments": "13873000",
            "totalCurrentLiabilities": "129480000",
            "currentDebt": "10000000",
            "netIncome": "15503000",
            "capitalExpenditures": "3712000",
            "operatingCashflow": "23531000",
            "grossProfit": "112213000",
            "totalRevenue": "381966000",
            "sentiment": 0,
            "surprise": "0.04",
            "closePrice": "19.48"
        },
        {
            "fiscalDateEnding": "2012-06-30",
            "totalCurrentAssets": "279142000",
            "cashAndShortTermInvestments": "18423000",
            "totalCurrentLiabilities": "125823000",
            "currentDebt": "13650000",
            "netIncome": "7562000",
            "capitalExpenditures": "5052000",
            "operatingCashflow": "-15865000",
            "grossProfit": "81509000",
            "totalRevenue": "278280000",
            "sentiment": 0,
            "surprise": "0.05",
            "closePrice": "15.14"
        },
        {
            "fiscalDateEnding": "2012-03-31",
            "totalCurrentAssets": "138305000",
            "cashAndShortTermInvestments": "17685000",
            "totalCurrentLiabilities": "62541000",
            "currentDebt": "5000000",
            "netIncome": "5383000",
            "capitalExpenditures": "2119000",
            "operatingCashflow": "6973000",
            "grossProfit": "50117000",
            "totalRevenue": "166376000",
            "sentiment": 0,
            "surprise": "-0.02",
            "closePrice": "17.53"
        },
        {
            "fiscalDateEnding": "2011-12-31",
            "totalCurrentAssets": "131114000",
            "cashAndShortTermInvestments": "17739000",
            "totalCurrentLiabilities": "56409000",
            "currentDebt": "5000000",
            "netIncome": "7501000",
            "capitalExpenditures": "2365000",
            "operatingCashflow": "8365000",
            "grossProfit": "53629000",
            "totalRevenue": "161790000",
            "sentiment": 0,
            "surprise": "0.04",
            "closePrice": "13.67"
        },
        {
            "fiscalDateEnding": "2011-09-30",
            "totalCurrentAssets": "123984000",
            "cashAndShortTermInvestments": "13245000",
            "totalCurrentLiabilities": "64985000",
            "currentDebt": "5000000",
            "netIncome": "7767000",
            "capitalExpenditures": "1374000",
            "operatingCashflow": "2109000",
            "grossProfit": "54528000",
            "totalRevenue": "161620000",
            "sentiment": 0,
            "surprise": "0.03",
            "closePrice": "10.91"
        },
        {
            "fiscalDateEnding": "2011-06-30",
            "totalCurrentAssets": "114729000",
            "cashAndShortTermInvestments": "19183000",
            "totalCurrentLiabilities": "60246000",
            "currentDebt": "5000000",
            "netIncome": "5865000",
            "capitalExpenditures": "2022000",
            "operatingCashflow": "7167000",
            "grossProfit": "48794000",
            "totalRevenue": "142899000",
            "sentiment": 0,
            "surprise": "0.03",
            "closePrice": "10.09"
        }
    ]
}