{
    "ASML": [
        {
            "fiscalDateEnding": "2023-12-31",
            "totalCurrentAssets": "24393900000",
            "cashAndShortTermInvestments": "7004700000",
            "totalCurrentLiabilities": "16274700000",
            "currentDebt": "None",
            "netIncome": "2048100000",
            "capitalExpenditures": "602300000",
            "operatingCashflow": "3197000000",
            "grossProfit": "3717300000",
            "totalRevenue": "7237000000",
            "sentiment": 0.23716972479237824,
            "surprise": "0.43",
            "closePrice": "845.845664875849"
        },
        {
            "fiscalDateEnding": "2023-09-30",
            "totalCurrentAssets": "21655700000",
            "cashAndShortTermInvestments": "4975500000",
            "totalCurrentLiabilities": "16309500000",
            "currentDebt": "None",
            "netIncome": "1893400000",
            "capitalExpenditures": "501800000",
            "operatingCashflow": "1128100000",
            "grossProfit": "3461600000",
            "totalRevenue": "6673000000",
            "sentiment": 0.27344765869031307,
            "surprise": "0.22",
            "closePrice": "580.781468389313"
        },
        {
            "fiscalDateEnding": "2023-06-30",
            "totalCurrentAssets": "22398200000",
            "cashAndShortTermInvestments": "6341300000",
            "totalCurrentLiabilities": "16754300000",
            "currentDebt": "None",
            "netIncome": "1941700000",
            "capitalExpenditures": "537800000",
            "operatingCashflow": "384700000",
            "grossProfit": "3544000000",
            "totalRevenue": "6902300000",
            "sentiment": 0.3022177883999345,
            "surprise": "0.39",
            "closePrice": "711.116962669024"
        },
        {
            "fiscalDateEnding": "2023-03-31",
            "totalCurrentAssets": "21060800000",
            "cashAndShortTermInvestments": "6647700000",
            "totalCurrentLiabilities": "16948100000",
            "currentDebt": "None",
            "netIncome": "1955800000",
            "capitalExpenditures": "532000000",
            "operatingCashflow": "733600000",
            "grossProfit": "3413200000",
            "totalRevenue": "6746200000",
            "sentiment": 0.2761450803551105,
            "surprise": "0.86",
            "closePrice": "666.131944828831"
        },
        {
            "fiscalDateEnding": "2022-12-31",
            "totalCurrentAssets": "22549600000",
            "cashAndShortTermInvestments": "7268300000",
            "totalCurrentLiabilities": "17762600000",
            "currentDebt": "None",
            "netIncome": "1816500000",
            "capitalExpenditures": "453600000",
            "operatingCashflow": "5350500000",
            "grossProfit": "3310900000",
            "totalRevenue": "6430200000",
            "sentiment": 0.27113329317173723,
            "surprise": "0.25",
            "closePrice": "673.619134919194"
        },
        {
            "fiscalDateEnding": "2022-09-30",
            "totalCurrentAssets": "19726400000",
            "cashAndShortTermInvestments": "3152800000",
            "totalCurrentLiabilities": "15668600000",
            "currentDebt": "None",
            "netIncome": "1701500000",
            "capitalExpenditures": "356600000",
            "operatingCashflow": "1169500000",
            "grossProfit": "2993700000",
            "totalRevenue": "5778300000",
            "sentiment": 0.21427586949002436,
            "surprise": "0.31",
            "closePrice": "417.825137027193"
        },
        {
            "fiscalDateEnding": "2022-06-30",
            "totalCurrentAssets": "19835300000",
            "cashAndShortTermInvestments": "4096500000",
            "totalCurrentLiabilities": "14637000000",
            "currentDebt": "None",
            "netIncome": "1410900000",
            "capitalExpenditures": "231500000",
            "operatingCashflow": "2552900000",
            "grossProfit": "2664500000",
            "totalRevenue": "5430500000",
            "sentiment": -0.008344918870200509,
            "surprise": "-0.04",
            "closePrice": "505.704784102977"
        },
        {
            "fiscalDateEnding": "2022-03-31",
            "totalCurrentAssets": "18208800000",
            "cashAndShortTermInvestments": "4324100000",
            "totalCurrentLiabilities": "13612800000",
            "currentDebt": "None",
            "netIncome": "695300000",
            "capitalExpenditures": "240100000",
            "operatingCashflow": "-586100000",
            "grossProfit": "1731000000",
            "totalRevenue": "3534400000",
            "sentiment": -0.02378774602242404,
            "surprise": "0.16",
            "closePrice": "618.6280933317"
        },
        {
            "fiscalDateEnding": "2021-12-31",
            "totalCurrentAssets": "18190200000",
            "cashAndShortTermInvestments": "6951800000",
            "totalCurrentLiabilities": "12298000000",
            "currentDebt": "None",
            "netIncome": "1773400000",
            "capitalExpenditures": "273200000",
            "operatingCashflow": "6417000000",
            "grossProfit": "2700600000",
            "totalRevenue": "4985600000",
            "sentiment": 0,
            "surprise": "0.75",
            "closePrice": "681.973283560851"
        },
        {
            "fiscalDateEnding": "2021-09-30",
            "totalCurrentAssets": "15678300000",
            "cashAndShortTermInvestments": "4318700000",
            "totalCurrentLiabilities": "9162600000",
            "currentDebt": "None",
            "netIncome": "1740200000",
            "capitalExpenditures": "197000000",
            "operatingCashflow": "1801600000",
            "grossProfit": "2711400000",
            "totalRevenue": "5241300000",
            "sentiment": 0,
            "surprise": "0.22",
            "closePrice": "747.265973088977"
        },
        {
            "fiscalDateEnding": "2021-06-30",
            "totalCurrentAssets": "16739200000",
            "cashAndShortTermInvestments": "5186600000",
            "totalCurrentLiabilities": "8754100000",
            "currentDebt": "None",
            "netIncome": "1038200000",
            "capitalExpenditures": "241100000",
            "operatingCashflow": "3568900000",
            "grossProfit": "2044600000",
            "totalRevenue": "4020200000",
            "sentiment": 0,
            "surprise": "0.11",
            "closePrice": "701.808996479292"
        },
        {
            "fiscalDateEnding": "2021-03-31",
            "totalCurrentAssets": "15859600000",
            "cashAndShortTermInvestments": "3243800000",
            "totalCurrentLiabilities": "6876300000",
            "currentDebt": "None",
            "netIncome": "1331400000",
            "capitalExpenditures": "189400000",
            "operatingCashflow": "-941700000",
            "grossProfit": "2352400000",
            "totalRevenue": "4363900000",
            "sentiment": 0,
            "surprise": "0.84",
            "closePrice": "636.225012596251"
        },
        {
            "fiscalDateEnding": "2020-12-31",
            "totalCurrentAssets": "15930000000",
            "cashAndShortTermInvestments": "6049400000",
            "totalCurrentLiabilities": "6603500000",
            "currentDebt": "None",
            "netIncome": "1350600000",
            "capitalExpenditures": "292900000",
            "operatingCashflow": "4670400000",
            "grossProfit": "2211100000",
            "totalRevenue": "4254100000",
            "sentiment": 0,
            "surprise": "0.8",
            "closePrice": "533.233607560952"
        },
        {
            "fiscalDateEnding": "2020-09-30",
            "totalCurrentAssets": "14550800000",
            "cashAndShortTermInvestments": "3531500000",
            "totalCurrentLiabilities": "4990900000",
            "currentDebt": "None",
            "netIncome": "1061500000",
            "capitalExpenditures": "212500000",
            "operatingCashflow": "191100000",
            "grossProfit": "1881400000",
            "totalRevenue": "3958000000",
            "sentiment": 0,
            "surprise": "0.32",
            "closePrice": "385.080888054906"
        },
        {
            "fiscalDateEnding": "2020-06-30",
            "totalCurrentAssets": "13492600000",
            "cashAndShortTermInvestments": "3499100000",
            "totalCurrentLiabilities": "4631300000",
            "currentDebt": "None",
            "netIncome": "751000000",
            "capitalExpenditures": "225100000",
            "operatingCashflow": "371900000",
            "grossProfit": "1603200000",
            "totalRevenue": "3325700000",
            "sentiment": 0,
            "surprise": "0.5",
            "closePrice": "363.216133965916"
        },
        {
            "fiscalDateEnding": "2020-03-31",
            "totalCurrentAssets": "12700100000",
            "cashAndShortTermInvestments": "2723700000",
            "totalCurrentLiabilities": "4677400000",
            "currentDebt": "None",
            "netIncome": "390600000",
            "capitalExpenditures": "231500000",
            "operatingCashflow": "-605800000",
            "grossProfit": "1101400000",
            "totalRevenue": "2440600000",
            "sentiment": 0,
            "surprise": "-0.32",
            "closePrice": "272.144302862755"
        },
        {
            "fiscalDateEnding": "2019-12-31",
            "totalCurrentAssets": "11971900000",
            "cashAndShortTermInvestments": "3532300000",
            "totalCurrentLiabilities": "4694100000",
            "currentDebt": "None",
            "netIncome": "1134100000",
            "capitalExpenditures": "305500000",
            "operatingCashflow": "3588300000",
            "grossProfit": "1940100000",
            "totalRevenue": "4036400000",
            "sentiment": 0,
            "surprise": "0.31",
            "closePrice": "285.400367174382"
        },
        {
            "fiscalDateEnding": "2019-09-30",
            "totalCurrentAssets": "10094100000",
            "cashAndShortTermInvestments": "1586100000",
            "totalCurrentLiabilities": "3712500000",
            "currentDebt": "None",
            "netIncome": "626800000",
            "capitalExpenditures": "185800000",
            "operatingCashflow": "69400000",
            "grossProfit": "1306400000",
            "totalRevenue": "2986500000",
            "sentiment": 0,
            "surprise": "0.04",
            "closePrice": "243.233665141458"
        },
        {
            "fiscalDateEnding": "2019-06-30",
            "totalCurrentAssets": "9895300000",
            "cashAndShortTermInvestments": "1661100000",
            "totalCurrentLiabilities": "3692500000",
            "currentDebt": "None",
            "netIncome": "476000000",
            "capitalExpenditures": "128300000",
            "operatingCashflow": "99500000",
            "grossProfit": "1105200000",
            "totalRevenue": "2567900000",
            "sentiment": 0,
            "surprise": "0.14",
            "closePrice": "216.642080419348"
        },
        {
            "fiscalDateEnding": "2019-03-31",
            "totalCurrentAssets": "10396300000",
            "cashAndShortTermInvestments": "2253000000",
            "totalCurrentLiabilities": "3721200000",
            "currentDebt": "None",
            "netIncome": "355400000",
            "capitalExpenditures": "147000000",
            "operatingCashflow": "-480800000",
            "grossProfit": "928000000",
            "totalRevenue": "2229100000",
            "sentiment": 0,
            "surprise": "-0.7",
            "closePrice": "192.52945516666"
        },
        {
            "fiscalDateEnding": "2018-12-31",
            "totalCurrentAssets": "10430500000",
            "cashAndShortTermInvestments": "3121100000",
            "totalCurrentLiabilities": "3791900000",
            "currentDebt": "None",
            "netIncome": "787500000",
            "capitalExpenditures": "190100000",
            "operatingCashflow": "1646400000",
            "grossProfit": "1392900000",
            "totalRevenue": "3142500000",
            "sentiment": 0,
            "surprise": "0.08",
            "closePrice": "153.485814671612"
        },
        {
            "fiscalDateEnding": "2018-09-30",
            "totalCurrentAssets": "9913100000",
            "cashAndShortTermInvestments": "2203200000",
            "totalCurrentLiabilities": "3546100000",
            "currentDebt": "None",
            "netIncome": "680400000",
            "capitalExpenditures": "129100000",
            "operatingCashflow": "486700000",
            "grossProfit": "1335900000",
            "totalRevenue": "2776100000",
            "sentiment": 0,
            "surprise": "0.05",
            "closePrice": "175.156739281982"
        },
        {
            "fiscalDateEnding": "2018-06-30",
            "totalCurrentAssets": "9214200000",
            "cashAndShortTermInvestments": "2325700000",
            "totalCurrentLiabilities": "3380800000",
            "currentDebt": "None",
            "netIncome": "584000000",
            "capitalExpenditures": "125600000",
            "operatingCashflow": "754500000",
            "grossProfit": "1186900000",
            "totalRevenue": "2740400000",
            "sentiment": 0,
            "surprise": "0.22",
            "closePrice": "203.795685086425"
        },
        {
            "fiscalDateEnding": "2018-03-31",
            "totalCurrentAssets": "9212700000",
            "cashAndShortTermInvestments": "2464800000",
            "totalCurrentLiabilities": "3132200000",
            "currentDebt": "None",
            "netIncome": "539700000",
            "capitalExpenditures": "129199999",
            "operatingCashflow": "185100000",
            "grossProfit": "1113500000",
            "totalRevenue": "2285000000",
            "sentiment": 0,
            "surprise": "0.42",
            "closePrice": "193.855408723612"
        },
        {
            "fiscalDateEnding": "2017-12-31",
            "totalCurrentAssets": "9007000000",
            "cashAndShortTermInvestments": "2259000000",
            "totalCurrentLiabilities": "3341900000",
            "currentDebt": "None",
            "netIncome": "591200000",
            "capitalExpenditures": "148300000",
            "operatingCashflow": "1056400000",
            "grossProfit": "1156100000",
            "totalRevenue": "2560400000",
            "sentiment": 0,
            "surprise": "0.46",
            "closePrice": "187.146763811404"
        },
        {
            "fiscalDateEnding": "2017-09-30",
            "totalCurrentAssets": "8293900000",
            "cashAndShortTermInvestments": "2077600000",
            "totalCurrentLiabilities": "2974200000",
            "currentDebt": "None",
            "netIncome": "557100000",
            "capitalExpenditures": "95700000",
            "operatingCashflow": "400000000",
            "grossProfit": "1049500000",
            "totalRevenue": "2447400000",
            "sentiment": 0,
            "surprise": "0.23",
            "closePrice": "161.355124758171"
        },
        {
            "fiscalDateEnding": "2017-06-30",
            "totalCurrentAssets": "8041500000",
            "cashAndShortTermInvestments": "1914200000",
            "totalCurrentLiabilities": "3125000000",
            "currentDebt": "None",
            "netIncome": "569800000",
            "capitalExpenditures": "56300000",
            "operatingCashflow": "448800000",
            "grossProfit": "946500000",
            "totalRevenue": "2101400000",
            "sentiment": 0,
            "surprise": "0.15",
            "closePrice": "141.52985758064"
        },
        {
            "fiscalDateEnding": "2017-03-31",
            "totalCurrentAssets": "8769600000",
            "cashAndShortTermInvestments": "2910600000",
            "totalCurrentLiabilities": "2875400000",
            "currentDebt": "None",
            "netIncome": "348600000",
            "capitalExpenditures": "38600000",
            "operatingCashflow": "-86900000",
            "grossProfit": "924600000",
            "totalRevenue": "1943600000",
            "sentiment": 0,
            "surprise": "0.11",
            "closePrice": "118.227762398421"
        },
        {
            "fiscalDateEnding": "2016-12-31",
            "totalCurrentAssets": "8557400000",
            "cashAndShortTermInvestments": "2906900000",
            "totalCurrentLiabilities": "3280600000",
            "currentDebt": "None",
            "netIncome": "530200000",
            "capitalExpenditures": "95900000",
            "operatingCashflow": "1291900000",
            "grossProfit": "900600000",
            "totalRevenue": "1907400000",
            "sentiment": 0,
            "surprise": "0.34",
            "closePrice": "114.575364032894"
        },
        {
            "fiscalDateEnding": "2016-09-30",
            "totalCurrentAssets": "9215700000",
            "cashAndShortTermInvestments": "2913000000",
            "totalCurrentLiabilities": "3272200000",
            "currentDebt": "None",
            "netIncome": "425500000",
            "capitalExpenditures": "66300000",
            "operatingCashflow": "98600000",
            "grossProfit": "834400000",
            "totalRevenue": "1814600000",
            "sentiment": 0,
            "surprise": "-0.01",
            "closePrice": "96.9842208846377"
        },
        {
            "fiscalDateEnding": "2016-06-30",
            "totalCurrentAssets": "7580500000",
            "cashAndShortTermInvestments": "1926100000",
            "totalCurrentLiabilities": "3720100000",
            "currentDebt": "None",
            "netIncome": "370400000",
            "capitalExpenditures": "98900000",
            "operatingCashflow": "603200000",
            "grossProfit": "741400000",
            "totalRevenue": "1739600000",
            "sentiment": 0,
            "surprise": "0.07",
            "closePrice": "100.776379391703"
        },
        {
            "fiscalDateEnding": "2016-03-31",
            "totalCurrentAssets": "7686200000",
            "cashAndShortTermInvestments": "2063400000",
            "totalCurrentLiabilities": "3246800000",
            "currentDebt": "None",
            "netIncome": "230800000",
            "capitalExpenditures": "55200000",
            "operatingCashflow": "72800000",
            "grossProfit": "568100000",
            "totalRevenue": "1333200000",
            "sentiment": 0,
            "surprise": "0.05",
            "closePrice": "88.8800494678718"
        },
        {
            "fiscalDateEnding": "2015-12-31",
            "totalCurrentAssets": "7707600000",
            "cashAndShortTermInvestments": "2458700000",
            "totalCurrentLiabilities": "3107200000",
            "currentDebt": "None",
            "netIncome": "344289000",
            "capitalExpenditures": "120470000",
            "operatingCashflow": "1074535000",
            "grossProfit": "659800000",
            "totalRevenue": "1434200000",
            "sentiment": 0,
            "surprise": "0.03",
            "closePrice": "78.5846004109794"
        },
        {
            "fiscalDateEnding": "2015-09-30",
            "totalCurrentAssets": "7347500000",
            "cashAndShortTermInvestments": "2680900000",
            "totalCurrentLiabilities": "2711300000",
            "currentDebt": "None",
            "netIncome": "383900000",
            "capitalExpenditures": "86500000",
            "operatingCashflow": "506700000",
            "grossProfit": "703500000",
            "totalRevenue": "1549200000",
            "sentiment": 0,
            "surprise": "0.01",
            "closePrice": "80.4372282179941"
        },
        {
            "fiscalDateEnding": "2015-06-30",
            "totalCurrentAssets": "7311800000",
            "cashAndShortTermInvestments": "2495000000",
            "totalCurrentLiabilities": "2853900000",
            "currentDebt": "None",
            "netIncome": "421255000",
            "capitalExpenditures": "79184000",
            "operatingCashflow": "378809000",
            "grossProfit": "753800000",
            "totalRevenue": "1654100000",
            "sentiment": 0,
            "surprise": "0.07",
            "closePrice": "98.3275295782698"
        },
        {
            "fiscalDateEnding": "2015-03-31",
            "totalCurrentAssets": "7625100000",
            "cashAndShortTermInvestments": "2778500000",
            "totalCurrentLiabilities": "3194300000",
            "currentDebt": "None",
            "netIncome": "470000000",
            "capitalExpenditures": "85600000",
            "operatingCashflow": "439500000",
            "grossProfit": "778600000",
            "totalRevenue": "1649900000",
            "sentiment": 0,
            "surprise": "0.17",
            "closePrice": "88.081616840962"
        },
        {
            "fiscalDateEnding": "2014-12-31",
            "totalCurrentAssets": "7146206000",
            "cashAndShortTermInvestments": "2419487000",
            "totalCurrentLiabilities": "2888871000",
            "currentDebt": "None",
            "netIncome": "385020000",
            "capitalExpenditures": "127880000",
            "operatingCashflow": "531236000",
            "grossProfit": "656874000",
            "totalRevenue": "1493977000",
            "sentiment": 0,
            "surprise": "0.3",
            "closePrice": "97.6557056280231"
        },
        {
            "fiscalDateEnding": "2014-09-30",
            "totalCurrentAssets": "7161600000",
            "cashAndShortTermInvestments": "2144800000",
            "totalCurrentLiabilities": "2926000000",
            "currentDebt": "None",
            "netIncome": "298200000",
            "capitalExpenditures": "84200000",
            "operatingCashflow": "292800000",
            "grossProfit": "578100000",
            "totalRevenue": "1322200000",
            "sentiment": 0,
            "surprise": "0.04",
            "closePrice": "84.1237160218133"
        },
        {
            "fiscalDateEnding": "2014-06-30",
            "totalCurrentAssets": "7290300000",
            "cashAndShortTermInvestments": "2111000000",
            "totalCurrentLiabilities": "3065200000",
            "currentDebt": "None",
            "netIncome": "451802000",
            "capitalExpenditures": "70690000",
            "operatingCashflow": "278467000",
            "grossProfit": "751900000",
            "totalRevenue": "1643600000",
            "sentiment": 0,
            "surprise": "0.19",
            "closePrice": "80.9812160658688"
        },
        {
            "fiscalDateEnding": "2014-03-31",
            "totalCurrentAssets": "7240800000",
            "cashAndShortTermInvestments": "2398100000",
            "totalCurrentLiabilities": "2957500000",
            "currentDebt": "None",
            "netIncome": "283300000",
            "capitalExpenditures": "75500000",
            "operatingCashflow": "271900000",
            "grossProfit": "609500000",
            "totalRevenue": "1396500000",
            "sentiment": 0,
            "surprise": "0.05",
            "closePrice": "74.6816742778532"
        },
        {
            "fiscalDateEnding": "2013-12-31",
            "totalCurrentAssets": "6855786000",
            "cashAndShortTermInvestments": "2330694000",
            "totalCurrentLiabilities": "2865167000",
            "currentDebt": "None",
            "netIncome": "531044000",
            "capitalExpenditures": "77704000",
            "operatingCashflow": "593255000",
            "grossProfit": "805700000",
            "totalRevenue": "1848300000",
            "sentiment": 0,
            "surprise": "0.16",
            "closePrice": "82.9100090578283"
        },
        {
            "fiscalDateEnding": "2013-09-30",
            "totalCurrentAssets": "6828600000",
            "cashAndShortTermInvestments": "2061200000",
            "totalCurrentLiabilities": "2758300000",
            "currentDebt": "None",
            "netIncome": "248100000",
            "capitalExpenditures": "55300000",
            "operatingCashflow": "191500000",
            "grossProfit": "530800000",
            "totalRevenue": "1318200000",
            "sentiment": 0,
            "surprise": "-0.14",
            "closePrice": "86.2612844814605"
        },
        {
            "fiscalDateEnding": "2013-06-30",
            "totalCurrentAssets": "6078900000",
            "cashAndShortTermInvestments": "1592300000",
            "totalCurrentLiabilities": "2489400000",
            "currentDebt": "None",
            "netIncome": "283340000",
            "capitalExpenditures": "50541000",
            "operatingCashflow": "564304000",
            "grossProfit": "482200000",
            "totalRevenue": "1186700000",
            "sentiment": 0,
            "surprise": "-0.01",
            "closePrice": "80.8029741031327"
        },
        {
            "fiscalDateEnding": "2013-03-31",
            "totalCurrentAssets": "6065000000",
            "cashAndShortTermInvestments": "1780100000",
            "totalCurrentLiabilities": "2346400000",
            "currentDebt": "None",
            "netIncome": "155700000",
            "capitalExpenditures": "27300000",
            "operatingCashflow": "31900000",
            "grossProfit": "340700000",
            "totalRevenue": "892100000",
            "sentiment": 0,
            "surprise": "-0.24",
            "closePrice": "62.6037865084701"
        },
        {
            "fiscalDateEnding": "2012-12-31",
            "totalCurrentAssets": "5831900000",
            "cashAndShortTermInvestments": "1767600000",
            "totalCurrentLiabilities": "2086300000",
            "currentDebt": "None",
            "netIncome": "453773000",
            "capitalExpenditures": "35638000",
            "operatingCashflow": "40290000",
            "grossProfit": "420200000",
            "totalRevenue": "1023100000",
            "sentiment": 0,
            "surprise": "-0.15",
            "closePrice": "61.5856189961706"
        },
        {
            "fiscalDateEnding": "2012-09-30",
            "totalCurrentAssets": "9009800000",
            "cashAndShortTermInvestments": "5118800000",
            "totalCurrentLiabilities": "2301800000",
            "currentDebt": "None",
            "netIncome": "274700000",
            "capitalExpenditures": "50200000",
            "operatingCashflow": "489300000",
            "grossProfit": "531000000",
            "totalRevenue": "1228800000",
            "sentiment": 0,
            "surprise": "-0.06",
            "closePrice": "30.4241178802958"
        },
        {
            "fiscalDateEnding": "2012-06-30",
            "totalCurrentAssets": "5426296000",
            "cashAndShortTermInvestments": "1851790000",
            "totalCurrentLiabilities": "2074771000",
            "currentDebt": "None",
            "netIncome": "291900000",
            "capitalExpenditures": "38800000",
            "operatingCashflow": "74100000",
            "grossProfit": "530400000",
            "totalRevenue": "1227700000",
            "sentiment": 0,
            "surprise": "0.07",
            "closePrice": "33.1518393116562"
        },
        {
            "fiscalDateEnding": "2012-03-31",
            "totalCurrentAssets": "5767100000",
            "cashAndShortTermInvestments": "2953400000",
            "totalCurrentLiabilities": "2091600000",
            "currentDebt": "None",
            "netIncome": "282000000",
            "capitalExpenditures": "50500000",
            "operatingCashflow": "395600000",
            "grossProfit": "523600000",
            "totalRevenue": "1251900000",
            "sentiment": 0,
            "surprise": "0.04",
            "closePrice": "29.6430476232595"
        },
        {
            "fiscalDateEnding": "2011-12-31",
            "totalCurrentAssets": "5706800000",
            "cashAndShortTermInvestments": "2731800000",
            "totalCurrentLiabilities": "2233000000",
            "currentDebt": "None",
            "netIncome": "284660000",
            "capitalExpenditures": "93698000",
            "operatingCashflow": "132340000",
            "grossProfit": "496400000",
            "totalRevenue": "1210900000",
            "sentiment": 0,
            "surprise": "0.26",
            "closePrice": "25.3911436529523"
        },
        {
            "fiscalDateEnding": "2011-09-30",
            "totalCurrentAssets": "5601600000",
            "cashAndShortTermInvestments": "2838100000",
            "totalCurrentLiabilities": "2030900000",
            "currentDebt": "None",
            "netIncome": "355200000",
            "capitalExpenditures": "79800000",
            "operatingCashflow": "338200000",
            "grossProfit": "613400000",
            "totalRevenue": "1458500000",
            "sentiment": 0,
            "surprise": "0.13",
            "closePrice": "23.8395294742546"
        },
        {
            "fiscalDateEnding": "2011-06-30",
            "totalCurrentAssets": "5690400000",
            "cashAndShortTermInvestments": "2742100000",
            "totalCurrentLiabilities": "2229600000",
            "currentDebt": "None",
            "netIncome": "432100000",
            "capitalExpenditures": "60700000",
            "operatingCashflow": "499300000",
            "grossProfit": "690000000",
            "totalRevenue": "1529400000",
            "sentiment": 0,
            "surprise": "0.13",
            "closePrice": "20.8565812857505"
        },
        {
            "fiscalDateEnding": "2011-03-31",
            "totalCurrentAssets": "5667700000",
            "cashAndShortTermInvestments": "2699500000",
            "totalCurrentLiabilities": "2441700000",
            "currentDebt": "None",
            "netIncome": "395000000",
            "capitalExpenditures": "66700000",
            "operatingCashflow": "1100600000",
            "grossProfit": "649600000",
            "totalRevenue": "1452200000",
            "sentiment": 0,
            "surprise": "0.17",
            "closePrice": "23.5523387766027"
        },
        {
            "fiscalDateEnding": "2010-12-31",
            "totalCurrentAssets": "4944465000",
            "cashAndShortTermInvestments": "1949834000",
            "totalCurrentLiabilities": "2155816000",
            "currentDebt": "None",
            "netIncome": "406820000",
            "capitalExpenditures": "68928000",
            "operatingCashflow": "302448000",
            "grossProfit": "684670000",
            "totalRevenue": "1521438000",
            "sentiment": 0,
            "surprise": "0.36",
            "closePrice": "22.102232629368"
        },
        {
            "fiscalDateEnding": "2010-09-30",
            "totalCurrentAssets": "4348100000",
            "cashAndShortTermInvestments": "1548000000",
            "totalCurrentLiabilities": "2163200000",
            "currentDebt": "None",
            "netIncome": "268500000",
            "capitalExpenditures": "34600000",
            "operatingCashflow": "403500000",
            "grossProfit": "512500000",
            "totalRevenue": "1176000000",
            "sentiment": 0,
            "surprise": "0.05",
            "closePrice": "19.1069314072111"
        },
        {
            "fiscalDateEnding": "2010-06-30",
            "totalCurrentAssets": "3733500000",
            "cashAndShortTermInvestments": "1188600000",
            "totalCurrentLiabilities": "1782700000",
            "currentDebt": "None",
            "netIncome": "239200000",
            "capitalExpenditures": "18000000",
            "operatingCashflow": "193000000",
            "grossProfit": "459400000",
            "totalRevenue": "1068700000",
            "sentiment": 0,
            "surprise": "0.16",
            "closePrice": "18.9821271896213"
        },
        {
            "fiscalDateEnding": "2010-03-31",
            "totalCurrentAssets": "3288200000",
            "cashAndShortTermInvestments": "1087300000",
            "totalCurrentLiabilities": "1613000000",
            "currentDebt": "None",
            "netIncome": "107300000",
            "capitalExpenditures": "7200000",
            "operatingCashflow": "41100000",
            "grossProfit": "298600000",
            "totalRevenue": "741800000",
            "sentiment": 0,
            "surprise": "0.04",
            "closePrice": "20.824475163567"
        },
        {
            "fiscalDateEnding": "2009-12-31",
            "totalCurrentAssets": "2748884000",
            "cashAndShortTermInvestments": "1037074000",
            "totalCurrentLiabilities": "1044170000",
            "currentDebt": "None",
            "netIncome": "50480000",
            "capitalExpenditures": "7692000",
            "operatingCashflow": "19049000",
            "grossProfit": "220333000",
            "totalRevenue": "580566000",
            "sentiment": 0,
            "surprise": "0.03",
            "closePrice": "19.6045224799658"
        },
        {
            "fiscalDateEnding": "2009-09-30",
            "totalCurrentAssets": "2596815000",
            "cashAndShortTermInvestments": "1018028000",
            "totalCurrentLiabilities": "949273000",
            "currentDebt": "None",
            "netIncome": "19739000",
            "capitalExpenditures": "10027000",
            "operatingCashflow": "-74561000",
            "grossProfit": "191259000",
            "totalRevenue": "555272000",
            "sentiment": 0,
            "surprise": "0.1",
            "closePrice": "18.3054276168355"
        },
        {
            "fiscalDateEnding": "2009-06-30",
            "totalCurrentAssets": "2523068000",
            "cashAndShortTermInvestments": "1092660000",
            "totalCurrentLiabilities": "940918000",
            "currentDebt": "None",
            "netIncome": "-103953000",
            "capitalExpenditures": "43337000",
            "operatingCashflow": "71035000",
            "grossProfit": "34438000",
            "totalRevenue": "276600000",
            "sentiment": 0,
            "surprise": "0",
            "closePrice": "13.8117403857349"
        },
        {
            "fiscalDateEnding": "2009-03-31",
            "totalCurrentAssets": "2701064000",
            "cashAndShortTermInvestments": "1151010000",
            "totalCurrentLiabilities": "1017524000",
            "currentDebt": "None",
            "netIncome": "-117191000",
            "capitalExpenditures": "43903000",
            "operatingCashflow": "82241000",
            "grossProfit": "12362000",
            "totalRevenue": "183625000",
            "sentiment": 0,
            "surprise": "0",
            "closePrice": "11.5678492585099"
        },
        {
            "fiscalDateEnding": "2008-12-31",
            "totalCurrentAssets": "2980300712.48",
            "cashAndShortTermInvestments": "1111814326.70",
            "totalCurrentLiabilities": "1010734550.28",
            "currentDebt": "None",
            "netIncome": "-86793796.76",
            "capitalExpenditures": "71889468.91",
            "operatingCashflow": "-136296403.27",
            "grossProfit": "42506494.79",
            "totalRevenue": "503616946.22",
            "sentiment": 0,
            "surprise": "-0.36",
            "closePrice": "9.64051075670775"
        },
        {
            "fiscalDateEnding": "2008-09-30",
            "totalCurrentAssets": "3361550410.77",
            "cashAndShortTermInvestments": "1311502645.76",
            "totalCurrentLiabilities": "1271570744.76",
            "currentDebt": "None",
            "netIncome": "72525925.96",
            "capitalExpenditures": "67950682.32",
            "operatingCashflow": "20023944.34",
            "grossProfit": "265129381.62",
            "totalRevenue": "695702374.17",
            "sentiment": 0,
            "surprise": "0.06",
            "closePrice": "8.64964810335811"
        },
        {
            "fiscalDateEnding": "2008-06-30",
            "totalCurrentAssets": "3343026196",
            "cashAndShortTermInvestments": "1362118847.50",
            "totalCurrentLiabilities": "1248434300.70",
            "currentDebt": "None",
            "netIncome": "192353079.07",
            "capitalExpenditures": "65577136.73",
            "operatingCashflow": "135135874.59",
            "grossProfit": "337770905.70",
            "totalRevenue": "844914654.40",
            "sentiment": 0,
            "surprise": "0.41",
            "closePrice": "13.2484165356691"
        },
        {
            "fiscalDateEnding": "2008-03-31",
            "totalCurrentAssets": "3627436601.32",
            "cashAndShortTermInvestments": "1396432160.48",
            "totalCurrentLiabilities": "1561464902.51",
            "currentDebt": "None",
            "netIncome": "145049265.63",
            "capitalExpenditures": "55003948.92",
            "operatingCashflow": "262548434.36",
            "grossProfit": "373434566.73",
            "totalRevenue": "918739694.30",
            "sentiment": 0,
            "surprise": "-0.01",
            "closePrice": "15.8654596612808"
        },
        {
            "fiscalDateEnding": "2007-12-31",
            "totalCurrentAssets": "3324600504.25",
            "cashAndShortTermInvestments": "1273640013.90",
            "totalCurrentLiabilities": "1306824462.11",
            "currentDebt": "None",
            "netIncome": "206999685.12",
            "capitalExpenditures": "150642820.25",
            "operatingCashflow": "68347328.08",
            "grossProfit": "398267424.52",
            "totalRevenue": "978096152.94",
            "sentiment": 0,
            "surprise": "0.26",
            "closePrice": "14.4879115879861"
        },
        {
            "fiscalDateEnding": "2007-09-30",
            "totalCurrentAssets": "4424841877.89",
            "cashAndShortTermInvestments": "2445909444.09",
            "totalCurrentLiabilities": "2380739936.40",
            "currentDebt": "None",
            "netIncome": "168142806.44",
            "capitalExpenditures": "50042185.05",
            "operatingCashflow": "169411936.29",
            "grossProfit": "387201353.49",
            "totalRevenue": "940599422.49",
            "sentiment": 0,
            "surprise": "0.06",
            "closePrice": "19.7001641553827"
        },
        {
            "fiscalDateEnding": "2007-06-30",
            "totalCurrentAssets": "4155047119.29",
            "cashAndShortTermInvestments": "2299086962.19",
            "totalCurrentLiabilities": "1321348507.83",
            "currentDebt": "None",
            "netIncome": "160530245.11",
            "capitalExpenditures": "42648111.12",
            "operatingCashflow": "260347010.19",
            "grossProfit": "384489891.42",
            "totalRevenue": "935143931.24",
            "sentiment": 0,
            "surprise": "0.08",
            "closePrice": "15.8890416392643"
        },
        {
            "fiscalDateEnding": "2007-03-31",
            "totalCurrentAssets": "3328029641.04",
            "cashAndShortTermInvestments": "1462776067.20",
            "totalCurrentLiabilities": "1220941033.68",
            "currentDebt": "None",
            "netIncome": "153254185.92",
            "capitalExpenditures": "237387090",
            "operatingCashflow": "173245229.28",
            "grossProfit": "392481984.96",
            "totalRevenue": "959957086.80",
            "sentiment": 0,
            "surprise": "0.07",
            "closePrice": "14.8997136959368"
        },
        {
            "fiscalDateEnding": "2006-12-31",
            "totalCurrentAssets": "3426035507.65",
            "cashAndShortTermInvestments": "1655855726",
            "totalCurrentLiabilities": "1181412221.01",
            "currentDebt": "None",
            "netIncome": "205954334.49",
            "capitalExpenditures": "23232587.69",
            "operatingCashflow": "364460588.34",
            "grossProfit": "439607032.59",
            "totalRevenue": "1070114519.98",
            "sentiment": 0,
            "surprise": "0.12",
            "closePrice": "14.290896500043"
        },
        {
            "fiscalDateEnding": "2006-09-30",
            "totalCurrentAssets": "3352992792.68",
            "cashAndShortTermInvestments": "1579269617.96",
            "totalCurrentLiabilities": "1517059388",
            "currentDebt": "None",
            "netIncome": "171412603.76",
            "capitalExpenditures": "16544104.6",
            "operatingCashflow": "1998447.72",
            "grossProfit": "390512976",
            "totalRevenue": "957450983.96",
            "sentiment": 0,
            "surprise": "0.07",
            "closePrice": "12.2470101995424"
        },
        {
            "fiscalDateEnding": "2006-06-30",
            "totalCurrentAssets": "3411107663.60",
            "cashAndShortTermInvestments": "1732697530.20",
            "totalCurrentLiabilities": "1656759504.40",
            "currentDebt": "None",
            "netIncome": "167328152.99",
            "capitalExpenditures": "14051773.83",
            "operatingCashflow": "329974113.22",
            "grossProfit": "381193503.60",
            "totalRevenue": "942423354.60",
            "sentiment": 0,
            "surprise": "0.12",
            "closePrice": "10.8445563018584"
        },
        {
            "fiscalDateEnding": "2006-03-31",
            "totalCurrentAssets": "3265261703.45",
            "cashAndShortTermInvestments": "1670228619.95",
            "totalCurrentLiabilities": "1384364304.97",
            "currentDebt": "None",
            "netIncome": "79993794.61",
            "capitalExpenditures": "16910229.97",
            "operatingCashflow": "-218926303.62",
            "grossProfit": "251495223.39",
            "totalRevenue": "629075075.06",
            "sentiment": 0,
            "surprise": "-0.02",
            "closePrice": "11.8067049060835"
        },
        {
            "fiscalDateEnding": "2005-12-31",
            "totalCurrentAssets": "3203385594.97",
            "cashAndShortTermInvestments": "1903163392.55",
            "totalCurrentLiabilities": "1418905170.50",
            "currentDebt": "None",
            "netIncome": "51664681.57",
            "capitalExpenditures": "22632775.84",
            "operatingCashflow": "209515114.49",
            "grossProfit": "204232521.36",
            "totalRevenue": "548079875.96",
            "sentiment": 0,
            "surprise": "0.04",
            "closePrice": "11.6273212680076"
        },
        {
            "fiscalDateEnding": "2005-09-30",
            "totalCurrentAssets": "2963863120.33",
            "cashAndShortTermInvestments": "1697934152.25",
            "totalCurrentLiabilities": "764640772.65",
            "currentDebt": "None",
            "netIncome": "47916141.72",
            "capitalExpenditures": "9245365.69",
            "operatingCashflow": "173441184.31",
            "grossProfit": "196990367.62",
            "totalRevenue": "532579174.17",
            "sentiment": 0,
            "surprise": "0.02",
            "closePrice": "8.96374603597221"
        },
        {
            "fiscalDateEnding": "2005-06-30",
            "totalCurrentAssets": "2930385599.19",
            "cashAndShortTermInvestments": "1540945034.37",
            "totalCurrentLiabilities": "775210464.63",
            "currentDebt": "None",
            "netIncome": "111423626.12",
            "capitalExpenditures": "17979451.89",
            "operatingCashflow": "224174490.20",
            "grossProfit": "298126866.87",
            "totalRevenue": "761716420.29",
            "sentiment": 0,
            "surprise": "0.05",
            "closePrice": "9.36600025468777"
        },
        {
            "fiscalDateEnding": "2005-03-31",
            "totalCurrentAssets": "2754645386.90",
            "cashAndShortTermInvestments": "1319148385.72",
            "totalCurrentLiabilities": "765376588.79",
            "currentDebt": "None",
            "netIncome": "100223414.17",
            "capitalExpenditures": "22747156.41",
            "operatingCashflow": "103822135.12",
            "grossProfit": "274009621.71",
            "totalRevenue": "684418867.44",
            "sentiment": 0,
            "surprise": "0.03",
            "closePrice": "8.30600602969408"
        },
        {
            "fiscalDateEnding": "2004-12-31",
            "totalCurrentAssets": "2680030537.04",
            "cashAndShortTermInvestments": "1227222890",
            "totalCurrentLiabilities": "812540504.08",
            "currentDebt": "None",
            "netIncome": "108483688.50",
            "capitalExpenditures": "13527214.1",
            "operatingCashflow": "-47333119.34",
            "grossProfit": "307265156.08",
            "totalRevenue": "783615262.02",
            "sentiment": 0,
            "surprise": "0.02",
            "closePrice": "8.04508437431102"
        },
        {
            "fiscalDateEnding": "2004-09-30",
            "totalCurrentAssets": "2563649442.90",
            "cashAndShortTermInvestments": "1315543586.76",
            "totalCurrentLiabilities": "922929239.70",
            "currentDebt": "None",
            "netIncome": "40978987.50",
            "capitalExpenditures": "28876957.02",
            "operatingCashflow": "96173719.50",
            "grossProfit": "232254421.62",
            "totalRevenue": "610372620",
            "sentiment": 0,
            "surprise": "-0.15",
            "closePrice": "7.11011510918839"
        },
        {
            "fiscalDateEnding": "2004-06-30",
            "totalCurrentAssets": "2419966819.20",
            "cashAndShortTermInvestments": "1234344545.28",
            "totalCurrentLiabilities": "832126122.24",
            "currentDebt": "None",
            "netIncome": "65296429.32",
            "capitalExpenditures": "20525061.96",
            "operatingCashflow": "93506558.82",
            "grossProfit": "219317038.08",
            "totalRevenue": "615626054.40",
            "sentiment": 0,
            "surprise": "0.02",
            "closePrice": "8.07226371341343"
        },
        {
            "fiscalDateEnding": "2004-03-31",
            "totalCurrentAssets": "2303530851.34",
            "cashAndShortTermInvestments": "1150579184.58",
            "totalCurrentLiabilities": "775416946.02",
            "currentDebt": "None",
            "netIncome": "20526881.40",
            "capitalExpenditures": "11994711.48",
            "operatingCashflow": "108734031.90",
            "grossProfit": "145786310.90",
            "totalRevenue": "452916831.58",
            "sentiment": 0,
            "surprise": "-0.07",
            "closePrice": "9.19748835225287"
        },
        {
            "fiscalDateEnding": "2003-12-31",
            "totalCurrentAssets": "2146074904.89",
            "cashAndShortTermInvestments": "1026012216.74",
            "totalCurrentLiabilities": "685320940.76",
            "currentDebt": "None",
            "netIncome": "15816197.98",
            "capitalExpenditures": "15076080.12",
            "operatingCashflow": "264925732.49",
            "grossProfit": "149530021.94",
            "totalRevenue": "523606913.77",
            "sentiment": 0,
            "surprise": "0",
            "closePrice": "11.5783984576233"
        }
    ]
}