{
    "ATEN": [
        {
            "fiscalDateEnding": "2023-12-31",
            "totalCurrentAssets": "271824000",
            "cashAndShortTermInvestments": "153572000",
            "totalCurrentLiabilities": "111069000",
            "currentDebt": "None",
            "netIncome": "17917000",
            "capitalExpenditures": "3144000",
            "operatingCashflow": "2731000",
            "grossProfit": "57143000",
            "totalRevenue": "67016000",
            "sentiment": 0.04855030119480907,
            "surprise": "-0.01",
            "closePrice": "12.9805922551253"
        },
        {
            "fiscalDateEnding": "2023-09-30",
            "totalCurrentAssets": "264631000",
            "cashAndShortTermInvestments": "169041000",
            "totalCurrentLiabilities": "111331000",
            "currentDebt": "None",
            "netIncome": "6469000",
            "capitalExpenditures": "2687000",
            "operatingCashflow": "23061000",
            "grossProfit": "46766000",
            "totalRevenue": "59541000",
            "sentiment": 0.17571262560537118,
            "surprise": "0.02",
            "closePrice": "11.0832324184955"
        },
        {
            "fiscalDateEnding": "2023-06-30",
            "totalCurrentAssets": "256465000",
            "cashAndShortTermInvestments": "153911000",
            "totalCurrentLiabilities": "107078000",
            "currentDebt": "None",
            "netIncome": "11626000",
            "capitalExpenditures": "2390000",
            "operatingCashflow": "19568000",
            "grossProfit": "52354000",
            "totalRevenue": "66479000",
            "sentiment": 0.3473645235227087,
            "surprise": "0.02",
            "closePrice": "14.3450139766448"
        },
        {
            "fiscalDateEnding": "2023-03-31",
            "totalCurrentAssets": "244993000",
            "cashAndShortTermInvestments": "144541000",
            "totalCurrentLiabilities": "103045000",
            "currentDebt": "None",
            "netIncome": "3958000",
            "capitalExpenditures": "2675000",
            "operatingCashflow": "-846000",
            "grossProfit": "47475000",
            "totalRevenue": "58664000",
            "sentiment": 0.1476475233449155,
            "surprise": "-0.01",
            "closePrice": "13.7332860005746"
        },
        {
            "fiscalDateEnding": "2022-12-31",
            "totalCurrentAssets": "256991000",
            "cashAndShortTermInvestments": "150989000",
            "totalCurrentLiabilities": "118248000",
            "currentDebt": "None",
            "netIncome": "18030000",
            "capitalExpenditures": "2538000",
            "operatingCashflow": "27327000",
            "grossProfit": "61891000",
            "totalRevenue": "77634000",
            "sentiment": 0.35315640496378414,
            "surprise": "0.02",
            "closePrice": "15.4005827286212"
        },
        {
            "fiscalDateEnding": "2022-09-30",
            "totalCurrentAssets": "237585000",
            "cashAndShortTermInvestments": "127773000",
            "totalCurrentLiabilities": "122279000",
            "currentDebt": "None",
            "netIncome": "12113000",
            "capitalExpenditures": "3240000",
            "operatingCashflow": "14033000",
            "grossProfit": "57294000",
            "totalRevenue": "72491000",
            "sentiment": 0.25882550693137035,
            "surprise": "-0.01",
            "closePrice": "16.5800713834897"
        },
        {
            "fiscalDateEnding": "2022-06-30",
            "totalCurrentAssets": "271665000",
            "cashAndShortTermInvestments": "166793000",
            "totalCurrentLiabilities": "122459000",
            "currentDebt": "None",
            "netIncome": "10416000",
            "capitalExpenditures": "1884000",
            "operatingCashflow": "8832000",
            "grossProfit": "54488000",
            "totalRevenue": "68157000",
            "sentiment": -0.0003411916652376368,
            "surprise": "0.01",
            "closePrice": "14.855665395614"
        },
        {
            "fiscalDateEnding": "2022-03-31",
            "totalCurrentAssets": "252233000",
            "cashAndShortTermInvestments": "164703000",
            "totalCurrentLiabilities": "109332000",
            "currentDebt": "None",
            "netIncome": "6349000",
            "capitalExpenditures": "3137000",
            "operatingCashflow": "15908000",
            "grossProfit": "49833000",
            "totalRevenue": "62159000",
            "sentiment": 0.40986825019379525,
            "surprise": "0.02",
            "closePrice": "14.2260190932867"
        },
        {
            "fiscalDateEnding": "2021-12-31",
            "totalCurrentAssets": "284019000",
            "cashAndShortTermInvestments": "185042000",
            "totalCurrentLiabilities": "116085000",
            "currentDebt": "None",
            "netIncome": "10728000",
            "capitalExpenditures": "1784000",
            "operatingCashflow": "8894000",
            "grossProfit": "56489000",
            "totalRevenue": "70671000",
            "sentiment": 0,
            "surprise": "0.03",
            "closePrice": "14.3752376647091"
        },
        {
            "fiscalDateEnding": "2021-09-30",
            "totalCurrentAssets": "267320000",
            "cashAndShortTermInvestments": "187457000",
            "totalCurrentLiabilities": "103224000",
            "currentDebt": "None",
            "netIncome": "74886000",
            "capitalExpenditures": "944000",
            "operatingCashflow": "21767000",
            "grossProfit": "52166000",
            "totalRevenue": "65360000",
            "sentiment": 0,
            "surprise": "0.03",
            "closePrice": "13.3300999613387"
        },
        {
            "fiscalDateEnding": "2021-06-30",
            "totalCurrentAssets": "250635000",
            "cashAndShortTermInvestments": "67949000",
            "totalCurrentLiabilities": "103342000",
            "currentDebt": "None",
            "netIncome": "6616000",
            "capitalExpenditures": "1674000",
            "operatingCashflow": "17163000",
            "grossProfit": "45538000",
            "totalRevenue": "59168000",
            "sentiment": 0,
            "surprise": "0.02",
            "closePrice": "10.7314523154459"
        },
        {
            "fiscalDateEnding": "2021-03-31",
            "totalCurrentAssets": "244975000",
            "cashAndShortTermInvestments": "75696000",
            "totalCurrentLiabilities": "99018000",
            "currentDebt": "None",
            "netIncome": "2657000",
            "capitalExpenditures": "769000",
            "operatingCashflow": "2273000",
            "grossProfit": "42344000",
            "totalRevenue": "54843000",
            "sentiment": 0,
            "surprise": "0.01",
            "closePrice": "8.86427585876745"
        },
        {
            "fiscalDateEnding": "2020-12-31",
            "totalCurrentAssets": "242303000",
            "cashAndShortTermInvestments": "83281000",
            "totalCurrentLiabilities": "107780000",
            "currentDebt": "None",
            "netIncome": "7841000",
            "capitalExpenditures": "1015000",
            "operatingCashflow": "16765000",
            "grossProfit": "49194000",
            "totalRevenue": "62655000",
            "sentiment": 0,
            "surprise": "0.03",
            "closePrice": "11.2608064655352"
        },
        {
            "fiscalDateEnding": "2020-09-30",
            "totalCurrentAssets": "235322000",
            "cashAndShortTermInvestments": "83069000",
            "totalCurrentLiabilities": "96777000",
            "currentDebt": "None",
            "netIncome": "6464000",
            "capitalExpenditures": "1000000",
            "operatingCashflow": "15868000",
            "grossProfit": "43485000",
            "totalRevenue": "56608000",
            "sentiment": 0,
            "surprise": "0.03",
            "closePrice": "6.42924676835685"
        },
        {
            "fiscalDateEnding": "2020-06-30",
            "totalCurrentAssets": "222786000",
            "cashAndShortTermInvestments": "65846000",
            "totalCurrentLiabilities": "96258000",
            "currentDebt": "None",
            "netIncome": "3808000",
            "capitalExpenditures": "681000",
            "operatingCashflow": "10470000",
            "grossProfit": "41078000",
            "totalRevenue": "52499000",
            "sentiment": 0,
            "surprise": "0.01",
            "closePrice": "6.91047781389254"
        },
        {
            "fiscalDateEnding": "2020-03-31",
            "totalCurrentAssets": "219050000",
            "cashAndShortTermInvestments": "65633000",
            "totalCurrentLiabilities": "90898000",
            "currentDebt": "None",
            "netIncome": "-297000",
            "capitalExpenditures": "868000",
            "operatingCashflow": "12183000",
            "grossProfit": "41622000",
            "totalRevenue": "53764000",
            "sentiment": 0,
            "surprise": "0.03",
            "closePrice": "6.75648387932112"
        },
        {
            "fiscalDateEnding": "2019-12-31",
            "totalCurrentAssets": "220939000",
            "cashAndShortTermInvestments": "45742000",
            "totalCurrentLiabilities": "97581000",
            "currentDebt": "None",
            "netIncome": "51000",
            "capitalExpenditures": "401000",
            "operatingCashflow": "5479000",
            "grossProfit": "46876000",
            "totalRevenue": "60316000",
            "sentiment": 0,
            "surprise": "0.03",
            "closePrice": "6.99709940208896"
        },
        {
            "fiscalDateEnding": "2019-09-30",
            "totalCurrentAssets": "203579000",
            "cashAndShortTermInvestments": "36067000",
            "totalCurrentLiabilities": "85826000",
            "currentDebt": "2392000",
            "netIncome": "173000",
            "capitalExpenditures": "1636000",
            "operatingCashflow": "4680000",
            "grossProfit": "40913000",
            "totalRevenue": "52803000",
            "sentiment": 0,
            "surprise": "-0.02",
            "closePrice": "6.21750510832114"
        },
        {
            "fiscalDateEnding": "2019-06-30",
            "totalCurrentAssets": "201815000",
            "cashAndShortTermInvestments": "36818000",
            "totalCurrentLiabilities": "88529000",
            "currentDebt": "3081000",
            "netIncome": "-5771000",
            "capitalExpenditures": "1367000",
            "operatingCashflow": "-4527000",
            "grossProfit": "37918000",
            "totalRevenue": "49152000",
            "sentiment": 0,
            "surprise": "-0.0362",
            "closePrice": "6.97785016026754"
        },
        {
            "fiscalDateEnding": "2019-03-31",
            "totalCurrentAssets": "205618000",
            "cashAndShortTermInvestments": "33967000",
            "totalCurrentLiabilities": "96100000",
            "currentDebt": "None",
            "netIncome": "-12272000",
            "capitalExpenditures": "936000",
            "operatingCashflow": "-6058000",
            "grossProfit": "38040000",
            "totalRevenue": "50135000",
            "sentiment": 0,
            "surprise": "-0.03",
            "closePrice": "7.01634864391039"
        },
        {
            "fiscalDateEnding": "2018-12-31",
            "totalCurrentAssets": "214939000",
            "cashAndShortTermInvestments": "40621000",
            "totalCurrentLiabilities": "97367000",
            "currentDebt": "None",
            "netIncome": "-1608000",
            "capitalExpenditures": "545000",
            "operatingCashflow": "2824000",
            "grossProfit": "48014000",
            "totalRevenue": "61825000",
            "sentiment": 0,
            "surprise": "0.04",
            "closePrice": "6.79498236296397"
        },
        {
            "fiscalDateEnding": "2018-09-30",
            "totalCurrentAssets": "203005000",
            "cashAndShortTermInvestments": "36162000",
            "totalCurrentLiabilities": "90885000",
            "currentDebt": "None",
            "netIncome": "-1807000",
            "capitalExpenditures": "963000",
            "operatingCashflow": "-2948000",
            "grossProfit": "47488000",
            "totalRevenue": "60468000",
            "sentiment": 0,
            "surprise": "0.04",
            "closePrice": "5.48603391910689"
        },
        {
            "fiscalDateEnding": "2018-06-30",
            "totalCurrentAssets": "205699000",
            "cashAndShortTermInvestments": "40567000",
            "totalCurrentLiabilities": "96295000",
            "currentDebt": "None",
            "netIncome": "-4532000",
            "capitalExpenditures": "156000",
            "operatingCashflow": "-2218000",
            "grossProfit": "47526000",
            "totalRevenue": "60681000",
            "sentiment": 0,
            "surprise": "-0.08",
            "closePrice": "6.66986229112469"
        },
        {
            "fiscalDateEnding": "2018-03-31",
            "totalCurrentAssets": "208998000",
            "cashAndShortTermInvestments": "46964000",
            "totalCurrentLiabilities": "98858000",
            "currentDebt": "None",
            "netIncome": "-19670000",
            "capitalExpenditures": "1133000",
            "operatingCashflow": "-352000",
            "grossProfit": "37299000",
            "totalRevenue": "49150000",
            "sentiment": 0,
            "surprise": "0",
            "closePrice": "5.93839110191044"
        },
        {
            "fiscalDateEnding": "2017-12-31",
            "totalCurrentAssets": "203802000",
            "cashAndShortTermInvestments": "131134000",
            "totalCurrentLiabilities": "92726000",
            "currentDebt": "None",
            "netIncome": "786000",
            "capitalExpenditures": "1511000",
            "operatingCashflow": "4294000",
            "grossProfit": "43609000",
            "totalRevenue": "60163000",
            "sentiment": 0,
            "surprise": "0.04",
            "closePrice": "6.28487745469614"
        },
        {
            "fiscalDateEnding": "2017-09-30",
            "totalCurrentAssets": "196737000",
            "cashAndShortTermInvestments": "123892000",
            "totalCurrentLiabilities": "95407000",
            "currentDebt": "None",
            "netIncome": "-2245000",
            "capitalExpenditures": "2710000",
            "operatingCashflow": "-3751000",
            "grossProfit": "48138000",
            "totalRevenue": "61399000",
            "sentiment": 0,
            "surprise": "0.05",
            "closePrice": "7.08372099028539"
        },
        {
            "fiscalDateEnding": "2017-06-30",
            "totalCurrentAssets": "196249000",
            "cashAndShortTermInvestments": "132158000",
            "totalCurrentLiabilities": "95554000",
            "currentDebt": "None",
            "netIncome": "-7955000",
            "capitalExpenditures": "835000",
            "operatingCashflow": "13226000",
            "grossProfit": "41173000",
            "totalRevenue": "53625000",
            "sentiment": 0,
            "surprise": "0.01",
            "closePrice": "6.07313579466043"
        },
        {
            "fiscalDateEnding": "2017-03-31",
            "totalCurrentAssets": "200736000",
            "cashAndShortTermInvestments": "116175000",
            "totalCurrentLiabilities": "97189000",
            "currentDebt": "None",
            "netIncome": "-1337000",
            "capitalExpenditures": "678000",
            "operatingCashflow": "545000",
            "grossProfit": "49191000",
            "totalRevenue": "60242000",
            "sentiment": 0,
            "surprise": "0.0136",
            "closePrice": "9.19151296973172"
        },
        {
            "fiscalDateEnding": "2016-12-31",
            "totalCurrentAssets": "196704000",
            "cashAndShortTermInvestments": "114347000",
            "totalCurrentLiabilities": "101419000",
            "currentDebt": "None",
            "netIncome": "-3237000",
            "capitalExpenditures": "616000",
            "operatingCashflow": "-3061000",
            "grossProfit": "47266000",
            "totalRevenue": "61692000",
            "sentiment": 0,
            "surprise": "0.01",
            "closePrice": "8.2771739832139"
        },
        {
            "fiscalDateEnding": "2016-09-30",
            "totalCurrentAssets": "184857000",
            "cashAndShortTermInvestments": "116765000",
            "totalCurrentLiabilities": "92330000",
            "currentDebt": "None",
            "netIncome": "-4684000",
            "capitalExpenditures": "-1212000",
            "operatingCashflow": "2583000",
            "grossProfit": "42120000",
            "totalRevenue": "54923000",
            "sentiment": 0,
            "surprise": "0.0085",
            "closePrice": "8.65253419873175"
        },
        {
            "fiscalDateEnding": "2016-06-30",
            "totalCurrentAssets": "172809000",
            "cashAndShortTermInvestments": "113701000",
            "totalCurrentLiabilities": "87996000",
            "currentDebt": "None",
            "netIncome": "-4935000",
            "capitalExpenditures": "5580000",
            "operatingCashflow": "8818000",
            "grossProfit": "42921000",
            "totalRevenue": "57004000",
            "sentiment": 0,
            "surprise": "0.03",
            "closePrice": "7.27621340849966"
        },
        {
            "fiscalDateEnding": "2016-03-31",
            "totalCurrentAssets": "173011000",
            "cashAndShortTermInvestments": "107474000",
            "totalCurrentLiabilities": "84722000",
            "currentDebt": "None",
            "netIncome": "-9535000",
            "capitalExpenditures": "1388000",
            "operatingCashflow": "10438000",
            "grossProfit": "40577000",
            "totalRevenue": "53804000",
            "sentiment": 0,
            "surprise": "0.02",
            "closePrice": "6.41962214744613"
        },
        {
            "fiscalDateEnding": "2015-12-31",
            "totalCurrentAssets": "176591000",
            "cashAndShortTermInvestments": "98117000",
            "totalCurrentLiabilities": "87041000",
            "currentDebt": "None",
            "netIncome": "-9219000",
            "capitalExpenditures": "919000",
            "operatingCashflow": "-4242000",
            "grossProfit": "40654000",
            "totalRevenue": "53954000",
            "sentiment": 0,
            "surprise": "0.01",
            "closePrice": "4.73531348807121"
        },
        {
            "fiscalDateEnding": "2015-09-30",
            "totalCurrentAssets": "164500000",
            "cashAndShortTermInvestments": "100524000",
            "totalCurrentLiabilities": "73494000",
            "currentDebt": "None",
            "netIncome": "-8967000",
            "capitalExpenditures": "747000",
            "operatingCashflow": "4156000",
            "grossProfit": "38063000",
            "totalRevenue": "50778000",
            "sentiment": 0,
            "surprise": "0.02",
            "closePrice": "5.64002785367831"
        },
        {
            "fiscalDateEnding": "2015-06-30",
            "totalCurrentAssets": "165046000",
            "cashAndShortTermInvestments": "96197000",
            "totalCurrentLiabilities": "72257000",
            "currentDebt": "None",
            "netIncome": "-9977000",
            "capitalExpenditures": "910000",
            "operatingCashflow": "8975000",
            "grossProfit": "35935000",
            "totalRevenue": "47536000",
            "sentiment": 0,
            "surprise": "0.06",
            "closePrice": "5.22616915451762"
        },
        {
            "fiscalDateEnding": "2015-03-31",
            "totalCurrentAssets": "162300000",
            "cashAndShortTermInvestments": "85570000",
            "totalCurrentLiabilities": "67994000",
            "currentDebt": "None",
            "netIncome": "-13734000",
            "capitalExpenditures": "901000",
            "operatingCashflow": "-5498000",
            "grossProfit": "33231000",
            "totalRevenue": "44017000",
            "sentiment": 0,
            "surprise": "0.05",
            "closePrice": "4.49469796530336"
        },
        {
            "fiscalDateEnding": "2014-12-31",
            "totalCurrentAssets": "171341000",
            "cashAndShortTermInvestments": "91905000",
            "totalCurrentLiabilities": "70685000",
            "currentDebt": "None",
            "netIncome": "-16018000",
            "capitalExpenditures": "720000",
            "operatingCashflow": "-17017000",
            "grossProfit": "34411000",
            "totalRevenue": "45202000",
            "sentiment": 0,
            "surprise": "-0.04",
            "closePrice": "4.70643962533907"
        },
        {
            "fiscalDateEnding": "2014-09-30",
            "totalCurrentAssets": "173884000",
            "cashAndShortTermInvestments": "107099000",
            "totalCurrentLiabilities": "66152000",
            "currentDebt": "None",
            "netIncome": "-12304000",
            "capitalExpenditures": "1589000",
            "operatingCashflow": "-3803000",
            "grossProfit": "31675000",
            "totalRevenue": "43428000",
            "sentiment": 0,
            "surprise": "-0.03",
            "closePrice": "4.06159002432124"
        },
        {
            "fiscalDateEnding": "2014-06-30",
            "totalCurrentAssets": "175467000",
            "cashAndShortTermInvestments": "112101000",
            "totalCurrentLiabilities": "63133000",
            "currentDebt": "None",
            "netIncome": "-1296000",
            "capitalExpenditures": "1769000",
            "operatingCashflow": "-6747000",
            "grossProfit": "34792000",
            "totalRevenue": "45132000",
            "sentiment": 0,
            "surprise": "-0.01",
            "closePrice": "12.444634837553"
        },
        {
            "fiscalDateEnding": "2014-03-31",
            "totalCurrentAssets": "181966000",
            "cashAndShortTermInvestments": "122149000",
            "totalCurrentLiabilities": "68731000",
            "currentDebt": "None",
            "netIncome": "-5102000",
            "capitalExpenditures": "2022000",
            "operatingCashflow": "-2971000",
            "grossProfit": "35692000",
            "totalRevenue": "45745000",
            "sentiment": 0,
            "surprise": "0.05",
            "closePrice": "12.5505056675708"
        }
    ]
}