{
    "AVDX": [
        {
            "fiscalDateEnding": "2023-12-31",
            "totalCurrentAssets": "2098778000",
            "cashAndShortTermInvestments": "496264000",
            "totalCurrentLiabilities": "1672876000",
            "currentDebt": "6700000",
            "netIncome": "-4473000",
            "capitalExpenditures": "5405000",
            "operatingCashflow": "19442000",
            "grossProfit": "-1880000",
            "totalRevenue": "104064000",
            "sentiment": 0.30038004764806187,
            "surprise": "0.04",
            "closePrice": "12.69"
        },
        {
            "fiscalDateEnding": "2023-09-30",
            "totalCurrentAssets": "1731300000",
            "cashAndShortTermInvestments": "541218000",
            "totalCurrentLiabilities": "1312702000",
            "currentDebt": "6730000",
            "netIncome": "-8091000",
            "capitalExpenditures": "4640000",
            "operatingCashflow": "5655000",
            "grossProfit": "15125000",
            "totalRevenue": "98680000",
            "sentiment": 0.22193442010363307,
            "surprise": "0.05",
            "closePrice": "9.25"
        },
        {
            "fiscalDateEnding": "2023-06-30",
            "totalCurrentAssets": "1693193000",
            "cashAndShortTermInvestments": "539358000",
            "totalCurrentLiabilities": "1281105000",
            "currentDebt": "6771000",
            "netIncome": "-18771000",
            "capitalExpenditures": "4072000",
            "operatingCashflow": "8983000",
            "grossProfit": "4263000",
            "totalRevenue": "91154000",
            "sentiment": 0.23852752757285645,
            "surprise": "0.0413",
            "closePrice": "11.1"
        },
        {
            "fiscalDateEnding": "2023-03-31",
            "totalCurrentAssets": "1551167000",
            "cashAndShortTermInvestments": "495276000",
            "totalCurrentLiabilities": "1136749000",
            "currentDebt": "6809000",
            "netIncome": "-15990000",
            "capitalExpenditures": "4187000",
            "operatingCashflow": "-25629000",
            "grossProfit": "6001000",
            "totalRevenue": "86822000",
            "sentiment": 0.23900666207142712,
            "surprise": "-0.03",
            "closePrice": "7.74"
        },
        {
            "fiscalDateEnding": "2022-12-31",
            "totalCurrentAssets": "1807618000",
            "cashAndShortTermInvestments": "572535000",
            "totalCurrentLiabilities": "1391157000",
            "currentDebt": "6902000",
            "netIncome": "22319000",
            "capitalExpenditures": "4764000",
            "operatingCashflow": "24284000",
            "grossProfit": "-1399000",
            "totalRevenue": "86175000",
            "sentiment": 0.25938238264604163,
            "surprise": "0.05",
            "closePrice": "8.99"
        },
        {
            "fiscalDateEnding": "2022-09-30",
            "totalCurrentAssets": "1501599000",
            "cashAndShortTermInvestments": "508357000",
            "totalCurrentLiabilities": "1029113000",
            "currentDebt": "5368000",
            "netIncome": "-25371000",
            "capitalExpenditures": "4470000",
            "operatingCashflow": "875000",
            "grossProfit": "-127000",
            "totalRevenue": "82411000",
            "sentiment": 0.22141591287917514,
            "surprise": "0.05",
            "closePrice": "8.17"
        },
        {
            "fiscalDateEnding": "2022-06-30",
            "totalCurrentAssets": "1598512000",
            "cashAndShortTermInvestments": "511064000",
            "totalCurrentLiabilities": "1112098000",
            "currentDebt": "5397000",
            "netIncome": "-25737000",
            "capitalExpenditures": "6294000",
            "operatingCashflow": "-5425000",
            "grossProfit": "-1141000",
            "totalRevenue": "76561000",
            "sentiment": 0.09417905674877788,
            "surprise": "0.06",
            "closePrice": "7.88"
        },
        {
            "fiscalDateEnding": "2022-03-31",
            "totalCurrentAssets": "1516388000",
            "cashAndShortTermInvestments": "523578000",
            "totalCurrentLiabilities": "1016163000",
            "currentDebt": "5359000",
            "netIncome": "-25147000",
            "capitalExpenditures": "12276000",
            "operatingCashflow": "-25314000",
            "grossProfit": "-249000",
            "totalRevenue": "71203000",
            "sentiment": 0.02512452589366881,
            "surprise": "0.1",
            "closePrice": "7.73"
        },
        {
            "fiscalDateEnding": "2021-12-31",
            "totalCurrentAssets": "1857885000",
            "cashAndShortTermInvestments": "562817000",
            "totalCurrentLiabilities": "1332306000",
            "currentDebt": "5470000",
            "netIncome": "-72097000",
            "capitalExpenditures": "18855000",
            "operatingCashflow": "-27352000",
            "grossProfit": "-38806000",
            "totalRevenue": "69265000",
            "sentiment": 0,
            "surprise": "0.09",
            "closePrice": "8.73"
        },
        {
            "fiscalDateEnding": "2021-09-30",
            "totalCurrentAssets": "1076445000",
            "cashAndShortTermInvestments": "150944000",
            "totalCurrentLiabilities": "960224000",
            "currentDebt": "1815000",
            "netIncome": "-35527000",
            "capitalExpenditures": "5098786",
            "operatingCashflow": "-222000",
            "grossProfit": "-462000",
            "totalRevenue": "65176000",
            "sentiment": 0,
            "surprise": "-0.254",
            "closePrice": "23.71"
        }
    ]
}