{
    "AVGO": [
        {
            "fiscalDateEnding": "2024-02-04",
            "totalCurrentAssets": "27192000000",
            "cashAndShortTermInvestments": "11864000000",
            "totalCurrentLiabilities": "20369000000",
            "currentDebt": "2433000000",
            "netIncome": "1325000000",
            "capitalExpenditures": "122000000",
            "operatingCashflow": "4815000000",
            "grossProfit": "7375000000",
            "totalRevenue": "11961000000",
            "sentiment": 0.22536250983848796,
            "surprise": "0.7",
            "closePrice": "1401.24469073171"
        },
        {
            "fiscalDateEnding": "2023-10-29",
            "totalCurrentAssets": "20847000000",
            "cashAndShortTermInvestments": "14189000000",
            "totalCurrentLiabilities": "7405000000",
            "currentDebt": "1608000000",
            "netIncome": "3524000000",
            "capitalExpenditures": "105000000",
            "operatingCashflow": "4828000000",
            "grossProfit": "6407000000",
            "totalRevenue": "9295000000",
            "sentiment": 0.18903679174306182,
            "surprise": "0.08",
            "closePrice": "914.268982363887"
        },
        {
            "fiscalDateEnding": "2023-07-30",
            "totalCurrentAssets": "18333000000",
            "cashAndShortTermInvestments": "12055000000",
            "totalCurrentLiabilities": "7345000000",
            "currentDebt": "1119000000",
            "netIncome": "3303000000",
            "capitalExpenditures": "122000000",
            "operatingCashflow": "4719000000",
            "grossProfit": "6164000000",
            "totalRevenue": "8876000000",
            "sentiment": 0.20141774914736005,
            "surprise": "0.12",
            "closePrice": "909.854417602537"
        },
        {
            "fiscalDateEnding": "2023-04-30",
            "totalCurrentAssets": "17871000000",
            "cashAndShortTermInvestments": "11553000000",
            "totalCurrentLiabilities": "7511000000",
            "currentDebt": "1117000000",
            "netIncome": "3481000000",
            "capitalExpenditures": "122000000",
            "operatingCashflow": "4502000000",
            "grossProfit": "6115000000",
            "totalRevenue": "8733000000",
            "sentiment": 0.23099901646558546,
            "surprise": "0.24",
            "closePrice": "774.588697036036"
        },
        {
            "fiscalDateEnding": "2023-01-29",
            "totalCurrentAssets": "18836000000",
            "cashAndShortTermInvestments": "12647000000",
            "totalCurrentLiabilities": "7483000000",
            "currentDebt": "1115000000",
            "netIncome": "3774000000",
            "capitalExpenditures": "103000000",
            "operatingCashflow": "4036000000",
            "grossProfit": "6004000000",
            "totalRevenue": "8915000000",
            "sentiment": 0.20124608539032385,
            "surprise": "0.23",
            "closePrice": "582.798457103064"
        },
        {
            "fiscalDateEnding": "2022-10-30",
            "totalCurrentAssets": "18504000000",
            "cashAndShortTermInvestments": "12416000000",
            "totalCurrentLiabilities": "7052000000",
            "currentDebt": "440000000",
            "netIncome": "3359000000",
            "capitalExpenditures": "122000000",
            "operatingCashflow": "4583000000",
            "grossProfit": "5926000000",
            "totalRevenue": "8930000000",
            "sentiment": 0.22771710486189475,
            "surprise": "0.17",
            "closePrice": "512.7264860131"
        },
        {
            "fiscalDateEnding": "2022-07-31",
            "totalCurrentAssets": "15561000000",
            "cashAndShortTermInvestments": "9977000000",
            "totalCurrentLiabilities": "6702000000",
            "currentDebt": "304000000",
            "netIncome": "3074000000",
            "capitalExpenditures": "116000000",
            "operatingCashflow": "4424000000",
            "grossProfit": "5681000000",
            "totalRevenue": "8464000000",
            "sentiment": 0.06275123178327599,
            "surprise": "0.17",
            "closePrice": "471.00142002248"
        },
        {
            "fiscalDateEnding": "2022-05-01",
            "totalCurrentAssets": "14810000000",
            "cashAndShortTermInvestments": "9005000000",
            "totalCurrentLiabilities": "6910000000",
            "currentDebt": "None",
            "netIncome": "2590000000",
            "capitalExpenditures": "85000000",
            "operatingCashflow": "4243000000",
            "grossProfit": "5439000000",
            "totalRevenue": "8103000000",
            "sentiment": 0.0532291384272528,
            "surprise": "0.36",
            "closePrice": "522.89147179501"
        },
        {
            "fiscalDateEnding": "2022-01-30",
            "totalCurrentAssets": "15341000000",
            "cashAndShortTermInvestments": "10219000000",
            "totalCurrentLiabilities": "6287000000",
            "currentDebt": "331000000",
            "netIncome": "2472000000",
            "capitalExpenditures": "101000000",
            "operatingCashflow": "3486000000",
            "grossProfit": "5049000000",
            "totalRevenue": "7706000000",
            "sentiment": 0,
            "surprise": "0.31",
            "closePrice": "545.70156070327"
        },
        {
            "fiscalDateEnding": "2021-10-31",
            "totalCurrentAssets": "16586000000",
            "cashAndShortTermInvestments": "12163000000",
            "totalCurrentLiabilities": "6281000000",
            "currentDebt": "316000000",
            "netIncome": "1989000000",
            "capitalExpenditures": "88000000",
            "operatingCashflow": "3541000000",
            "grossProfit": "4638000000",
            "totalRevenue": "7407000000",
            "sentiment": 0,
            "surprise": "0.07",
            "closePrice": "546.778524414497"
        },
        {
            "fiscalDateEnding": "2021-08-01",
            "totalCurrentAssets": "15636000000",
            "cashAndShortTermInvestments": "11105000000",
            "totalCurrentLiabilities": "6501000000",
            "currentDebt": "None",
            "netIncome": "1876000000",
            "capitalExpenditures": "115000000",
            "operatingCashflow": "3541000000",
            "grossProfit": "4197000000",
            "totalRevenue": "6778000000",
            "sentiment": 0,
            "surprise": "0.08",
            "closePrice": "457.650850699819"
        },
        {
            "fiscalDateEnding": "2021-05-02",
            "totalCurrentAssets": "14245000000",
            "cashAndShortTermInvestments": "9518000000",
            "totalCurrentLiabilities": "6436000000",
            "currentDebt": "1401000000",
            "netIncome": "1493000000",
            "capitalExpenditures": "126000000",
            "operatingCashflow": "3569000000",
            "grossProfit": "4057000000",
            "totalRevenue": "6610000000",
            "sentiment": 0,
            "surprise": "0.19",
            "closePrice": "429.112769856426"
        },
        {
            "fiscalDateEnding": "2021-01-31",
            "totalCurrentAssets": "14300000000",
            "cashAndShortTermInvestments": "9552000000",
            "totalCurrentLiabilities": "6694000000",
            "currentDebt": "885000000",
            "netIncome": "1378000000",
            "capitalExpenditures": "114000000",
            "operatingCashflow": "3113000000",
            "grossProfit": "3952000000",
            "totalRevenue": "6655000000",
            "sentiment": 0,
            "surprise": "0.05",
            "closePrice": "406.447319654319"
        },
        {
            "fiscalDateEnding": "2020-11-01",
            "totalCurrentAssets": "11895000000",
            "cashAndShortTermInvestments": "7618000000",
            "totalCurrentLiabilities": "6371000000",
            "currentDebt": "847000000",
            "netIncome": "1324000000",
            "capitalExpenditures": "102000000",
            "operatingCashflow": "3348000000",
            "grossProfit": "3747000000",
            "totalRevenue": "6467000000",
            "sentiment": 0,
            "surprise": "0.1",
            "closePrice": "372.619657201106"
        },
        {
            "fiscalDateEnding": "2020-08-02",
            "totalCurrentAssets": "13681000000",
            "cashAndShortTermInvestments": "8857000000",
            "totalCurrentLiabilities": "6702000000",
            "currentDebt": "None",
            "netIncome": "688000000",
            "capitalExpenditures": "105000000",
            "operatingCashflow": "3178000000",
            "grossProfit": "3316000000",
            "totalRevenue": "5821000000",
            "sentiment": 0,
            "surprise": "0.16",
            "closePrice": "317.029322600451"
        },
        {
            "fiscalDateEnding": "2020-05-03",
            "totalCurrentAssets": "14222000000",
            "cashAndShortTermInvestments": "9207000000",
            "totalCurrentLiabilities": "6601000000",
            "currentDebt": "None",
            "netIncome": "563000000",
            "capitalExpenditures": "148000000",
            "operatingCashflow": "3213000000",
            "grossProfit": "3189000000",
            "totalRevenue": "5742000000",
            "sentiment": 0,
            "surprise": "0",
            "closePrice": "275.17731004878"
        },
        {
            "fiscalDateEnding": "2020-02-02",
            "totalCurrentAssets": "12109000000",
            "cashAndShortTermInvestments": "6444000000",
            "totalCurrentLiabilities": "7739000000",
            "currentDebt": "None",
            "netIncome": "385000000",
            "capitalExpenditures": "108000000",
            "operatingCashflow": "2322000000",
            "grossProfit": "3264000000",
            "totalRevenue": "5858000000",
            "sentiment": 0,
            "surprise": "-0.08",
            "closePrice": "191.661485648928"
        },
        {
            "fiscalDateEnding": "2019-11-03",
            "totalCurrentAssets": "9917000000",
            "cashAndShortTermInvestments": "5055000000",
            "totalCurrentLiabilities": "6899000000",
            "currentDebt": "None",
            "netIncome": "847000000",
            "capitalExpenditures": "96000000",
            "operatingCashflow": "2479000000",
            "grossProfit": "3152000000",
            "totalRevenue": "5776000000",
            "sentiment": 0,
            "surprise": "0.04",
            "closePrice": "284.271904102867"
        },
        {
            "fiscalDateEnding": "2019-08-04",
            "totalCurrentAssets": "10898000000",
            "cashAndShortTermInvestments": "5462000000",
            "totalCurrentLiabilities": "8282000000",
            "currentDebt": "None",
            "netIncome": "715000000",
            "capitalExpenditures": "112000000",
            "operatingCashflow": "2419000000",
            "grossProfit": "3034000000",
            "totalRevenue": "5515000000",
            "sentiment": 0,
            "surprise": "0.03",
            "closePrice": "258.258804080516"
        },
        {
            "fiscalDateEnding": "2019-05-05",
            "totalCurrentAssets": "10677000000",
            "cashAndShortTermInvestments": "5328000000",
            "totalCurrentLiabilities": "8503000000",
            "currentDebt": "None",
            "netIncome": "691000000",
            "capitalExpenditures": "125000000",
            "operatingCashflow": "2667000000",
            "grossProfit": "3089000000",
            "totalRevenue": "5517000000",
            "sentiment": 0,
            "surprise": "0.05",
            "closePrice": "239.641960852636"
        },
        {
            "fiscalDateEnding": "2019-02-03",
            "totalCurrentAssets": "10604000000",
            "cashAndShortTermInvestments": "5093000000",
            "totalCurrentLiabilities": "8349000000",
            "currentDebt": "None",
            "netIncome": "471000000",
            "capitalExpenditures": "99000000",
            "operatingCashflow": "2132000000",
            "grossProfit": "3208000000",
            "totalRevenue": "5789000000",
            "sentiment": 0,
            "surprise": "0.32",
            "closePrice": "226.171018234757"
        },
        {
            "fiscalDateEnding": "2018-11-04",
            "totalCurrentAssets": "9107000000",
            "cashAndShortTermInvestments": "4292000000",
            "totalCurrentLiabilities": "2338000000",
            "currentDebt": "None",
            "netIncome": "1115000000",
            "capitalExpenditures": "106000000",
            "operatingCashflow": "2635000000",
            "grossProfit": "2935000000",
            "totalRevenue": "5444000000",
            "sentiment": 0,
            "surprise": "0.27",
            "closePrice": "189.617163493783"
        },
        {
            "fiscalDateEnding": "2018-08-05",
            "totalCurrentAssets": "8695000000",
            "cashAndShortTermInvestments": "4136000000",
            "totalCurrentLiabilities": "2187000000",
            "currentDebt": "None",
            "netIncome": "1196000000",
            "capitalExpenditures": "120000000",
            "operatingCashflow": "2247000000",
            "grossProfit": "2619000000",
            "totalRevenue": "5063000000",
            "sentiment": 0,
            "surprise": "0.15",
            "closePrice": "178.907073407888"
        },
        {
            "fiscalDateEnding": "2018-05-06",
            "totalCurrentAssets": "12474000000",
            "cashAndShortTermInvestments": "8187000000",
            "totalCurrentLiabilities": "2124000000",
            "currentDebt": "None",
            "netIncome": "3718000000",
            "capitalExpenditures": "189000000",
            "operatingCashflow": "2313000000",
            "grossProfit": "2551000000",
            "totalRevenue": "5014000000",
            "sentiment": 0,
            "surprise": "0.12",
            "closePrice": "217.797272934626"
        }
    ]
}