{
    "AVT": [
        {
            "fiscalDateEnding": "2023-12-31",
            "totalCurrentAssets": "11138962000",
            "cashAndShortTermInvestments": "272850000",
            "totalCurrentLiabilities": "4765558000",
            "currentDebt": "696329000",
            "netIncome": "117931000",
            "capitalExpenditures": "81999000",
            "operatingCashflow": "-42281000",
            "grossProfit": "706184000",
            "totalRevenue": "6204914000",
            "sentiment": 0.24961774236920453,
            "surprise": "0",
            "closePrice": "45.0048549810845"
        },
        {
            "fiscalDateEnding": "2023-09-30",
            "totalCurrentAssets": "10911141000",
            "cashAndShortTermInvestments": "278679000",
            "totalCurrentLiabilities": "4290378000",
            "currentDebt": "68601000",
            "netIncome": "209268000",
            "capitalExpenditures": "76089000",
            "operatingCashflow": "-41294000",
            "grossProfit": "748106000",
            "totalRevenue": "6335648000",
            "sentiment": 0.2808362514075501,
            "surprise": "0.09",
            "closePrice": "45.5356153457977"
        },
        {
            "fiscalDateEnding": "2023-06-30",
            "totalCurrentAssets": "10750853000",
            "cashAndShortTermInvestments": "288230000",
            "totalCurrentLiabilities": "4249378000",
            "currentDebt": "70636000",
            "netIncome": "155256000",
            "capitalExpenditures": "56870000",
            "operatingCashflow": "234538000",
            "grossProfit": "818021000",
            "totalRevenue": "6554608000",
            "sentiment": 0.24489063860001456,
            "surprise": "0.41",
            "closePrice": "44.0764241757743"
        },
        {
            "fiscalDateEnding": "2023-03-31",
            "totalCurrentAssets": "10443538000",
            "cashAndShortTermInvestments": "185937000",
            "totalCurrentLiabilities": "3969750000",
            "currentDebt": "76335000",
            "netIncome": "187425000",
            "capitalExpenditures": "26368000",
            "operatingCashflow": "18260000",
            "grossProfit": "811848000",
            "totalRevenue": "6514619000",
            "sentiment": 0.26307733898529795,
            "surprise": "0.21",
            "closePrice": "39.6901678744947"
        },
        {
            "fiscalDateEnding": "2022-12-31",
            "totalCurrentAssets": "10303565000",
            "cashAndShortTermInvestments": "324778000",
            "totalCurrentLiabilities": "4057655000",
            "currentDebt": "209401000",
            "netIncome": "243886000",
            "capitalExpenditures": "83228000",
            "operatingCashflow": "-321352000",
            "grossProfit": "784100000",
            "totalRevenue": "6717521000",
            "sentiment": 0.32294667531432375,
            "surprise": "0.15",
            "closePrice": "45.4066540118457"
        },
        {
            "fiscalDateEnding": "2022-09-30",
            "totalCurrentAssets": "9509905000",
            "cashAndShortTermInvestments": "80881000",
            "totalCurrentLiabilities": "4659191000",
            "currentDebt": "513000000",
            "netIncome": "184261000",
            "capitalExpenditures": "28208000",
            "operatingCashflow": "-645149000",
            "grossProfit": "768173000",
            "totalRevenue": "6750133000",
            "sentiment": 0.22084688346208722,
            "surprise": "0.09",
            "closePrice": "38.9416887475568"
        },
        {
            "fiscalDateEnding": "2022-06-30",
            "totalCurrentAssets": "8876626000",
            "cashAndShortTermInvestments": "153693000",
            "totalCurrentLiabilities": "4251654000",
            "currentDebt": "174422000",
            "netIncome": "246823000",
            "capitalExpenditures": "15221000",
            "operatingCashflow": "-199892000",
            "grossProfit": "779631000",
            "totalRevenue": "6372653000",
            "sentiment": 0.04429835740939457,
            "surprise": "0.09",
            "closePrice": "44.3278269498362"
        },
        {
            "fiscalDateEnding": "2022-03-31",
            "totalCurrentAssets": "8217643000",
            "cashAndShortTermInvestments": "199457000",
            "totalCurrentLiabilities": "4065788000",
            "currentDebt": "424182000",
            "netIncome": "183417000",
            "capitalExpenditures": "11563000",
            "operatingCashflow": "243791000",
            "grossProfit": "813033000",
            "totalRevenue": "6488143000",
            "sentiment": 0.0933127140911363,
            "surprise": "0.63",
            "closePrice": "37.1519442785846"
        },
        {
            "fiscalDateEnding": "2021-12-31",
            "totalCurrentAssets": "7944211000",
            "cashAndShortTermInvestments": "167818000",
            "totalCurrentLiabilities": "3688505000",
            "currentDebt": "350000000",
            "netIncome": "150821000",
            "capitalExpenditures": "10091000",
            "operatingCashflow": "-232241000",
            "grossProfit": "713035000",
            "totalRevenue": "5865217000",
            "sentiment": 0,
            "surprise": "0.24",
            "closePrice": "37.010251743316"
        },
        {
            "fiscalDateEnding": "2021-09-30",
            "totalCurrentAssets": "7465067000",
            "cashAndShortTermInvestments": "299101000",
            "totalCurrentLiabilities": "3113339000",
            "currentDebt": "None",
            "netIncome": "111318000",
            "capitalExpenditures": "12025000",
            "operatingCashflow": "-30968000",
            "grossProfit": "659693000",
            "totalRevenue": "5584695000",
            "sentiment": 0,
            "surprise": "0.14",
            "closePrice": "34.9857998729584"
        },
        {
            "fiscalDateEnding": "2021-06-30",
            "totalCurrentAssets": "7163421000",
            "cashAndShortTermInvestments": "199691000",
            "totalCurrentLiabilities": "3055238000",
            "currentDebt": "23078000",
            "netIncome": "85355000",
            "capitalExpenditures": "11362000",
            "operatingCashflow": "-106577000",
            "grossProfit": "644947000",
            "totalRevenue": "5226734000",
            "sentiment": 0,
            "surprise": "0.27",
            "closePrice": "39.2920132566747"
        },
        {
            "fiscalDateEnding": "2021-03-31",
            "totalCurrentAssets": "6604605000",
            "cashAndShortTermInvestments": "322749000",
            "totalCurrentLiabilities": "2885942000",
            "currentDebt": "300043000",
            "netIncome": "107484000",
            "capitalExpenditures": "8979000",
            "operatingCashflow": "-9868000",
            "grossProfit": "568350000",
            "totalRevenue": "4916714000",
            "sentiment": 0,
            "surprise": "0.18",
            "closePrice": "40.4683890762901"
        },
        {
            "fiscalDateEnding": "2020-12-31",
            "totalCurrentAssets": "6454446000",
            "cashAndShortTermInvestments": "376333000",
            "totalCurrentLiabilities": "2826324000",
            "currentDebt": "311800000",
            "netIncome": "19163000",
            "capitalExpenditures": "10024000",
            "operatingCashflow": "84950000",
            "grossProfit": "511253000",
            "totalRevenue": "4668172000",
            "sentiment": 0,
            "surprise": "0.09",
            "closePrice": "34.7647405903636"
        },
        {
            "fiscalDateEnding": "2020-09-30",
            "totalCurrentAssets": "6602188000",
            "cashAndShortTermInvestments": "483056000",
            "totalCurrentLiabilities": "2766406000",
            "currentDebt": "166992000",
            "netIncome": "-18889000",
            "capitalExpenditures": "19998000",
            "operatingCashflow": "122444000",
            "grossProfit": "516080000",
            "totalRevenue": "4723059000",
            "sentiment": 0,
            "surprise": "0.18",
            "closePrice": "22.8159888317819"
        },
        {
            "fiscalDateEnding": "2020-06-30",
            "totalCurrentAssets": "6328806000",
            "cashAndShortTermInvestments": "477038000",
            "totalCurrentLiabilities": "2280366000",
            "currentDebt": "51000",
            "netIncome": "52161000",
            "capitalExpenditures": "12344000",
            "operatingCashflow": "287572000",
            "grossProfit": "475071000",
            "totalRevenue": "4159701000",
            "sentiment": 0,
            "surprise": "0.6",
            "closePrice": "26.2835556275263"
        },
        {
            "fiscalDateEnding": "2020-03-31",
            "totalCurrentAssets": "6316621000",
            "cashAndShortTermInvestments": "402655000",
            "totalCurrentLiabilities": "2607788000",
            "currentDebt": "455461000",
            "netIncome": "-128661000",
            "capitalExpenditures": "16904000",
            "operatingCashflow": "98404000",
            "grossProfit": "518933000",
            "totalRevenue": "4309818000",
            "sentiment": 0,
            "surprise": "0.06",
            "closePrice": "26.6299850347821"
        },
        {
            "fiscalDateEnding": "2019-12-31",
            "totalCurrentAssets": "6536501000",
            "cashAndShortTermInvestments": "488810000",
            "totalCurrentLiabilities": "2745250000",
            "currentDebt": "544280000",
            "netIncome": "3668000",
            "capitalExpenditures": "14388000",
            "operatingCashflow": "148564000",
            "grossProfit": "525613000",
            "totalRevenue": "4534806000",
            "sentiment": 0,
            "surprise": "-0.01",
            "closePrice": "36.8711486258128"
        },
        {
            "fiscalDateEnding": "2019-09-30",
            "totalCurrentAssets": "6988946000",
            "cashAndShortTermInvestments": "664108000",
            "totalCurrentLiabilities": "3137299000",
            "currentDebt": "693551000",
            "netIncome": "41752000",
            "capitalExpenditures": "29864000",
            "operatingCashflow": "195642000",
            "grossProfit": "543839000",
            "totalRevenue": "4630009000",
            "sentiment": 0,
            "surprise": "-0.05",
            "closePrice": "35.9898760360473"
        },
        {
            "fiscalDateEnding": "2019-06-30",
            "totalCurrentAssets": "6876336000",
            "cashAndShortTermInvestments": "546105000",
            "totalCurrentLiabilities": "2578576000",
            "currentDebt": "300538000",
            "netIncome": "-31836000",
            "capitalExpenditures": "21307000",
            "operatingCashflow": "334625000",
            "grossProfit": "595125000",
            "totalRevenue": "4680909000",
            "sentiment": 0,
            "surprise": "-0.06",
            "closePrice": "38.0639261539212"
        },
        {
            "fiscalDateEnding": "2019-03-31",
            "totalCurrentAssets": "7255410000",
            "cashAndShortTermInvestments": "725252000",
            "totalCurrentLiabilities": "2333264000",
            "currentDebt": "50401000",
            "netIncome": "88048000",
            "capitalExpenditures": "31197000",
            "operatingCashflow": "269221000",
            "grossProfit": "624195000",
            "totalRevenue": "4698824000",
            "sentiment": 0,
            "surprise": "0.01",
            "closePrice": "41.02050999301"
        },
        {
            "fiscalDateEnding": "2018-12-31",
            "totalCurrentAssets": "7390723000",
            "cashAndShortTermInvestments": "482166000",
            "totalCurrentLiabilities": "2472766000",
            "currentDebt": "1845000",
            "netIncome": "36401000",
            "capitalExpenditures": "29179000",
            "operatingCashflow": "15903000",
            "grossProfit": "630033000",
            "totalRevenue": "5048980000",
            "sentiment": 0,
            "surprise": "0.01",
            "closePrice": "36.6026196697031"
        },
        {
            "fiscalDateEnding": "2018-09-30",
            "totalCurrentAssets": "7557990000",
            "cashAndShortTermInvestments": "365852000",
            "totalCurrentLiabilities": "2864832000",
            "currentDebt": "10626000",
            "netIncome": "83724000",
            "capitalExpenditures": "41007000",
            "operatingCashflow": "-84979000",
            "grossProfit": "636750000",
            "totalRevenue": "5089879000",
            "sentiment": 0,
            "surprise": "0.01",
            "closePrice": "33.7809177931285"
        },
        {
            "fiscalDateEnding": "2018-06-30",
            "totalCurrentAssets": "7610599000",
            "cashAndShortTermInvestments": "621125000",
            "totalCurrentLiabilities": "2969461000",
            "currentDebt": "165380000",
            "netIncome": "58615000",
            "capitalExpenditures": "43656000",
            "operatingCashflow": "235613000",
            "grossProfit": "658632000",
            "totalRevenue": "5059220000",
            "sentiment": 0,
            "surprise": "0.01",
            "closePrice": "38.8485663893234"
        },
        {
            "fiscalDateEnding": "2018-03-31",
            "totalCurrentAssets": "7624611000",
            "cashAndShortTermInvestments": "430065000",
            "totalCurrentLiabilities": "2769446000",
            "currentDebt": "101979000",
            "netIncome": "-320066000",
            "capitalExpenditures": "44820000",
            "operatingCashflow": "77090000",
            "grossProfit": "653537000",
            "totalRevenue": "4795093000",
            "sentiment": 0,
            "surprise": "0.06",
            "closePrice": "33.9893554215862"
        },
        {
            "fiscalDateEnding": "2017-12-31",
            "totalCurrentAssets": "7576105000",
            "cashAndShortTermInvestments": "589518000",
            "totalCurrentLiabilities": "2755636000",
            "currentDebt": "243351000",
            "netIncome": "46724000",
            "capitalExpenditures": "40738000",
            "operatingCashflow": "68771000",
            "grossProfit": "602461000",
            "totalRevenue": "4521636000",
            "sentiment": 0,
            "surprise": "0.05",
            "closePrice": "37.107272132743"
        },
        {
            "fiscalDateEnding": "2017-09-30",
            "totalCurrentAssets": "7545687000",
            "cashAndShortTermInvestments": "539679000",
            "totalCurrentLiabilities": "2711703000",
            "currentDebt": "195498000",
            "netIncome": "58303000",
            "capitalExpenditures": "26659000",
            "operatingCashflow": "-127989000",
            "grossProfit": "612555000",
            "totalRevenue": "4660943000",
            "sentiment": 0,
            "surprise": "0.05",
            "closePrice": "35.8510880815449"
        },
        {
            "fiscalDateEnding": "2017-06-30",
            "totalCurrentAssets": "7533808000",
            "cashAndShortTermInvestments": "836384000",
            "totalCurrentLiabilities": "2453771000",
            "currentDebt": "50113000",
            "netIncome": "81446000",
            "capitalExpenditures": "12437000",
            "operatingCashflow": "-184061000",
            "grossProfit": "630616000",
            "totalRevenue": "4606404000",
            "sentiment": 0,
            "surprise": "0.07",
            "closePrice": "32.4230671674678"
        },
        {
            "fiscalDateEnding": "2017-03-31",
            "totalCurrentAssets": "7672992000",
            "cashAndShortTermInvestments": "1129233000",
            "totalCurrentLiabilities": "2644643000",
            "currentDebt": "32574000",
            "netIncome": "271771000",
            "capitalExpenditures": "37536000",
            "operatingCashflow": "-424720000",
            "grossProfit": "629986000",
            "totalRevenue": "4441896000",
            "sentiment": 0,
            "surprise": "0.02",
            "closePrice": "34.7769116863949"
        },
        {
            "fiscalDateEnding": "2016-12-31",
            "totalCurrentAssets": "11077099000",
            "cashAndShortTermInvestments": "1270142000",
            "totalCurrentLiabilities": "4809793000",
            "currentDebt": "246729000",
            "netIncome": "103218000",
            "capitalExpenditures": "35695000",
            "operatingCashflow": "240226000",
            "grossProfit": "586185000",
            "totalRevenue": "4273559000",
            "sentiment": 0,
            "surprise": "0.02",
            "closePrice": "39.2766980516262"
        },
        {
            "fiscalDateEnding": "2016-09-30",
            "totalCurrentAssets": "9699753000",
            "cashAndShortTermInvestments": "1196545000",
            "totalCurrentLiabilities": "3433868000",
            "currentDebt": "98017000",
            "netIncome": "68843000",
            "capitalExpenditures": "34729000",
            "operatingCashflow": "-136000",
            "grossProfit": "522655000",
            "totalRevenue": "4118104000",
            "sentiment": 0,
            "surprise": "0.01",
            "closePrice": "35.5909623960645"
        },
        {
            "fiscalDateEnding": "2016-06-30",
            "totalCurrentAssets": "9003973000",
            "cashAndShortTermInvestments": "1031478000",
            "totalCurrentLiabilities": "4942493000",
            "currentDebt": "1152599000",
            "netIncome": "96806000",
            "capitalExpenditures": "30599000",
            "operatingCashflow": "-72812000",
            "grossProfit": "495777000",
            "totalRevenue": "3968969000",
            "sentiment": 0,
            "surprise": "-0.02",
            "closePrice": "34.4795248688306"
        },
        {
            "fiscalDateEnding": "2016-03-31",
            "totalCurrentAssets": "8938101000",
            "cashAndShortTermInvestments": "1036485000",
            "totalCurrentLiabilities": "4564420000",
            "currentDebt": "706742000",
            "netIncome": "123459000",
            "capitalExpenditures": "32384000",
            "operatingCashflow": "212885000",
            "grossProfit": "520942000",
            "totalRevenue": "4081961000",
            "sentiment": 0,
            "surprise": "0.03",
            "closePrice": "35.0997015303136"
        },
        {
            "fiscalDateEnding": "2015-12-31",
            "totalCurrentAssets": "9142387000",
            "cashAndShortTermInvestments": "916088000",
            "totalCurrentLiabilities": "5363298000",
            "currentDebt": "1136218000",
            "netIncome": "156012000",
            "capitalExpenditures": "43187000",
            "operatingCashflow": "117983000",
            "grossProfit": "505058000",
            "totalRevenue": "4161082000",
            "sentiment": 0,
            "surprise": "-0.03",
            "closePrice": "32.3867196943414"
        },
        {
            "fiscalDateEnding": "2015-09-30",
            "totalCurrentAssets": "8714523000",
            "cashAndShortTermInvestments": "824695000",
            "totalCurrentLiabilities": "4960255000",
            "currentDebt": "1036413000",
            "netIncome": "130254000",
            "capitalExpenditures": "31205000",
            "operatingCashflow": "-33741000",
            "grossProfit": "563256000",
            "totalRevenue": "4600802000",
            "sentiment": 0,
            "surprise": "0.09",
            "closePrice": "37.2449564407611"
        },
        {
            "fiscalDateEnding": "2015-06-30",
            "totalCurrentAssets": "8584901000",
            "cashAndShortTermInvestments": "932553000",
            "totalCurrentLiabilities": "4272296000",
            "currentDebt": "331115000",
            "netIncome": "158733000",
            "capitalExpenditures": "40952000",
            "operatingCashflow": "147828000",
            "grossProfit": "-197188000",
            "totalRevenue": "6772602000",
            "sentiment": 0,
            "surprise": "0.08",
            "closePrice": "36.2972218891587"
        },
        {
            "fiscalDateEnding": "2015-03-31",
            "totalCurrentAssets": "8483957000",
            "cashAndShortTermInvestments": "803468000",
            "totalCurrentLiabilities": "4240972000",
            "currentDebt": "350277000",
            "netIncome": "121529000",
            "capitalExpenditures": "49780000",
            "operatingCashflow": "121529000",
            "grossProfit": "774354000",
            "totalRevenue": "6736860000",
            "sentiment": 0,
            "surprise": "-0.03",
            "closePrice": "36.0832639577248"
        },
        {
            "fiscalDateEnding": "2014-12-31",
            "totalCurrentAssets": "9289660000",
            "cashAndShortTermInvestments": "903331000",
            "totalCurrentLiabilities": "4932055000",
            "currentDebt": "409184000",
            "netIncome": "163706000",
            "capitalExpenditures": "47062000",
            "operatingCashflow": "265079000",
            "grossProfit": "837506000",
            "totalRevenue": "7551880000",
            "sentiment": 0,
            "surprise": "0.06",
            "closePrice": "35.5220734977041"
        },
        {
            "fiscalDateEnding": "2014-09-30",
            "totalCurrentAssets": "8762058000",
            "cashAndShortTermInvestments": "814371000",
            "totalCurrentLiabilities": "4403206000",
            "currentDebt": "463251000",
            "netIncome": "127946000",
            "capitalExpenditures": "36580000",
            "operatingCashflow": "-40655000",
            "grossProfit": "795463000",
            "totalRevenue": "6839587000",
            "sentiment": 0,
            "surprise": "0.05",
            "closePrice": "33.6976372843929"
        },
        {
            "fiscalDateEnding": "2014-06-30",
            "totalCurrentAssets": "8954199000",
            "cashAndShortTermInvestments": "928971000",
            "totalCurrentLiabilities": "4978826000",
            "currentDebt": "865088000",
            "netIncome": "186265000",
            "capitalExpenditures": "42010000",
            "operatingCashflow": "33513000",
            "grossProfit": "837016000",
            "totalRevenue": "7048709000",
            "sentiment": 0,
            "surprise": "0.04",
            "closePrice": "34.7022672329648"
        },
        {
            "fiscalDateEnding": "2014-03-31",
            "totalCurrentAssets": "8653445000",
            "cashAndShortTermInvestments": "960149000",
            "totalCurrentLiabilities": "4764554000",
            "currentDebt": "848388000",
            "netIncome": "113851000",
            "capitalExpenditures": "34208000",
            "operatingCashflow": "358104000",
            "grossProfit": "804912000",
            "totalRevenue": "6683616000",
            "sentiment": 0,
            "surprise": "-0.05",
            "closePrice": "35.4288808460353"
        },
        {
            "fiscalDateEnding": "2013-12-31",
            "totalCurrentAssets": "9235738000",
            "cashAndShortTermInvestments": "779331000",
            "totalCurrentLiabilities": "5450473000",
            "currentDebt": "968757000",
            "netIncome": "124864000",
            "capitalExpenditures": "19640000",
            "operatingCashflow": "-28008000",
            "grossProfit": "848633000",
            "totalRevenue": "7421854000",
            "sentiment": 0,
            "surprise": "0.07",
            "closePrice": "34.764277139224"
        },
        {
            "fiscalDateEnding": "2013-09-30",
            "totalCurrentAssets": "8418840000",
            "cashAndShortTermInvestments": "865613000",
            "totalCurrentLiabilities": "4719602000",
            "currentDebt": "876946000",
            "netIncome": "120624000",
            "capitalExpenditures": "27384000",
            "operatingCashflow": "-126191000",
            "grossProfit": "735170000",
            "totalRevenue": "6345475000",
            "sentiment": 0,
            "surprise": "0.02",
            "closePrice": "31.3159842610472"
        },
        {
            "fiscalDateEnding": "2013-06-30",
            "totalCurrentAssets": "8356878000",
            "cashAndShortTermInvestments": "1009343000",
            "totalCurrentLiabilities": "4821444000",
            "currentDebt": "838190000",
            "netIncome": "126100000",
            "capitalExpenditures": "21964000",
            "operatingCashflow": "266783000",
            "grossProfit": "770900000",
            "totalRevenue": "6590665000",
            "sentiment": 0,
            "surprise": "0.02",
            "closePrice": "30.787601356961"
        },
        {
            "fiscalDateEnding": "2013-03-31",
            "totalCurrentAssets": "8104344000",
            "cashAndShortTermInvestments": "820924000",
            "totalCurrentLiabilities": "4440590000",
            "currentDebt": "578554000",
            "netIncome": "86196000",
            "capitalExpenditures": "20117000",
            "operatingCashflow": "22006000",
            "grossProfit": "756023000",
            "totalRevenue": "6298699000",
            "sentiment": 0,
            "surprise": "0.03",
            "closePrice": "26.5892920810118"
        },
        {
            "fiscalDateEnding": "2012-12-31",
            "totalCurrentAssets": "8449779000",
            "cashAndShortTermInvestments": "815279000",
            "totalCurrentLiabilities": "4769995000",
            "currentDebt": "490270000",
            "netIncome": "137481000",
            "capitalExpenditures": "30913000",
            "operatingCashflow": "326431000",
            "grossProfit": "768463000",
            "totalRevenue": "6699465000",
            "sentiment": 0,
            "surprise": "0.18",
            "closePrice": "27.6670189832669"
        },
        {
            "fiscalDateEnding": "2012-09-30",
            "totalCurrentAssets": "8118800000",
            "cashAndShortTermInvestments": "1043033000",
            "totalCurrentLiabilities": "4545402000",
            "currentDebt": "949921000",
            "netIncome": "100305000",
            "capitalExpenditures": "24385000",
            "operatingCashflow": "80977000",
            "grossProfit": "684377000",
            "totalRevenue": "5870057000",
            "sentiment": 0,
            "surprise": "0.01",
            "closePrice": "22.9459317323432"
        },
        {
            "fiscalDateEnding": "2012-06-30",
            "totalCurrentAssets": "8254439000",
            "cashAndShortTermInvestments": "1006864000",
            "totalCurrentLiabilities": "4798652000",
            "currentDebt": "873418000",
            "netIncome": "133400000",
            "capitalExpenditures": "33264000",
            "operatingCashflow": "259282000",
            "grossProfit": "759000000",
            "totalRevenue": "6307364000",
            "sentiment": 0,
            "surprise": "-0.09",
            "closePrice": "24.8440179184045"
        },
        {
            "fiscalDateEnding": "2012-03-31",
            "totalCurrentAssets": "8305249000",
            "cashAndShortTermInvestments": "940101000",
            "totalCurrentLiabilities": "4825725000",
            "currentDebt": "935790000",
            "netIncome": "147600000",
            "capitalExpenditures": "24538000",
            "operatingCashflow": "23621000",
            "grossProfit": "753800000",
            "totalRevenue": "6280553000",
            "sentiment": 0,
            "surprise": "0.04",
            "closePrice": "29.3479512412619"
        },
        {
            "fiscalDateEnding": "2011-12-31",
            "totalCurrentAssets": "8455171000",
            "cashAndShortTermInvestments": "968520000",
            "totalCurrentLiabilities": "5022918000",
            "currentDebt": "801602000",
            "netIncome": "147000000",
            "capitalExpenditures": "31184000",
            "operatingCashflow": "449962000",
            "grossProfit": "784100000",
            "totalRevenue": "6693539000",
            "sentiment": 0,
            "surprise": "0.11",
            "closePrice": "27.0235999371444"
        },
        {
            "fiscalDateEnding": "2011-09-30",
            "totalCurrentAssets": "8066856000",
            "cashAndShortTermInvestments": "622430000",
            "totalCurrentLiabilities": "4592949000",
            "currentDebt": "None",
            "netIncome": "139000000",
            "capitalExpenditures": "39666000",
            "operatingCashflow": "-204147000",
            "grossProfit": "753600000",
            "totalRevenue": "6426009000",
            "sentiment": 0,
            "surprise": "-0.01",
            "closePrice": "26.138898748726"
        },
        {
            "fiscalDateEnding": "2011-06-30",
            "totalCurrentAssets": "8227207000",
            "cashAndShortTermInvestments": "675334000",
            "totalCurrentLiabilities": "4477728000",
            "currentDebt": "244207000",
            "netIncome": "238800000",
            "capitalExpenditures": "43486000",
            "operatingCashflow": "281449000",
            "grossProfit": "824900000",
            "totalRevenue": "6912175000",
            "sentiment": 0,
            "surprise": "0.07",
            "closePrice": "20.5250675713073"
        },
        {
            "fiscalDateEnding": "2011-03-31",
            "totalCurrentAssets": "8215739000",
            "cashAndShortTermInvestments": "781749000",
            "totalCurrentLiabilities": "4725017000",
            "currentDebt": "None",
            "netIncome": "151000000",
            "capitalExpenditures": "35016000",
            "operatingCashflow": "188102000",
            "grossProfit": "786600000",
            "totalRevenue": "6672389000",
            "sentiment": 0.14504627689435626,
            "surprise": "0.11",
            "closePrice": "29.1951392178078"
        },
        {
            "fiscalDateEnding": "2011-12-31",
            "totalCurrentAssets": "8367911000",
            "cashAndShortTermInvestments": "968520000",
            "totalCurrentLiabilities": "5093984000",
            "currentDebt": "None",
            "netIncome": "141000000",
            "capitalExpenditures": "38267000",
            "operatingCashflow": "-79142000",
            "grossProfit": "773200000",
            "totalRevenue": "6767501000",
            "sentiment": 0,
            "surprise": "0.11",
            "closePrice": "27.0235999371444"
        },
        {
            "fiscalDateEnding": "2010-09-30",
            "totalCurrentAssets": "7840936000",
            "cashAndShortTermInvestments": "661706000",
            "totalCurrentLiabilities": "4600625000",
            "currentDebt": "None",
            "netIncome": "138200000",
            "capitalExpenditures": "31938000",
            "operatingCashflow": "-112330000",
            "grossProfit": "723100000",
            "totalRevenue": "6182343000",
            "sentiment": 0,
            "surprise": "0.12",
            "closePrice": "24.2971117292004"
        },
        {
            "fiscalDateEnding": "2010-06-30",
            "totalCurrentAssets": "6630168000",
            "cashAndShortTermInvestments": "1092102000",
            "totalCurrentLiabilities": "3439615000",
            "currentDebt": "None",
            "netIncome": "141100000",
            "capitalExpenditures": "23983000",
            "operatingCashflow": "124294000",
            "grossProfit": "645800000",
            "totalRevenue": "5213824000",
            "sentiment": 0,
            "surprise": "0.12",
            "closePrice": "20.2355290005522"
        },
        {
            "fiscalDateEnding": "2010-03-31",
            "totalCurrentAssets": "5994698000",
            "cashAndShortTermInvestments": "754574000",
            "totalCurrentLiabilities": "3110369000",
            "currentDebt": "None",
            "netIncome": "114500000",
            "capitalExpenditures": "18440000",
            "operatingCashflow": "-63404000",
            "grossProfit": "582800000",
            "totalRevenue": "4756799000",
            "sentiment": 0.14504627689435626,
            "surprise": "0.13",
            "closePrice": "26.9351298183026"
        },
        {
            "fiscalDateEnding": "2010-12-31",
            "totalCurrentAssets": "6168202000",
            "cashAndShortTermInvestments": "756931000",
            "totalCurrentLiabilities": "3318636000",
            "currentDebt": "None",
            "netIncome": "103900000",
            "capitalExpenditures": "14151000",
            "operatingCashflow": "-97531000",
            "grossProfit": "551900000",
            "totalRevenue": "4834533000",
            "sentiment": 0,
            "surprise": "0.04",
            "closePrice": "28.3426089816955"
        },
        {
            "fiscalDateEnding": "2009-09-30",
            "totalCurrentAssets": "5581411000",
            "cashAndShortTermInvestments": "987296000",
            "totalCurrentLiabilities": "2789923000",
            "currentDebt": "None",
            "netIncome": "50900000",
            "capitalExpenditures": "10314000",
            "operatingCashflow": "6226000",
            "grossProfit": "499700000",
            "totalRevenue": "4354998000",
            "sentiment": 0,
            "surprise": "0.1",
            "closePrice": "20.3963837620828"
        }
    ]
}