{
    "BASE": [
        {
            "fiscalDateEnding": "2024-01-31",
            "totalCurrentAssets": "224286000",
            "cashAndShortTermInvestments": "153632000",
            "totalCurrentLiabilities": "112506000",
            "currentDebt": "None",
            "netIncome": "-21402000",
            "capitalExpenditures": "1285000",
            "operatingCashflow": "-6450000",
            "grossProfit": "44949000",
            "totalRevenue": "50089000",
            "sentiment": 0.4367133953652484,
            "surprise": "0.08",
            "closePrice": "26.9"
        },
        {
            "fiscalDateEnding": "2023-10-31",
            "totalCurrentAssets": "207444000",
            "cashAndShortTermInvestments": "156626000",
            "totalCurrentLiabilities": "90204000",
            "currentDebt": "None",
            "netIncome": "-16255000",
            "capitalExpenditures": "1066000",
            "operatingCashflow": "-12743000",
            "grossProfit": "40702000",
            "totalRevenue": "45813000",
            "sentiment": 0.3690245552599622,
            "surprise": "0.1",
            "closePrice": "19.93"
        },
        {
            "fiscalDateEnding": "2023-07-31",
            "totalCurrentAssets": "219072000",
            "cashAndShortTermInvestments": "165798000",
            "totalCurrentLiabilities": "101622000",
            "currentDebt": "None",
            "netIncome": "-20651000",
            "capitalExpenditures": "1071000",
            "operatingCashflow": "-519000",
            "grossProfit": "37230000",
            "totalRevenue": "43139000",
            "sentiment": 0.2615285931438356,
            "surprise": "0.05",
            "closePrice": "16.5"
        },
        {
            "fiscalDateEnding": "2023-04-30",
            "totalCurrentAssets": "225508000",
            "cashAndShortTermInvestments": "163643000",
            "totalCurrentLiabilities": "101773000",
            "currentDebt": "None",
            "netIncome": "-21875000",
            "capitalExpenditures": "1288000",
            "operatingCashflow": "-7181000",
            "grossProfit": "35074000",
            "totalRevenue": "40996000",
            "sentiment": 0.3056880873327444,
            "surprise": "0.05",
            "closePrice": "22.23"
        },
        {
            "fiscalDateEnding": "2023-01-31",
            "totalCurrentAssets": "229479000",
            "cashAndShortTermInvestments": "168302000",
            "totalCurrentLiabilities": "94957000",
            "currentDebt": "None",
            "netIncome": "-16614000",
            "capitalExpenditures": "1553000",
            "operatingCashflow": "-10203000",
            "grossProfit": "35671000",
            "totalRevenue": "41623000",
            "sentiment": 0.28091585371628375,
            "surprise": "0.16",
            "closePrice": "16.3"
        },
        {
            "fiscalDateEnding": "2022-10-31",
            "totalCurrentAssets": "219707000",
            "cashAndShortTermInvestments": "177250000",
            "totalCurrentLiabilities": "76964000",
            "currentDebt": "None",
            "netIncome": "-16677000",
            "capitalExpenditures": "1617000",
            "operatingCashflow": "-14720000",
            "grossProfit": "33682000",
            "totalRevenue": "38557000",
            "sentiment": 0.1244998366112219,
            "surprise": "0.11",
            "closePrice": "13.38"
        },
        {
            "fiscalDateEnding": "2022-07-31",
            "totalCurrentAssets": "242303000",
            "cashAndShortTermInvestments": "192105000",
            "totalCurrentLiabilities": "90426000",
            "currentDebt": "None",
            "netIncome": "-15369000",
            "capitalExpenditures": "1677000",
            "operatingCashflow": "-7655000",
            "grossProfit": "35010000",
            "totalRevenue": "39791000",
            "sentiment": 0.14630293937215014,
            "surprise": "0.09",
            "closePrice": "14.85"
        },
        {
            "fiscalDateEnding": "2022-04-30",
            "totalCurrentAssets": "245265000",
            "cashAndShortTermInvestments": "201081000",
            "totalCurrentLiabilities": "84794000",
            "currentDebt": "None",
            "netIncome": "-19834000",
            "capitalExpenditures": "799000",
            "operatingCashflow": "-8607000",
            "grossProfit": "30202000",
            "totalRevenue": "34853000",
            "sentiment": 0.12091027829496657,
            "surprise": "0.07",
            "closePrice": "14.15"
        },
        {
            "fiscalDateEnding": "2022-01-31",
            "totalCurrentAssets": "262992000",
            "cashAndShortTermInvestments": "205954000",
            "totalCurrentLiabilities": "90307000",
            "currentDebt": "None",
            "netIncome": "-13236000",
            "capitalExpenditures": "5000",
            "operatingCashflow": "-2652000",
            "grossProfit": "30936000",
            "totalRevenue": "35064000",
            "sentiment": 0,
            "surprise": "0.03",
            "closePrice": "18.56"
        },
        {
            "fiscalDateEnding": "2021-10-31",
            "totalCurrentAssets": "247566000",
            "cashAndShortTermInvestments": "207635000",
            "totalCurrentLiabilities": "64200000",
            "currentDebt": "None",
            "netIncome": "-15924000",
            "capitalExpenditures": "564000",
            "operatingCashflow": "-19747000",
            "grossProfit": "27088000",
            "totalRevenue": "30824000",
            "sentiment": 0,
            "surprise": "0.06",
            "closePrice": "29.56"
        },
        {
            "fiscalDateEnding": "2021-07-31",
            "totalCurrentAssets": "290494000",
            "cashAndShortTermInvestments": "253567000",
            "totalCurrentLiabilities": "68728000",
            "currentDebt": "None",
            "netIncome": "-14470000",
            "capitalExpenditures": "20000",
            "operatingCashflow": "-15986000",
            "grossProfit": "26174000",
            "totalRevenue": "29699000",
            "sentiment": 0,
            "surprise": "-0.31",
            "closePrice": "51.58"
        }
    ]
}