{
    "BDC": [
        {
            "fiscalDateEnding": "2023-12-31",
            "totalCurrentAssets": "1456979000",
            "cashAndShortTermInvestments": "597044000",
            "totalCurrentLiabilities": "633504000",
            "currentDebt": "719000",
            "netIncome": "38467000",
            "capitalExpenditures": "54861000",
            "operatingCashflow": "159645000",
            "grossProfit": "206365000",
            "totalRevenue": "551243000",
            "sentiment": 0.2433589976653181,
            "surprise": "0.33",
            "closePrice": "84.1813515074506"
        },
        {
            "fiscalDateEnding": "2023-09-30",
            "totalCurrentAssets": "1412347000",
            "cashAndShortTermInvestments": "530971000",
            "totalCurrentLiabilities": "553171000",
            "currentDebt": "546000",
            "netIncome": "72347000",
            "capitalExpenditures": "13800000",
            "operatingCashflow": "105278000",
            "grossProfit": "241168000",
            "totalRevenue": "626807000",
            "sentiment": 0.3505366273138601,
            "surprise": "0.02",
            "closePrice": "62.6515454910168"
        },
        {
            "fiscalDateEnding": "2023-06-30",
            "totalCurrentAssets": "1436520000",
            "cashAndShortTermInvestments": "514767000",
            "totalCurrentLiabilities": "567787000",
            "currentDebt": "549000",
            "netIncome": "68753000",
            "capitalExpenditures": "18885000",
            "operatingCashflow": "86587000",
            "grossProfit": "261328000",
            "totalRevenue": "692245000",
            "sentiment": 0.3056163956107988,
            "surprise": "0.14",
            "closePrice": "88.6329338627136"
        },
        {
            "fiscalDateEnding": "2023-03-31",
            "totalCurrentAssets": "1441073000",
            "cashAndShortTermInvestments": "589045000",
            "totalCurrentLiabilities": "534485000",
            "currentDebt": "None",
            "netIncome": "63192000",
            "capitalExpenditures": "13844000",
            "operatingCashflow": "-31872000",
            "grossProfit": "246105000",
            "totalRevenue": "641789000",
            "sentiment": 0.26382667489138284,
            "surprise": "0.14",
            "closePrice": "79.4674088865006"
        },
        {
            "fiscalDateEnding": "2022-12-31",
            "totalCurrentAssets": "1536207000",
            "cashAndShortTermInvestments": "687676000",
            "totalCurrentLiabilities": "639919000",
            "currentDebt": "391000",
            "netIncome": "61967000",
            "capitalExpenditures": "54844000",
            "operatingCashflow": "202496000",
            "grossProfit": "246478000",
            "totalRevenue": "659072000",
            "sentiment": 0.3438353755937082,
            "surprise": "0.11",
            "closePrice": "88.8615883786723"
        },
        {
            "fiscalDateEnding": "2022-09-30",
            "totalCurrentAssets": "1384608000",
            "cashAndShortTermInvestments": "547466000",
            "totalCurrentLiabilities": "545502000",
            "currentDebt": "None",
            "netIncome": "98294000",
            "capitalExpenditures": "19240000",
            "operatingCashflow": "87381000",
            "grossProfit": "238646000",
            "totalRevenue": "670491000",
            "sentiment": 0.2702945086356804,
            "surprise": "0.21",
            "closePrice": "70.7684080608255"
        },
        {
            "fiscalDateEnding": "2022-06-30",
            "totalCurrentAssets": "1408849000",
            "cashAndShortTermInvestments": "527682000",
            "totalCurrentLiabilities": "590337000",
            "currentDebt": "None",
            "netIncome": "58561000",
            "capitalExpenditures": "20047000",
            "operatingCashflow": "49374000",
            "grossProfit": "222305000",
            "totalRevenue": "666551000",
            "sentiment": 0.04196330017679092,
            "surprise": "0.17",
            "closePrice": "66.8706986431962"
        },
        {
            "fiscalDateEnding": "2022-03-31",
            "totalCurrentAssets": "1393685000",
            "cashAndShortTermInvestments": "559582000",
            "totalCurrentLiabilities": "583548000",
            "currentDebt": "None",
            "netIncome": "35841000",
            "capitalExpenditures": "10963000",
            "operatingCashflow": "-57955000",
            "grossProfit": "208860000",
            "totalRevenue": "610371000",
            "sentiment": 0.027584999999999995,
            "surprise": "0.21",
            "closePrice": "56.8616562394271"
        },
        {
            "fiscalDateEnding": "2021-12-31",
            "totalCurrentAssets": "1877645000",
            "cashAndShortTermInvestments": "643757000",
            "totalCurrentLiabilities": "752866000",
            "currentDebt": "140000",
            "netIncome": "-49769000",
            "capitalExpenditures": "35413000",
            "operatingCashflow": "170136000",
            "grossProfit": "207929000",
            "totalRevenue": "611959000",
            "sentiment": 0,
            "surprise": "0.05",
            "closePrice": "58.2621550276571"
        },
        {
            "fiscalDateEnding": "2021-09-30",
            "totalCurrentAssets": "1267993000",
            "cashAndShortTermInvestments": "457753000",
            "totalCurrentLiabilities": "622427000",
            "currentDebt": "None",
            "netIncome": "41264000",
            "capitalExpenditures": "24703000",
            "operatingCashflow": "75265000",
            "grossProfit": "203377000",
            "totalRevenue": "604761000",
            "sentiment": 0,
            "surprise": "0.13",
            "closePrice": "64.1127064707126"
        },
        {
            "fiscalDateEnding": "2021-06-30",
            "totalCurrentAssets": "1164970000",
            "cashAndShortTermInvestments": "423291000",
            "totalCurrentLiabilities": "582537000",
            "currentDebt": "None",
            "netIncome": "43764000",
            "capitalExpenditures": "23293000",
            "operatingCashflow": "68149000",
            "grossProfit": "191354000",
            "totalRevenue": "575857000",
            "sentiment": 0,
            "surprise": "0.28",
            "closePrice": "53.3896948307844"
        },
        {
            "fiscalDateEnding": "2021-03-31",
            "totalCurrentAssets": "1064393000",
            "cashAndShortTermInvestments": "370552000",
            "totalCurrentLiabilities": "508006000",
            "currentDebt": "None",
            "netIncome": "28666000",
            "capitalExpenditures": "11223000",
            "operatingCashflow": "-41495000",
            "grossProfit": "169183000",
            "totalRevenue": "508683000",
            "sentiment": 0,
            "surprise": "0.28",
            "closePrice": "47.7973811246329"
        },
        {
            "fiscalDateEnding": "2020-12-31",
            "totalCurrentAssets": "1098398000",
            "cashAndShortTermInvestments": "501994000",
            "totalCurrentLiabilities": "520761000",
            "currentDebt": "None",
            "netIncome": "6936000",
            "capitalExpenditures": "33406000",
            "operatingCashflow": "134675000",
            "grossProfit": "87589000",
            "totalRevenue": "388016000",
            "sentiment": 0,
            "surprise": "0.13",
            "closePrice": "47.6163324938866"
        },
        {
            "fiscalDateEnding": "2020-09-30",
            "totalCurrentAssets": "1006755000",
            "cashAndShortTermInvestments": "391497000",
            "totalCurrentLiabilities": "457782000",
            "currentDebt": "None",
            "netIncome": "16996000",
            "capitalExpenditures": "15075000",
            "operatingCashflow": "50819000",
            "grossProfit": "167592000",
            "totalRevenue": "475839000",
            "sentiment": 0,
            "surprise": "0.11",
            "closePrice": "31.2603165840913"
        },
        {
            "fiscalDateEnding": "2020-06-30",
            "totalCurrentAssets": "1191116000",
            "cashAndShortTermInvestments": "359702000",
            "totalCurrentLiabilities": "539062000",
            "currentDebt": "None",
            "netIncome": "-67905000",
            "capitalExpenditures": "20799000",
            "operatingCashflow": "39922000",
            "grossProfit": "149940000",
            "totalRevenue": "424811000",
            "sentiment": 0,
            "surprise": "0.19",
            "closePrice": "33.325498878554"
        },
        {
            "fiscalDateEnding": "2020-03-31",
            "totalCurrentAssets": "1186971000",
            "cashAndShortTermInvestments": "250993000",
            "totalCurrentLiabilities": "574218000",
            "currentDebt": "None",
            "netIncome": "-11189000",
            "capitalExpenditures": "20935000",
            "operatingCashflow": "-52052000",
            "grossProfit": "170501000",
            "totalRevenue": "463526000",
            "sentiment": 0,
            "surprise": "0",
            "closePrice": "33.1491612569993"
        },
        {
            "fiscalDateEnding": "2019-12-31",
            "totalCurrentAssets": "1377754000",
            "cashAndShortTermInvestments": "407480000",
            "totalCurrentLiabilities": "722544000",
            "currentDebt": "None",
            "netIncome": "-147408000",
            "capitalExpenditures": "35934000",
            "operatingCashflow": "187376000",
            "grossProfit": "202772000",
            "totalRevenue": "549688000",
            "sentiment": 0,
            "surprise": "0.13",
            "closePrice": "51.9357848097027"
        },
        {
            "fiscalDateEnding": "2019-09-30",
            "totalCurrentAssets": "1122657000",
            "cashAndShortTermInvestments": "296742000",
            "totalCurrentLiabilities": "577488000",
            "currentDebt": "None",
            "netIncome": "-297009000",
            "capitalExpenditures": "23299000",
            "operatingCashflow": "67872000",
            "grossProfit": "198805000",
            "totalRevenue": "533098000",
            "sentiment": 0,
            "surprise": "-0.23",
            "closePrice": "50.295706095235"
        },
        {
            "fiscalDateEnding": "2019-06-30",
            "totalCurrentAssets": "1116458000",
            "cashAndShortTermInvestments": "295243000",
            "totalCurrentLiabilities": "590021000",
            "currentDebt": "None",
            "netIncome": "42200000",
            "capitalExpenditures": "27174000",
            "operatingCashflow": "67705000",
            "grossProfit": "205072000",
            "totalRevenue": "548352000",
            "sentiment": 0,
            "surprise": "0",
            "closePrice": "44.6761006953882"
        },
        {
            "fiscalDateEnding": "2019-03-31",
            "totalCurrentAssets": "1129742000",
            "cashAndShortTermInvestments": "338982000",
            "totalCurrentLiabilities": "572056000",
            "currentDebt": "None",
            "netIncome": "25202000",
            "capitalExpenditures": "23595000",
            "operatingCashflow": "-46060000",
            "grossProfit": "186856000",
            "totalRevenue": "500140000",
            "sentiment": 0,
            "surprise": "0.09",
            "closePrice": "57.2171915876228"
        },
        {
            "fiscalDateEnding": "2018-12-31",
            "totalCurrentAssets": "1258724000",
            "cashAndShortTermInvestments": "420610000",
            "totalCurrentLiabilities": "716922000",
            "currentDebt": "None",
            "netIncome": "43526000",
            "capitalExpenditures": "34396000",
            "operatingCashflow": "188361000",
            "grossProfit": "216994000",
            "totalRevenue": "552052000",
            "sentiment": 0,
            "surprise": "0.03",
            "closePrice": "62.5640512423378"
        },
        {
            "fiscalDateEnding": "2018-09-30",
            "totalCurrentAssets": "1176452000",
            "cashAndShortTermInvestments": "329027000",
            "totalCurrentLiabilities": "619590000",
            "currentDebt": "None",
            "netIncome": "85881000",
            "capitalExpenditures": "23958000",
            "operatingCashflow": "130221000",
            "grossProfit": "214501000",
            "totalRevenue": "554037000",
            "sentiment": 0,
            "surprise": "0.01",
            "closePrice": "52.9661762906102"
        },
        {
            "fiscalDateEnding": "2018-06-30",
            "totalCurrentAssets": "1092586000",
            "cashAndShortTermInvestments": "261449000",
            "totalCurrentLiabilities": "611915000",
            "currentDebt": "None",
            "netIncome": "28869000",
            "capitalExpenditures": "23593000",
            "operatingCashflow": "54498000",
            "grossProfit": "212057000",
            "totalRevenue": "560898000",
            "sentiment": 0,
            "surprise": "0.06",
            "closePrice": "71.7316006003569"
        },
        {
            "fiscalDateEnding": "2018-03-31",
            "totalCurrentAssets": "1183482000",
            "cashAndShortTermInvestments": "362863000",
            "totalCurrentLiabilities": "589124000",
            "currentDebt": "None",
            "netIncome": "2618000",
            "capitalExpenditures": "15900000",
            "operatingCashflow": "-83860000",
            "grossProfit": "186359000",
            "totalRevenue": "498715000",
            "sentiment": 0,
            "surprise": "0.05",
            "closePrice": "60.7051508129741"
        },
        {
            "fiscalDateEnding": "2017-12-31",
            "totalCurrentAssets": "1372071000",
            "cashAndShortTermInvestments": "561108000",
            "totalCurrentLiabilities": "678928000",
            "currentDebt": "None",
            "netIncome": "30519000",
            "capitalExpenditures": "30831000",
            "operatingCashflow": "151685000",
            "grossProfit": "229426000",
            "totalRevenue": "239326000",
            "sentiment": 0,
            "surprise": "-0.14",
            "closePrice": "73.6416091831672"
        },
        {
            "fiscalDateEnding": "2017-09-30",
            "totalCurrentAssets": "1266134000",
            "cashAndShortTermInvestments": "461363000",
            "totalCurrentLiabilities": "560634000",
            "currentDebt": "None",
            "netIncome": "1027000",
            "capitalExpenditures": "11233000",
            "operatingCashflow": "68834000",
            "grossProfit": "239849000",
            "totalRevenue": "621745000",
            "sentiment": 0,
            "surprise": "0.07",
            "closePrice": "80.7787373278701"
        },
        {
            "fiscalDateEnding": "2017-06-30",
            "totalCurrentAssets": "1416851000",
            "cashAndShortTermInvestments": "670360000",
            "totalCurrentLiabilities": "537691000",
            "currentDebt": "None",
            "netIncome": "35977000",
            "capitalExpenditures": "11798000",
            "operatingCashflow": "47044000",
            "grossProfit": "243104000",
            "totalRevenue": "610633000",
            "sentiment": 0,
            "surprise": "0.08",
            "closePrice": "73.7643702389634"
        },
        {
            "fiscalDateEnding": "2017-03-31",
            "totalCurrentAssets": "1478423000",
            "cashAndShortTermInvestments": "815924000",
            "totalCurrentLiabilities": "521710000",
            "currentDebt": "None",
            "netIncome": "25687000",
            "capitalExpenditures": "10399000",
            "operatingCashflow": "-12263000",
            "grossProfit": "222374000",
            "totalRevenue": "551381000",
            "sentiment": 0,
            "surprise": "0.03",
            "closePrice": "71.0710921957026"
        },
        {
            "fiscalDateEnding": "2016-12-31",
            "totalCurrentAssets": "1478952000",
            "cashAndShortTermInvestments": "848116000",
            "totalCurrentLiabilities": "570279000",
            "currentDebt": "None",
            "netIncome": "33354000",
            "capitalExpenditures": "17917000",
            "operatingCashflow": "167365000",
            "grossProfit": "261784000",
            "totalRevenue": "622735000",
            "sentiment": 0,
            "surprise": "0.02",
            "closePrice": "74.6283076231109"
        },
        {
            "fiscalDateEnding": "2016-09-30",
            "totalCurrentAssets": "1397678000",
            "cashAndShortTermInvestments": "748305000",
            "totalCurrentLiabilities": "517536000",
            "currentDebt": "None",
            "netIncome": "36160000",
            "capitalExpenditures": "10933000",
            "operatingCashflow": "86859000",
            "grossProfit": "245962000",
            "totalRevenue": "601109000",
            "sentiment": 0,
            "surprise": "0.03",
            "closePrice": "59.9892571680044"
        },
        {
            "fiscalDateEnding": "2016-06-30",
            "totalCurrentAssets": "819236000",
            "cashAndShortTermInvestments": "175772000",
            "totalCurrentLiabilities": "498716000",
            "currentDebt": "None",
            "netIncome": "42032000",
            "capitalExpenditures": "11693000",
            "operatingCashflow": "47958000",
            "grossProfit": "248213000",
            "totalRevenue": "601631000",
            "sentiment": 0,
            "surprise": "0.28",
            "closePrice": "70.1292055012489"
        },
        {
            "fiscalDateEnding": "2016-03-31",
            "totalCurrentAssets": "752910000",
            "cashAndShortTermInvestments": "146264000",
            "totalCurrentLiabilities": "492813000",
            "currentDebt": "None",
            "netIncome": "16457000",
            "capitalExpenditures": "13431000",
            "operatingCashflow": "12612000",
            "grossProfit": "225035000",
            "totalRevenue": "541497000",
            "sentiment": 0,
            "surprise": "0.05",
            "closePrice": "58.7552419370289"
        },
        {
            "fiscalDateEnding": "2015-12-31",
            "totalCurrentAssets": "837158000",
            "cashAndShortTermInvestments": "216751000",
            "totalCurrentLiabilities": "549263000",
            "currentDebt": "None",
            "netIncome": "49680000",
            "capitalExpenditures": "15863000",
            "operatingCashflow": "149479000",
            "grossProfit": "250117000",
            "totalRevenue": "597244000",
            "sentiment": 0,
            "surprise": "0.15",
            "closePrice": "44.4710153678312"
        },
        {
            "fiscalDateEnding": "2015-09-30",
            "totalCurrentAssets": "953375000",
            "cashAndShortTermInvestments": "241897000",
            "totalCurrentLiabilities": "510209000",
            "currentDebt": "None",
            "netIncome": "14569000",
            "capitalExpenditures": "11882000",
            "operatingCashflow": "86935000",
            "grossProfit": "226131000",
            "totalRevenue": "553850000",
            "sentiment": 0,
            "surprise": "0.03",
            "closePrice": "61.119565556084"
        },
        {
            "fiscalDateEnding": "2015-06-30",
            "totalCurrentAssets": "947346000",
            "cashAndShortTermInvestments": "208419000",
            "totalCurrentLiabilities": "496301000",
            "currentDebt": "None",
            "netIncome": "21591000",
            "capitalExpenditures": "11768000",
            "operatingCashflow": "53251000",
            "grossProfit": "234276000",
            "totalRevenue": "560986000",
            "sentiment": 0,
            "surprise": "0.02",
            "closePrice": "60.1848485619546"
        },
        {
            "fiscalDateEnding": "2015-03-31",
            "totalCurrentAssets": "877275000",
            "cashAndShortTermInvestments": "166700000",
            "totalCurrentLiabilities": "484049000",
            "currentDebt": "None",
            "netIncome": "-19636000",
            "capitalExpenditures": "15456000",
            "operatingCashflow": "-48205000",
            "grossProfit": "207649000",
            "totalRevenue": "523031000",
            "sentiment": 0,
            "surprise": "0.02",
            "closePrice": "81.4050800313524"
        },
        {
            "fiscalDateEnding": "2014-12-31",
            "totalCurrentAssets": "1391993000",
            "cashAndShortTermInvestments": "741162000",
            "totalCurrentLiabilities": "523011000",
            "currentDebt": "None",
            "netIncome": "15993000",
            "capitalExpenditures": "14402000",
            "operatingCashflow": "136121000",
            "grossProfit": "217615000",
            "totalRevenue": "608910000",
            "sentiment": 0,
            "surprise": "0.02",
            "closePrice": "81.6492434361697"
        },
        {
            "fiscalDateEnding": "2014-09-30",
            "totalCurrentAssets": "1168863000",
            "cashAndShortTermInvestments": "449102000",
            "totalCurrentLiabilities": "470054000",
            "currentDebt": "None",
            "netIncome": "33847000",
            "capitalExpenditures": "10094000",
            "operatingCashflow": "54211000",
            "grossProfit": "221732000",
            "totalRevenue": "589118000",
            "sentiment": 0,
            "surprise": "0.04",
            "closePrice": "66.3538596171215"
        },
        {
            "fiscalDateEnding": "2014-06-30",
            "totalCurrentAssets": "1178681000",
            "cashAndShortTermInvestments": "444965000",
            "totalCurrentLiabilities": "475025000",
            "currentDebt": "None",
            "netIncome": "15000",
            "capitalExpenditures": "10607000",
            "operatingCashflow": "30970000",
            "grossProfit": "204385000",
            "totalRevenue": "582688000",
            "sentiment": 0,
            "surprise": "0.04",
            "closePrice": "69.5021621776982"
        },
        {
            "fiscalDateEnding": "2014-03-31",
            "totalCurrentAssets": "1179638000",
            "cashAndShortTermInvestments": "569579000",
            "totalCurrentLiabilities": "360978000",
            "currentDebt": "None",
            "netIncome": "24594000",
            "capitalExpenditures": "10356000",
            "operatingCashflow": "-20415000",
            "grossProfit": "175717000",
            "totalRevenue": "468870000",
            "sentiment": 0,
            "surprise": "0.01",
            "closePrice": "70.0854409629957"
        },
        {
            "fiscalDateEnding": "2013-12-31",
            "totalCurrentAssets": "1195498000",
            "cashAndShortTermInvestments": "613304000",
            "totalCurrentLiabilities": "401566000",
            "currentDebt": "None",
            "netIncome": "22508000",
            "capitalExpenditures": "8804000",
            "operatingCashflow": "113798000",
            "grossProfit": "175039000",
            "totalRevenue": "508151000",
            "sentiment": 0,
            "surprise": "0.01",
            "closePrice": "63.3865889297506"
        },
        {
            "fiscalDateEnding": "2013-09-30",
            "totalCurrentAssets": "1114434000",
            "cashAndShortTermInvestments": "503837000",
            "totalCurrentLiabilities": "389988000",
            "currentDebt": "None",
            "netIncome": "29068000",
            "capitalExpenditures": "11139000",
            "operatingCashflow": "67303000",
            "grossProfit": "182841000",
            "totalRevenue": "503219000",
            "sentiment": 0,
            "surprise": "0.02",
            "closePrice": "64.4893342630331"
        },
        {
            "fiscalDateEnding": "2013-06-30",
            "totalCurrentAssets": "1077191000",
            "cashAndShortTermInvestments": "476201000",
            "totalCurrentLiabilities": "376616000",
            "currentDebt": "None",
            "netIncome": "29492000",
            "capitalExpenditures": "13829000",
            "operatingCashflow": "55226000",
            "grossProfit": "179196000",
            "totalRevenue": "511146000",
            "sentiment": 0,
            "surprise": "0.05",
            "closePrice": "56.2546211414354"
        },
        {
            "fiscalDateEnding": "2013-03-31",
            "totalCurrentAssets": "1030790000",
            "cashAndShortTermInvestments": "469406000",
            "totalCurrentLiabilities": "344991000",
            "currentDebt": "None",
            "netIncome": "22245000",
            "capitalExpenditures": "6437000",
            "operatingCashflow": "-71726000",
            "grossProfit": "167353000",
            "totalRevenue": "491568000",
            "sentiment": 0,
            "surprise": "0.04",
            "closePrice": "47.6275110327909"
        },
        {
            "fiscalDateEnding": "2012-12-31",
            "totalCurrentAssets": "959582000",
            "cashAndShortTermInvestments": "395095000",
            "totalCurrentLiabilities": "452482000",
            "currentDebt": "None",
            "netIncome": "166603000",
            "capitalExpenditures": "9222000",
            "operatingCashflow": "46053000",
            "grossProfit": "150337000",
            "totalRevenue": "479587000",
            "sentiment": 0,
            "surprise": "0.12",
            "closePrice": "47.2260904788975"
        },
        {
            "fiscalDateEnding": "2012-09-30",
            "totalCurrentAssets": "1002978000",
            "cashAndShortTermInvestments": "385639000",
            "totalCurrentLiabilities": "409509000",
            "currentDebt": "None",
            "netIncome": "-38778000",
            "capitalExpenditures": "10035000",
            "operatingCashflow": "62773000",
            "grossProfit": "138813000",
            "totalRevenue": "527060000",
            "sentiment": 0,
            "surprise": "0.06",
            "closePrice": "35.4198518820584"
        },
        {
            "fiscalDateEnding": "2012-06-30",
            "totalCurrentAssets": "884890000",
            "cashAndShortTermInvestments": "337278000",
            "totalCurrentLiabilities": "339008000",
            "currentDebt": "None",
            "netIncome": "42390000",
            "capitalExpenditures": "14196000",
            "operatingCashflow": "17814000",
            "grossProfit": "144648000",
            "totalRevenue": "458218000",
            "sentiment": 0,
            "surprise": "0.19",
            "closePrice": "33.8469432766658"
        },
        {
            "fiscalDateEnding": "2012-03-31",
            "totalCurrentAssets": "901736000",
            "cashAndShortTermInvestments": "370017000",
            "totalCurrentLiabilities": "346457000",
            "currentDebt": "None",
            "netIncome": "24275000",
            "capitalExpenditures": "7557000",
            "operatingCashflow": "12748000",
            "grossProfit": "132799000",
            "totalRevenue": "439600000",
            "sentiment": 0,
            "surprise": "0.01",
            "closePrice": "32.4225009856717"
        },
        {
            "fiscalDateEnding": "2011-12-31",
            "totalCurrentAssets": "954546000",
            "cashAndShortTermInvestments": "382716000",
            "totalCurrentLiabilities": "381566000",
            "currentDebt": "None",
            "netIncome": "26527000",
            "capitalExpenditures": "18293000",
            "operatingCashflow": "85101000",
            "grossProfit": "123599000",
            "totalRevenue": "464361000",
            "sentiment": 0,
            "surprise": "0.04",
            "closePrice": "37.5551404241485"
        },
        {
            "fiscalDateEnding": "2011-09-30",
            "totalCurrentAssets": "926043000",
            "cashAndShortTermInvestments": "348190000",
            "totalCurrentLiabilities": "400518000",
            "currentDebt": "None",
            "netIncome": "31203000",
            "capitalExpenditures": "6877000",
            "operatingCashflow": "68312000",
            "grossProfit": "144642000",
            "totalRevenue": "519713000",
            "sentiment": 0,
            "surprise": "0.07",
            "closePrice": "32.8883478477668"
        },
        {
            "fiscalDateEnding": "2011-06-30",
            "totalCurrentAssets": "922287000",
            "cashAndShortTermInvestments": "329312000",
            "totalCurrentLiabilities": "383952000",
            "currentDebt": "None",
            "netIncome": "34725000",
            "capitalExpenditures": "8085000",
            "operatingCashflow": "46777000",
            "grossProfit": "149715000",
            "totalRevenue": "536251000",
            "sentiment": 0,
            "surprise": "0.12",
            "closePrice": "35.6519289603037"
        },
        {
            "fiscalDateEnding": "2011-03-31",
            "totalCurrentAssets": "882866000",
            "cashAndShortTermInvestments": "323085000",
            "totalCurrentLiabilities": "385508000",
            "currentDebt": "None",
            "netIncome": "21890000",
            "capitalExpenditures": "6798000",
            "operatingCashflow": "-15627000",
            "grossProfit": "123565000",
            "totalRevenue": "461628000",
            "sentiment": 0,
            "surprise": "0.01",
            "closePrice": "37.4335426300499"
        },
        {
            "fiscalDateEnding": "2010-12-31",
            "totalCurrentAssets": "860855000",
            "cashAndShortTermInvestments": "358653000",
            "totalCurrentLiabilities": "357924000",
            "currentDebt": "None",
            "netIncome": "56435000",
            "capitalExpenditures": "8996000",
            "operatingCashflow": "56138000",
            "grossProfit": "121396000",
            "totalRevenue": "425176000",
            "sentiment": 0,
            "surprise": "0.11",
            "closePrice": "36.5521926958619"
        },
        {
            "fiscalDateEnding": "2010-09-30",
            "totalCurrentAssets": "799627000",
            "cashAndShortTermInvestments": "296081000",
            "totalCurrentLiabilities": "344437000",
            "currentDebt": "None",
            "netIncome": "20605000",
            "capitalExpenditures": "6493000",
            "operatingCashflow": "49898000",
            "grossProfit": "118184000",
            "totalRevenue": "385149000",
            "sentiment": 0,
            "surprise": "0.02",
            "closePrice": "26.430755104273"
        },
        {
            "fiscalDateEnding": "2010-06-30",
            "totalCurrentAssets": "742779000",
            "cashAndShortTermInvestments": "245615000",
            "totalCurrentLiabilities": "319277000",
            "currentDebt": "None",
            "netIncome": "19672000",
            "capitalExpenditures": "5703000",
            "operatingCashflow": "18720000",
            "grossProfit": "117304000",
            "totalRevenue": "396377000",
            "sentiment": 0,
            "surprise": "0.12",
            "closePrice": "22.5719968032567"
        }
    ]
}