{
    "BHE": [
        {
            "fiscalDateEnding": "2023-12-31",
            "totalCurrentAssets": "1635747000",
            "cashAndShortTermInvestments": "277391000",
            "totalCurrentLiabilities": "713547000",
            "currentDebt": "4283000",
            "netIncome": "17552000",
            "capitalExpenditures": "11026000",
            "operatingCashflow": "137080000",
            "grossProfit": "71004000",
            "totalRevenue": "691354000",
            "sentiment": 0.14441891927168976,
            "surprise": "0.02",
            "closePrice": "26.9725844177236"
        },
        {
            "fiscalDateEnding": "2023-09-30",
            "totalCurrentAssets": "1707069000",
            "cashAndShortTermInvestments": "259542000",
            "totalCurrentLiabilities": "699104000",
            "currentDebt": "4281000",
            "netIncome": "20412000",
            "capitalExpenditures": "19664000",
            "operatingCashflow": "37582000",
            "grossProfit": "69077000",
            "totalRevenue": "719695000",
            "sentiment": 0.20024763642639276,
            "surprise": "0.05",
            "closePrice": "22.7115924891734"
        },
        {
            "fiscalDateEnding": "2023-06-30",
            "totalCurrentAssets": "1721061000",
            "cashAndShortTermInvestments": "244587000",
            "totalCurrentLiabilities": "721921000",
            "currentDebt": "3458000",
            "netIncome": "13991000",
            "capitalExpenditures": "8318000",
            "operatingCashflow": "24538000",
            "grossProfit": "67031000",
            "totalRevenue": "733232000",
            "sentiment": 0.4523190109222235,
            "surprise": "0.01",
            "closePrice": "26.0369878271767"
        },
        {
            "fiscalDateEnding": "2023-03-31",
            "totalCurrentAssets": "1690872000",
            "cashAndShortTermInvestments": "210893000",
            "totalCurrentLiabilities": "711863000",
            "currentDebt": "3456000",
            "netIncome": "12360000",
            "capitalExpenditures": "38731000",
            "operatingCashflow": "-24906000",
            "grossProfit": "63958000",
            "totalRevenue": "694695000",
            "sentiment": 0.1974184085067267,
            "surprise": "0",
            "closePrice": "21.2947465644085"
        },
        {
            "fiscalDateEnding": "2022-12-31",
            "totalCurrentAssets": "1652149000",
            "cashAndShortTermInvestments": "207430000",
            "totalCurrentLiabilities": "749136000",
            "currentDebt": "4275000",
            "netIncome": "21219000",
            "capitalExpenditures": "13180000",
            "operatingCashflow": "-52750000",
            "grossProfit": "72127000",
            "totalRevenue": "750644000",
            "sentiment": 0.14565569088749156,
            "surprise": "0.01",
            "closePrice": "27.7724036611456"
        },
        {
            "fiscalDateEnding": "2022-09-30",
            "totalCurrentAssets": "1708203000",
            "cashAndShortTermInvestments": "247298000",
            "totalCurrentLiabilities": "848900000",
            "currentDebt": "3452000",
            "netIncome": "18829000",
            "capitalExpenditures": "8623000",
            "operatingCashflow": "-31207000",
            "grossProfit": "66750000",
            "totalRevenue": "771575000",
            "sentiment": 0.13273162393397178,
            "surprise": "0.05",
            "closePrice": "27.9865453923546"
        },
        {
            "fiscalDateEnding": "2022-06-30",
            "totalCurrentAssets": "1601272000",
            "cashAndShortTermInvestments": "262269000",
            "totalCurrentLiabilities": "785078000",
            "currentDebt": "2630000",
            "netIncome": "17221000",
            "capitalExpenditures": "6996000",
            "operatingCashflow": "-25485000",
            "grossProfit": "58756000",
            "totalRevenue": "728029000",
            "sentiment": 0.0004371947265409054,
            "surprise": "0.09",
            "closePrice": "25.2093321836611"
        },
        {
            "fiscalDateEnding": "2022-03-31",
            "totalCurrentAssets": "1451018000",
            "cashAndShortTermInvestments": "244935000",
            "totalCurrentLiabilities": "684465000",
            "currentDebt": "1808000",
            "netIncome": "10960000",
            "capitalExpenditures": "17975000",
            "operatingCashflow": "-68025000",
            "grossProfit": "57602000",
            "totalRevenue": "636083000",
            "sentiment": 0.055055447641584564,
            "surprise": "0.1",
            "closePrice": "22.2508045197022"
        },
        {
            "fiscalDateEnding": "2021-12-31",
            "totalCurrentAssets": "1348144000",
            "cashAndShortTermInvestments": "271749000",
            "totalCurrentLiabilities": "654382000",
            "currentDebt": "985000",
            "netIncome": "12419000",
            "capitalExpenditures": "9740000",
            "operatingCashflow": "-1314000",
            "grossProfit": "62056000",
            "totalRevenue": "633054000",
            "sentiment": 0,
            "surprise": "0.07",
            "closePrice": "22.9169328917298"
        },
        {
            "fiscalDateEnding": "2021-09-30",
            "totalCurrentAssets": "1279009000",
            "cashAndShortTermInvestments": "288567000",
            "totalCurrentLiabilities": "600169000",
            "currentDebt": "7663000",
            "netIncome": "8065000",
            "capitalExpenditures": "13818000",
            "operatingCashflow": "-41581000",
            "grossProfit": "53705000",
            "totalRevenue": "571882000",
            "sentiment": 0,
            "surprise": "0.01",
            "closePrice": "23.5485138759599"
        },
        {
            "fiscalDateEnding": "2021-06-30",
            "totalCurrentAssets": "1266977000",
            "cashAndShortTermInvestments": "369301000",
            "totalCurrentLiabilities": "581409000",
            "currentDebt": "9259000",
            "netIncome": "7369000",
            "capitalExpenditures": "12197000",
            "operatingCashflow": "3660000",
            "grossProfit": "47913000",
            "totalRevenue": "544662000",
            "sentiment": 0,
            "surprise": "0.01",
            "closePrice": "23.5272880323704"
        },
        {
            "fiscalDateEnding": "2021-03-31",
            "totalCurrentAssets": "1213440000",
            "cashAndShortTermInvestments": "400428000",
            "totalCurrentLiabilities": "505110000",
            "currentDebt": "9209000",
            "netIncome": "7917000",
            "capitalExpenditures": "6422000",
            "operatingCashflow": "36613000",
            "grossProfit": "42227000",
            "totalRevenue": "505721000",
            "sentiment": 0,
            "surprise": "0.01",
            "closePrice": "27.9707608296137"
        },
        {
            "fiscalDateEnding": "2020-12-31",
            "totalCurrentAssets": "1202351000",
            "cashAndShortTermInvestments": "390808000",
            "totalCurrentLiabilities": "481136000",
            "currentDebt": "9161000",
            "netIncome": "7695000",
            "capitalExpenditures": "10417000",
            "operatingCashflow": "94823000",
            "grossProfit": "50661000",
            "totalRevenue": "521250000",
            "sentiment": 0,
            "surprise": "0.01",
            "closePrice": "25.4456098016801"
        },
        {
            "fiscalDateEnding": "2020-09-30",
            "totalCurrentAssets": "1185227000",
            "cashAndShortTermInvestments": "329558000",
            "totalCurrentLiabilities": "449485000",
            "currentDebt": "8956000",
            "netIncome": "5915000",
            "capitalExpenditures": "5812000",
            "operatingCashflow": "5697000",
            "grossProfit": "46354000",
            "totalRevenue": "525951000",
            "sentiment": 0,
            "surprise": "0.04",
            "closePrice": "18.1713167650944"
        },
        {
            "fiscalDateEnding": "2020-06-30",
            "totalCurrentAssets": "1208119000",
            "cashAndShortTermInvestments": "351167000",
            "totalCurrentLiabilities": "464620000",
            "currentDebt": "8912000",
            "netIncome": "-3407000",
            "capitalExpenditures": "10394000",
            "operatingCashflow": "23027000",
            "grossProfit": "34672000",
            "totalRevenue": "490966000",
            "sentiment": 0,
            "surprise": "-0.02",
            "closePrice": "18.9024714805941"
        },
        {
            "fiscalDateEnding": "2020-03-31",
            "totalCurrentAssets": "1265002000",
            "cashAndShortTermInvestments": "411786000",
            "totalCurrentLiabilities": "459339000",
            "currentDebt": "8868000",
            "netIncome": "3852000",
            "capitalExpenditures": "12896000",
            "operatingCashflow": "-3109000",
            "grossProfit": "43361000",
            "totalRevenue": "514964000",
            "sentiment": 0,
            "surprise": "0.06",
            "closePrice": "21.5939544180848"
        },
        {
            "fiscalDateEnding": "2019-12-31",
            "totalCurrentAssets": "1195082000",
            "cashAndShortTermInvestments": "347558000",
            "totalCurrentLiabilities": "459245000",
            "currentDebt": "8825000",
            "netIncome": "-6931000",
            "capitalExpenditures": "9176000",
            "operatingCashflow": "35822000",
            "grossProfit": "37313000",
            "totalRevenue": "508444000",
            "sentiment": 0,
            "surprise": "-0.02",
            "closePrice": "27.247791363643"
        },
        {
            "fiscalDateEnding": "2019-09-30",
            "totalCurrentAssets": "1198115000",
            "cashAndShortTermInvestments": "348042000",
            "totalCurrentLiabilities": "441237000",
            "currentDebt": "8784000",
            "netIncome": "7136000",
            "capitalExpenditures": "10447000",
            "operatingCashflow": "-11458000",
            "grossProfit": "48955000",
            "totalRevenue": "555229000",
            "sentiment": 0,
            "surprise": "0.02",
            "closePrice": "27.3530650325339"
        },
        {
            "fiscalDateEnding": "2019-06-30",
            "totalCurrentAssets": "1257810000",
            "cashAndShortTermInvestments": "396613000",
            "totalCurrentLiabilities": "487660000",
            "currentDebt": "8744000",
            "netIncome": "9447000",
            "capitalExpenditures": "5421000",
            "operatingCashflow": "52358000",
            "grossProfit": "49223000",
            "totalRevenue": "601602000",
            "sentiment": 0,
            "surprise": "0.04",
            "closePrice": "22.8843316094077"
        },
        {
            "fiscalDateEnding": "2019-03-31",
            "totalCurrentAssets": "1297929000",
            "cashAndShortTermInvestments": "395316000",
            "totalCurrentLiabilities": "490236000",
            "currentDebt": "8706000",
            "netIncome": "13773000",
            "capitalExpenditures": "10074000",
            "operatingCashflow": "16414000",
            "grossProfit": "50037000",
            "totalRevenue": "602820000",
            "sentiment": 0,
            "surprise": "0",
            "closePrice": "26.4758379817024"
        },
        {
            "fiscalDateEnding": "2018-12-31",
            "totalCurrentAssets": "1403550000",
            "cashAndShortTermInvestments": "458102000",
            "totalCurrentLiabilities": "537159000",
            "currentDebt": "15017000",
            "netIncome": "27716000",
            "capitalExpenditures": "13799000",
            "operatingCashflow": "93980000",
            "grossProfit": "52093000",
            "totalRevenue": "657050000",
            "sentiment": 0,
            "surprise": "0.06",
            "closePrice": "23.7124620668643"
        },
        {
            "fiscalDateEnding": "2018-09-30",
            "totalCurrentAssets": "1443802000",
            "cashAndShortTermInvestments": "475713000",
            "totalCurrentLiabilities": "478173000",
            "currentDebt": "4880000",
            "netIncome": "7799000",
            "capitalExpenditures": "14570000",
            "operatingCashflow": "-1111000",
            "grossProfit": "48995000",
            "totalRevenue": "640688000",
            "sentiment": 0,
            "surprise": "0.02",
            "closePrice": "20.1413006896691"
        },
        {
            "fiscalDateEnding": "2018-06-30",
            "totalCurrentAssets": "1543086000",
            "cashAndShortTermInvestments": "595639000",
            "totalCurrentLiabilities": "500996000",
            "currentDebt": "21219000",
            "netIncome": "10943000",
            "capitalExpenditures": "17486000",
            "operatingCashflow": "-40712000",
            "grossProfit": "50548000",
            "totalRevenue": "660591000",
            "sentiment": 0,
            "surprise": "0",
            "closePrice": "25.4294637454416"
        },
        {
            "fiscalDateEnding": "2018-03-31",
            "totalCurrentAssets": "1565492000",
            "cashAndShortTermInvestments": "676327000",
            "totalCurrentLiabilities": "484831000",
            "currentDebt": "19746000",
            "netIncome": "-23641000",
            "capitalExpenditures": "20877000",
            "operatingCashflow": "24530000",
            "grossProfit": "54200000",
            "totalRevenue": "608136000",
            "sentiment": 0,
            "surprise": "0.05",
            "closePrice": "26.2891068719751"
        },
        {
            "fiscalDateEnding": "2017-12-31",
            "totalCurrentAssets": "1630657000",
            "cashAndShortTermInvestments": "742546000",
            "totalCurrentLiabilities": "478317000",
            "currentDebt": "18274000",
            "netIncome": "-76361000",
            "capitalExpenditures": "16770000",
            "operatingCashflow": "55952000",
            "grossProfit": "60661000",
            "totalRevenue": "666036000",
            "sentiment": 0,
            "surprise": "0.12",
            "closePrice": "23.8008098405282"
        },
        {
            "fiscalDateEnding": "2017-09-30",
            "totalCurrentAssets": "1605903000",
            "cashAndShortTermInvestments": "730146000",
            "totalCurrentLiabilities": "445793000",
            "currentDebt": "16804000",
            "netIncome": "17831000",
            "capitalExpenditures": "11357000",
            "operatingCashflow": "-2639000",
            "grossProfit": "58243000",
            "totalRevenue": "610929000",
            "sentiment": 0,
            "surprise": "0.05",
            "closePrice": "30.478734903698"
        },
        {
            "fiscalDateEnding": "2017-06-30",
            "totalCurrentAssets": "1597644000",
            "cashAndShortTermInvestments": "749311000",
            "totalCurrentLiabilities": "446122000",
            "currentDebt": "15333000",
            "netIncome": "18074000",
            "capitalExpenditures": "18801000",
            "operatingCashflow": "14624000",
            "grossProfit": "59484000",
            "totalRevenue": "619611000",
            "sentiment": 0,
            "surprise": "0.04",
            "closePrice": "29.9650483603772"
        },
        {
            "fiscalDateEnding": "2017-03-31",
            "totalCurrentAssets": "1573052000",
            "cashAndShortTermInvestments": "752477000",
            "totalCurrentLiabilities": "437168000",
            "currentDebt": "13865000",
            "netIncome": "8555000",
            "capitalExpenditures": "7578000",
            "operatingCashflow": "77905000",
            "grossProfit": "47532000",
            "totalRevenue": "557903000",
            "sentiment": 0,
            "surprise": "0.08",
            "closePrice": "26.6688930407357"
        },
        {
            "fiscalDateEnding": "2016-12-31",
            "totalCurrentAssets": "1531662000",
            "cashAndShortTermInvestments": "681433000",
            "totalCurrentLiabilities": "412381000",
            "currentDebt": "12396000",
            "netIncome": "19327000",
            "capitalExpenditures": "6936000",
            "operatingCashflow": "44504000",
            "grossProfit": "58896000",
            "totalRevenue": "620043000",
            "sentiment": 0,
            "surprise": "0.04",
            "closePrice": "26.369242557132"
        },
        {
            "fiscalDateEnding": "2016-09-30",
            "totalCurrentAssets": "1480711000",
            "cashAndShortTermInvestments": "635683000",
            "totalCurrentLiabilities": "401132000",
            "currentDebt": "12365000",
            "netIncome": "22544000",
            "capitalExpenditures": "9195000",
            "operatingCashflow": "-82979000",
            "grossProfit": "54180000",
            "totalRevenue": "586534000",
            "sentiment": 0,
            "surprise": "0.01",
            "closePrice": "21.3179915478112"
        },
        {
            "fiscalDateEnding": "2016-06-30",
            "totalCurrentAssets": "1408098000",
            "cashAndShortTermInvestments": "573248000",
            "totalCurrentLiabilities": "347342000",
            "currentDebt": "12336000",
            "netIncome": "12688000",
            "capitalExpenditures": "8366000",
            "operatingCashflow": "24565000",
            "grossProfit": "53200000",
            "totalRevenue": "580513000",
            "sentiment": 0,
            "surprise": "-0.01",
            "closePrice": "19.5971416276867"
        },
        {
            "fiscalDateEnding": "2016-03-31",
            "totalCurrentAssets": "1360364000",
            "cashAndShortTermInvestments": "519167000",
            "totalCurrentLiabilities": "301670000",
            "currentDebt": "12306000",
            "netIncome": "9374000",
            "capitalExpenditures": "7837000",
            "operatingCashflow": "150454000",
            "grossProfit": "48409000",
            "totalRevenue": "535195000",
            "sentiment": 0,
            "surprise": "-0.06",
            "closePrice": "16.6776897731471"
        },
        {
            "fiscalDateEnding": "2015-12-31",
            "totalCurrentAssets": "1388628000",
            "cashAndShortTermInvestments": "465995000",
            "totalCurrentLiabilities": "333094000",
            "currentDebt": "12284000",
            "netIncome": "39421000",
            "capitalExpenditures": "5180000",
            "operatingCashflow": "-90386000",
            "grossProfit": "56909000",
            "totalRevenue": "625719000",
            "sentiment": 0,
            "surprise": "0.04",
            "closePrice": "18.2101879607207"
        },
        {
            "fiscalDateEnding": "2015-09-30",
            "totalCurrentAssets": "1392161000",
            "cashAndShortTermInvestments": "462094000",
            "totalCurrentLiabilities": "341159000",
            "currentDebt": "751000",
            "netIncome": "20565000",
            "capitalExpenditures": "7876000",
            "operatingCashflow": "32127000",
            "grossProfit": "54563000",
            "totalRevenue": "629696000",
            "sentiment": 0,
            "surprise": "0.01",
            "closePrice": "17.6023255511244"
        },
        {
            "fiscalDateEnding": "2015-06-30",
            "totalCurrentAssets": "1399556000",
            "cashAndShortTermInvestments": "409315000",
            "totalCurrentLiabilities": "360112000",
            "currentDebt": "724000",
            "netIncome": "21210000",
            "capitalExpenditures": "8179000",
            "operatingCashflow": "52018000",
            "grossProfit": "55997000",
            "totalRevenue": "663541000",
            "sentiment": 0,
            "surprise": "0.04",
            "closePrice": "18.5868914258226"
        },
        {
            "fiscalDateEnding": "2015-03-31",
            "totalCurrentAssets": "1342488000",
            "cashAndShortTermInvestments": "383596000",
            "totalCurrentLiabilities": "312628000",
            "currentDebt": "701000",
            "netIncome": "14205000",
            "capitalExpenditures": "16827000",
            "operatingCashflow": "-10905000",
            "grossProfit": "51785000",
            "totalRevenue": "620504000",
            "sentiment": 0,
            "surprise": "0.02",
            "closePrice": "20.9412880827093"
        },
        {
            "fiscalDateEnding": "2014-12-31",
            "totalCurrentAssets": "1378616000",
            "cashAndShortTermInvestments": "427376000",
            "totalCurrentLiabilities": "359078000",
            "currentDebt": "676000",
            "netIncome": "23338000",
            "capitalExpenditures": "8775000",
            "operatingCashflow": "22756000",
            "grossProfit": "56107000",
            "totalRevenue": "709547000",
            "sentiment": 0,
            "surprise": "0",
            "closePrice": "19.7512475906829"
        },
        {
            "fiscalDateEnding": "2014-09-30",
            "totalCurrentAssets": "1424786000",
            "cashAndShortTermInvestments": "420236000",
            "totalCurrentLiabilities": "419319000",
            "currentDebt": "651000",
            "netIncome": "16906000",
            "capitalExpenditures": "6317000",
            "operatingCashflow": "28211000",
            "grossProfit": "55299000",
            "totalRevenue": "730808000",
            "sentiment": 0,
            "surprise": "0.02",
            "closePrice": "19.2632453745282"
        },
        {
            "fiscalDateEnding": "2014-06-30",
            "totalCurrentAssets": "1365231000",
            "cashAndShortTermInvestments": "401869000",
            "totalCurrentLiabilities": "377674000",
            "currentDebt": "628000",
            "netIncome": "21558000",
            "capitalExpenditures": "15681000",
            "operatingCashflow": "24960000",
            "grossProfit": "57757000",
            "totalRevenue": "716395000",
            "sentiment": 0,
            "surprise": "0.05",
            "closePrice": "20.5132159632754"
        },
        {
            "fiscalDateEnding": "2014-03-31",
            "totalCurrentAssets": "1342618000",
            "cashAndShortTermInvestments": "394194000",
            "totalCurrentLiabilities": "376181000",
            "currentDebt": "605000",
            "netIncome": "19439000",
            "capitalExpenditures": "14616000",
            "operatingCashflow": "60734000",
            "grossProfit": "51153000",
            "totalRevenue": "638475000",
            "sentiment": 0,
            "surprise": "0.04",
            "closePrice": "20.5731460599961"
        },
        {
            "fiscalDateEnding": "2013-12-31",
            "totalCurrentAssets": "1342833000",
            "cashAndShortTermInvestments": "345555000",
            "totalCurrentLiabilities": "398377000",
            "currentDebt": "582000",
            "netIncome": "67710000",
            "capitalExpenditures": "8590000",
            "operatingCashflow": "-854000",
            "grossProfit": "59843000",
            "totalRevenue": "756843000",
            "sentiment": 0,
            "surprise": "0.07",
            "closePrice": "19.2889297016942"
        },
        {
            "fiscalDateEnding": "2013-09-30",
            "totalCurrentAssets": "1288326000",
            "cashAndShortTermInvestments": "426560000",
            "totalCurrentLiabilities": "363674000",
            "currentDebt": "560000",
            "netIncome": "23648000",
            "capitalExpenditures": "6836000",
            "operatingCashflow": "38713000",
            "grossProfit": "45440000",
            "totalRevenue": "599177000",
            "sentiment": 0,
            "surprise": "0",
            "closePrice": "18.9807177757018"
        },
        {
            "fiscalDateEnding": "2013-06-30",
            "totalCurrentAssets": "1258521000",
            "cashAndShortTermInvestments": "398902000",
            "totalCurrentLiabilities": "360237000",
            "currentDebt": "538000",
            "netIncome": "8256000",
            "capitalExpenditures": "6391000",
            "operatingCashflow": "12570000",
            "grossProfit": "44367000",
            "totalRevenue": "607059000",
            "sentiment": 0,
            "surprise": "0.04",
            "closePrice": "18.7923660431509"
        },
        {
            "fiscalDateEnding": "2013-03-31",
            "totalCurrentAssets": "1199634000",
            "cashAndShortTermInvestments": "416854000",
            "totalCurrentLiabilities": "307699000",
            "currentDebt": "517000",
            "netIncome": "11331000",
            "capitalExpenditures": "6920000",
            "operatingCashflow": "48648000",
            "grossProfit": "36834000",
            "totalRevenue": "541987000",
            "sentiment": 0,
            "surprise": "0.02",
            "closePrice": "15.3421047605131"
        },
        {
            "fiscalDateEnding": "2012-12-31",
            "totalCurrentAssets": "1214191000",
            "cashAndShortTermInvestments": "384579000",
            "totalCurrentLiabilities": "330515000",
            "currentDebt": "497000",
            "netIncome": "18115000",
            "capitalExpenditures": "13527000",
            "operatingCashflow": "80881000",
            "grossProfit": "45459000",
            "totalRevenue": "633933000",
            "sentiment": 0,
            "surprise": "0.04",
            "closePrice": "14.9825241801886"
        },
        {
            "fiscalDateEnding": "2012-09-30",
            "totalCurrentAssets": "1203585000",
            "cashAndShortTermInvestments": "325778000",
            "totalCurrentLiabilities": "334602000",
            "currentDebt": "478000",
            "netIncome": "19314000",
            "capitalExpenditures": "14622000",
            "operatingCashflow": "52652000",
            "grossProfit": "44780000",
            "totalRevenue": "610326000",
            "sentiment": 0,
            "surprise": "0.01",
            "closePrice": "12.4226529059735"
        },
        {
            "fiscalDateEnding": "2012-06-30",
            "totalCurrentAssets": "1201168000",
            "cashAndShortTermInvestments": "280812000",
            "totalCurrentLiabilities": "343988000",
            "currentDebt": "458000",
            "netIncome": "13580000",
            "capitalExpenditures": "8938000",
            "operatingCashflow": "41435000",
            "grossProfit": "45991000",
            "totalRevenue": "629709000",
            "sentiment": 0,
            "surprise": "0.05",
            "closePrice": "12.9192165645169"
        },
        {
            "fiscalDateEnding": "2012-03-31",
            "totalCurrentAssets": "1218648000",
            "cashAndShortTermInvestments": "256668000",
            "totalCurrentLiabilities": "365467000",
            "currentDebt": "437000",
            "netIncome": "5598000",
            "capitalExpenditures": "11948000",
            "operatingCashflow": "-23821000",
            "grossProfit": "40508000",
            "totalRevenue": "593160000",
            "sentiment": 0,
            "surprise": "0.05",
            "closePrice": "13.6212548403886"
        },
        {
            "fiscalDateEnding": "2011-12-31",
            "totalCurrentAssets": "1201001000",
            "cashAndShortTermInvestments": "283920000",
            "totalCurrentLiabilities": "351950000",
            "currentDebt": "419000",
            "netIncome": "2878000",
            "capitalExpenditures": "21701000",
            "operatingCashflow": "54618000",
            "grossProfit": "28825000",
            "totalRevenue": "559086000",
            "sentiment": 0,
            "surprise": "0.09",
            "closePrice": "15.4020348572339"
        },
        {
            "fiscalDateEnding": "2011-09-30",
            "totalCurrentAssets": "1195352000",
            "cashAndShortTermInvestments": "253845000",
            "totalCurrentLiabilities": "329848000",
            "currentDebt": "401000",
            "netIncome": "19867000",
            "capitalExpenditures": "13469000",
            "operatingCashflow": "-11578000",
            "grossProfit": "34635000",
            "totalRevenue": "569749000",
            "sentiment": 0,
            "surprise": "-0.13",
            "closePrice": "12.4312143483622"
        },
        {
            "fiscalDateEnding": "2011-06-30",
            "totalCurrentAssets": "1204074000",
            "cashAndShortTermInvestments": "306508000",
            "totalCurrentLiabilities": "311200000",
            "currentDebt": "384000",
            "netIncome": "14701000",
            "capitalExpenditures": "10723000",
            "operatingCashflow": "-2430000",
            "grossProfit": "37751000",
            "totalRevenue": "585218000",
            "sentiment": 0,
            "surprise": "-0.06",
            "closePrice": "13.2274284905094"
        },
        {
            "fiscalDateEnding": "2011-03-31",
            "totalCurrentAssets": "1199148000",
            "cashAndShortTermInvestments": "333527000",
            "totalCurrentLiabilities": "303647000",
            "currentDebt": "377000",
            "netIncome": "14513000",
            "capitalExpenditures": "26104000",
            "operatingCashflow": "14174000",
            "grossProfit": "37624000",
            "totalRevenue": "537980000",
            "sentiment": 0,
            "surprise": "-0.04",
            "closePrice": "15.0852614888528"
        },
        {
            "fiscalDateEnding": "2010-12-31",
            "totalCurrentAssets": "1214111000",
            "cashAndShortTermInvestments": "346345000",
            "totalCurrentLiabilities": "322474000",
            "currentDebt": "362000",
            "netIncome": "19010000",
            "capitalExpenditures": "6987000",
            "operatingCashflow": "10029000",
            "grossProfit": "48732000",
            "totalRevenue": "626925000",
            "sentiment": 0,
            "surprise": "0.02",
            "closePrice": "16.7376198698678"
        },
        {
            "fiscalDateEnding": "2010-09-30",
            "totalCurrentAssets": "1207057000",
            "cashAndShortTermInvestments": "346299000",
            "totalCurrentLiabilities": "329632000",
            "currentDebt": "348000",
            "netIncome": "22469000",
            "capitalExpenditures": "9806000",
            "operatingCashflow": "13640000",
            "grossProfit": "47192000",
            "totalRevenue": "613335000",
            "sentiment": 0,
            "surprise": "0.03",
            "closePrice": "14.2462401347622"
        },
        {
            "fiscalDateEnding": "2010-06-30",
            "totalCurrentAssets": "1202620000",
            "cashAndShortTermInvestments": "351477000",
            "totalCurrentLiabilities": "339224000",
            "currentDebt": "333000",
            "netIncome": "20137000",
            "capitalExpenditures": "9686000",
            "operatingCashflow": "-24413000",
            "grossProfit": "46254000",
            "totalRevenue": "588809000",
            "sentiment": 0,
            "surprise": "0",
            "closePrice": "14.4773990792565"
        }
    ]
}