{
    "BILL": [
        {
            "fiscalDateEnding": "2023-12-31",
            "totalCurrentAssets": "6956047000",
            "cashAndShortTermInvestments": "2552254000",
            "totalCurrentLiabilities": "4118192000",
            "currentDebt": "135021000",
            "netIncome": "-40421000",
            "capitalExpenditures": "5469000",
            "operatingCashflow": "79681000",
            "grossProfit": "260118000",
            "totalRevenue": "313742000",
            "sentiment": 0.1849529741515998,
            "surprise": "0.23",
            "closePrice": "75.75"
        },
        {
            "fiscalDateEnding": "2023-09-30",
            "totalCurrentAssets": "6682120000",
            "cashAndShortTermInvestments": "2646638000",
            "totalCurrentLiabilities": "3700503000",
            "currentDebt": "135033000",
            "netIncome": "-27861000",
            "capitalExpenditures": "6048000",
            "operatingCashflow": "53661000",
            "grossProfit": "248959000",
            "totalRevenue": "300247000",
            "sentiment": 0.2172978127624019,
            "surprise": "0.04",
            "closePrice": "89.47"
        },
        {
            "fiscalDateEnding": "2023-06-30",
            "totalCurrentAssets": "6673164000",
            "cashAndShortTermInvestments": "2660261000",
            "totalCurrentLiabilities": "3753436000",
            "currentDebt": "135046000",
            "netIncome": "-15871000",
            "capitalExpenditures": "7473000",
            "operatingCashflow": "80355000",
            "grossProfit": "243431000",
            "totalRevenue": "291529000",
            "sentiment": 0.27050414952709717,
            "surprise": "0.18",
            "closePrice": "101.56"
        },
        {
            "fiscalDateEnding": "2023-03-31",
            "totalCurrentAssets": "6405232000",
            "cashAndShortTermInvestments": "2663573000",
            "totalCurrentLiabilities": "3335461000",
            "currentDebt": "None",
            "netIncome": "-31138000",
            "capitalExpenditures": "10059000",
            "operatingCashflow": "34031000",
            "grossProfit": "223705000",
            "totalRevenue": "268514000",
            "sentiment": 0.09044614371028106,
            "surprise": "0.26",
            "closePrice": "79.91"
        },
        {
            "fiscalDateEnding": "2022-12-31",
            "totalCurrentAssets": "6748188000",
            "cashAndShortTermInvestments": "2683296000",
            "totalCurrentLiabilities": "3731240000",
            "currentDebt": "None",
            "netIncome": "-95076000",
            "capitalExpenditures": "7531000",
            "operatingCashflow": "55230000",
            "grossProfit": "212539000",
            "totalRevenue": "256588000",
            "sentiment": 0,
            "surprise": "0.29",
            "closePrice": "128.91"
        },
        {
            "fiscalDateEnding": "2022-09-30",
            "totalCurrentAssets": "6291977000",
            "cashAndShortTermInvestments": "2643503000",
            "totalCurrentLiabilities": "3326018000",
            "currentDebt": "None",
            "netIncome": "-81640000",
            "capitalExpenditures": "6140000",
            "operatingCashflow": "18152000",
            "grossProfit": "184817000",
            "totalRevenue": "227219000",
            "sentiment": 0.024426643636407765,
            "surprise": "0.08",
            "closePrice": "116.13"
        },
        {
            "fiscalDateEnding": "2022-06-30",
            "totalCurrentAssets": "6279390000",
            "cashAndShortTermInvestments": "2705035000",
            "totalCurrentLiabilities": "3408657000",
            "currentDebt": "75097000",
            "netIncome": "-84942000",
            "capitalExpenditures": "4469000",
            "operatingCashflow": "-10474000",
            "grossProfit": "156780000",
            "totalRevenue": "197753000",
            "sentiment": -0.00848199940539165,
            "surprise": "0.11",
            "closePrice": "149.4"
        },
        {
            "fiscalDateEnding": "2022-03-31",
            "totalCurrentAssets": "6182554000",
            "cashAndShortTermInvestments": "2782779000",
            "totalCurrentLiabilities": "4391783000",
            "currentDebt": "1165205000",
            "netIncome": "-86720000",
            "capitalExpenditures": "3677000",
            "operatingCashflow": "26445000",
            "grossProfit": "129569000",
            "totalRevenue": "164664000",
            "sentiment": -0.03661248433599314,
            "surprise": "0.08",
            "closePrice": "152.24"
        },
        {
            "fiscalDateEnding": "2021-12-31",
            "totalCurrentAssets": "6492296000",
            "cashAndShortTermInvestments": "2789336000",
            "totalCurrentLiabilities": "4665201000",
            "currentDebt": "1133825000",
            "netIncome": "-80440000",
            "capitalExpenditures": "3144000",
            "operatingCashflow": "-12930000",
            "grossProfit": "122092000",
            "totalRevenue": "154133000",
            "sentiment": 0,
            "surprise": "-0.6017",
            "closePrice": "170.28"
        },
        {
            "fiscalDateEnding": "2021-09-30",
            "totalCurrentAssets": "5533212000",
            "cashAndShortTermInvestments": "2834987000",
            "totalCurrentLiabilities": "3697256000",
            "currentDebt": "1132793000",
            "netIncome": "-74259000",
            "capitalExpenditures": "4346000",
            "operatingCashflow": "-21134000",
            "grossProfit": "88514000",
            "totalRevenue": "114757000",
            "sentiment": 0,
            "surprise": "0.05",
            "closePrice": "293.9"
        },
        {
            "fiscalDateEnding": "2021-06-30",
            "totalCurrentAssets": "3606037000",
            "cashAndShortTermInvestments": "1164929000",
            "totalCurrentLiabilities": "2325659000",
            "currentDebt": "None",
            "netIncome": "-41862000",
            "capitalExpenditures": "3106000",
            "operatingCashflow": "17786000",
            "grossProfit": "57980000",
            "totalRevenue": "66016000",
            "sentiment": 0,
            "surprise": "-0.03",
            "closePrice": "219.05"
        },
        {
            "fiscalDateEnding": "2021-03-31",
            "totalCurrentAssets": "3701801000",
            "cashAndShortTermInvestments": "1736244000",
            "totalCurrentLiabilities": "1969832000",
            "currentDebt": "None",
            "netIncome": "-26728000",
            "capitalExpenditures": "3804000",
            "operatingCashflow": "-1580000",
            "grossProfit": "44304000",
            "totalRevenue": "47850000",
            "sentiment": 0,
            "surprise": "0.05",
            "closePrice": "130.33"
        },
        {
            "fiscalDateEnding": "2020-12-31",
            "totalCurrentAssets": "3985107000",
            "cashAndShortTermInvestments": "1734272000",
            "totalCurrentLiabilities": "2256066000",
            "currentDebt": "2300000",
            "netIncome": "-17179000",
            "capitalExpenditures": "8088000",
            "operatingCashflow": "-9227000",
            "grossProfit": "40072000",
            "totalRevenue": "50117000",
            "sentiment": 0,
            "surprise": "0.05",
            "closePrice": "139.87"
        },
        {
            "fiscalDateEnding": "2020-09-30",
            "totalCurrentAssets": "2396615000",
            "cashAndShortTermInvestments": "700324000",
            "totalCurrentLiabilities": "1702360000",
            "currentDebt": "2300000",
            "netIncome": "-12951000",
            "capitalExpenditures": "6208000",
            "operatingCashflow": "-2356000",
            "grossProfit": "34103000",
            "totalRevenue": "46179000",
            "sentiment": 0,
            "surprise": "0.04",
            "closePrice": "110.88"
        },
        {
            "fiscalDateEnding": "2020-06-30",
            "totalCurrentAssets": "2379449000",
            "cashAndShortTermInvestments": "697617000",
            "totalCurrentLiabilities": "1676847000",
            "currentDebt": "2300000",
            "netIncome": "-9498000",
            "capitalExpenditures": "5851000",
            "operatingCashflow": "-1103000",
            "grossProfit": "32010000",
            "totalRevenue": "42110000",
            "sentiment": 0,
            "surprise": "0.09",
            "closePrice": "106.06"
        },
        {
            "fiscalDateEnding": "2020-03-31",
            "totalCurrentAssets": "1770703000",
            "cashAndShortTermInvestments": "382423000",
            "totalCurrentLiabilities": "1386047000",
            "currentDebt": "2300000",
            "netIncome": "-8319000",
            "capitalExpenditures": "2913000",
            "operatingCashflow": "822000",
            "grossProfit": "31120000",
            "totalRevenue": "41207000",
            "sentiment": 0,
            "surprise": "0.06",
            "closePrice": "73.22"
        },
        {
            "fiscalDateEnding": "2019-12-31",
            "totalCurrentAssets": "1901260000",
            "cashAndShortTermInvestments": "383029000",
            "totalCurrentLiabilities": "1518306000",
            "currentDebt": "None",
            "netIncome": "-7578000",
            "capitalExpenditures": "1151000",
            "operatingCashflow": "-1769000",
            "grossProfit": "29293000",
            "totalRevenue": "39059000",
            "sentiment": 0,
            "surprise": "0.02",
            "closePrice": "48.51"
        }
    ]
}