{
    "BL": [
        {
            "fiscalDateEnding": "2023-12-31",
            "totalCurrentAssets": "1407324000",
            "cashAndShortTermInvestments": "1204472000",
            "totalCurrentLiabilities": "642565000",
            "currentDebt": "250011000",
            "netIncome": "22069000",
            "capitalExpenditures": "6833000",
            "operatingCashflow": "42169000",
            "grossProfit": "118118000",
            "totalRevenue": "154275000",
            "sentiment": 0.3337661396865347,
            "surprise": "0.14",
            "closePrice": "58.3"
        },
        {
            "fiscalDateEnding": "2023-09-30",
            "totalCurrentAssets": "1319140000",
            "cashAndShortTermInvestments": "1161969000",
            "totalCurrentLiabilities": "605857000",
            "currentDebt": "249834000",
            "netIncome": "11923000",
            "capitalExpenditures": "5617000",
            "operatingCashflow": "37026000",
            "grossProfit": "113914000",
            "totalRevenue": "149219000",
            "sentiment": 0.4186083688606719,
            "surprise": "0.16",
            "closePrice": "50.88"
        },
        {
            "fiscalDateEnding": "2023-06-30",
            "totalCurrentAssets": "1283746000",
            "cashAndShortTermInvestments": "1126251000",
            "totalCurrentLiabilities": "355036000",
            "currentDebt": "1031000",
            "netIncome": "30849000",
            "capitalExpenditures": "6592000",
            "operatingCashflow": "24551000",
            "grossProfit": "107458000",
            "totalRevenue": "143104000",
            "sentiment": 0.31878236788366404,
            "surprise": "0.12",
            "closePrice": "52.48"
        },
        {
            "fiscalDateEnding": "2023-03-31",
            "totalCurrentAssets": "1243201000",
            "cashAndShortTermInvestments": "1087871000",
            "totalCurrentLiabilities": "363548000",
            "currentDebt": "1012000",
            "netIncome": "-12008000",
            "capitalExpenditures": "8555000",
            "operatingCashflow": "22867000",
            "grossProfit": "103713000",
            "totalRevenue": "137056000",
            "sentiment": 0.364346567562743,
            "surprise": "0.18",
            "closePrice": "51.04"
        },
        {
            "fiscalDateEnding": "2022-12-31",
            "totalCurrentAssets": "1249567000",
            "cashAndShortTermInvestments": "1075051000",
            "totalCurrentLiabilities": "367821000",
            "currentDebt": "989000",
            "netIncome": "11304000",
            "capitalExpenditures": "5488000",
            "operatingCashflow": "25754000",
            "grossProfit": "106594000",
            "totalRevenue": "138500000",
            "sentiment": 0.488795341666158,
            "surprise": "0.18",
            "closePrice": "72.57"
        },
        {
            "fiscalDateEnding": "2022-09-30",
            "totalCurrentAssets": "1177075000",
            "cashAndShortTermInvestments": "1045920000",
            "totalCurrentLiabilities": "314581000",
            "currentDebt": "981000",
            "netIncome": "-20019000",
            "capitalExpenditures": "7625000",
            "operatingCashflow": "24176000",
            "grossProfit": "101842000",
            "totalRevenue": "132786000",
            "sentiment": 0.32461804447570386,
            "surprise": "0.12",
            "closePrice": "49.02"
        },
        {
            "fiscalDateEnding": "2022-06-30",
            "totalCurrentAssets": "1171522000",
            "cashAndShortTermInvestments": "1029591000",
            "totalCurrentLiabilities": "328256000",
            "currentDebt": "401000",
            "netIncome": "-10665000",
            "capitalExpenditures": "10884000",
            "operatingCashflow": "5907000",
            "grossProfit": "95554000",
            "totalRevenue": "127020000",
            "sentiment": -0.031994684097291816,
            "surprise": "0.06",
            "closePrice": "67.62"
        },
        {
            "fiscalDateEnding": "2022-03-31",
            "totalCurrentAssets": "1171476000",
            "cashAndShortTermInvestments": "1031644000",
            "totalCurrentLiabilities": "339494000",
            "currentDebt": "399000",
            "netIncome": "-10011000",
            "capitalExpenditures": "6185000",
            "operatingCashflow": "176000",
            "grossProfit": "89563000",
            "totalRevenue": "118971000",
            "sentiment": 0.07603111621764513,
            "surprise": "0.09",
            "closePrice": "61.99"
        },
        {
            "fiscalDateEnding": "2021-12-31",
            "totalCurrentAssets": "1347688000",
            "cashAndShortTermInvestments": "1198703000",
            "totalCurrentLiabilities": "322577000",
            "currentDebt": "373000",
            "netIncome": "-37010000",
            "capitalExpenditures": "6828000",
            "operatingCashflow": "22126000",
            "grossProfit": "87354000",
            "totalRevenue": "115326000",
            "sentiment": 0,
            "surprise": "-0.02",
            "closePrice": "91.13"
        },
        {
            "fiscalDateEnding": "2021-09-30",
            "totalCurrentAssets": "1301433000",
            "cashAndShortTermInvestments": "1177929000",
            "totalCurrentLiabilities": "256249000",
            "currentDebt": "None",
            "netIncome": "-13741000",
            "capitalExpenditures": "7152000",
            "operatingCashflow": "17074000",
            "grossProfit": "84965000",
            "totalRevenue": "93292000",
            "sentiment": 0,
            "surprise": "0.13",
            "closePrice": "129.0"
        },
        {
            "fiscalDateEnding": "2021-06-30",
            "totalCurrentAssets": "1287358000",
            "cashAndShortTermInvestments": "1168194000",
            "totalCurrentLiabilities": "259769000",
            "currentDebt": "None",
            "netIncome": "-25446000",
            "capitalExpenditures": "4168000",
            "operatingCashflow": "12388000",
            "grossProfit": "78550000",
            "totalRevenue": "86454000",
            "sentiment": 0,
            "surprise": "0.07",
            "closePrice": "115.97"
        },
        {
            "fiscalDateEnding": "2021-03-31",
            "totalCurrentAssets": "1267491000",
            "cashAndShortTermInvestments": "1157259000",
            "totalCurrentLiabilities": "248238000",
            "currentDebt": "None",
            "netIncome": "-38964000",
            "capitalExpenditures": "5117000",
            "operatingCashflow": "28505000",
            "grossProfit": "76966000",
            "totalRevenue": "76707000",
            "sentiment": 0,
            "surprise": "0.06",
            "closePrice": "103.65"
        },
        {
            "fiscalDateEnding": "2020-12-31",
            "totalCurrentAssets": "674115000",
            "cashAndShortTermInvestments": "542619000",
            "totalCurrentLiabilities": "242330000",
            "currentDebt": "None",
            "netIncome": "-16985000",
            "capitalExpenditures": "6738000",
            "operatingCashflow": "14812000",
            "grossProfit": "76528000",
            "totalRevenue": "95710000",
            "sentiment": 0,
            "surprise": "0.13",
            "closePrice": "150.37"
        },
        {
            "fiscalDateEnding": "2020-09-30",
            "totalCurrentAssets": "753997000",
            "cashAndShortTermInvestments": "525503000",
            "totalCurrentLiabilities": "203630000",
            "currentDebt": "None",
            "netIncome": "-8751000",
            "capitalExpenditures": "3135000",
            "operatingCashflow": "21789000",
            "grossProfit": "73175000",
            "totalRevenue": "84243000",
            "sentiment": 0,
            "surprise": "0.14",
            "closePrice": "92.3"
        },
        {
            "fiscalDateEnding": "2020-06-30",
            "totalCurrentAssets": "739913000",
            "cashAndShortTermInvestments": "626496000",
            "totalCurrentLiabilities": "202995000",
            "currentDebt": "4499000",
            "netIncome": "-8332000",
            "capitalExpenditures": "6110000",
            "operatingCashflow": "9617000",
            "grossProfit": "66529000",
            "totalRevenue": "77531000",
            "sentiment": 0,
            "surprise": "0.09",
            "closePrice": "91.83"
        },
        {
            "fiscalDateEnding": "2020-03-31",
            "totalCurrentAssets": "720596000",
            "cashAndShortTermInvestments": "613967000",
            "totalCurrentLiabilities": "199587000",
            "currentDebt": "4555000",
            "netIncome": "-12843000",
            "capitalExpenditures": "3441000",
            "operatingCashflow": "8517000",
            "grossProfit": "66533000",
            "totalRevenue": "76087000",
            "sentiment": 0,
            "surprise": "0.05",
            "closePrice": "60.74"
        },
        {
            "fiscalDateEnding": "2019-12-31",
            "totalCurrentAssets": "723406000",
            "cashAndShortTermInvestments": "607747000",
            "totalCurrentLiabilities": "206997000",
            "currentDebt": "4938000",
            "netIncome": "-9186000",
            "capitalExpenditures": "2480000",
            "operatingCashflow": "8224000",
            "grossProfit": "65137000",
            "totalRevenue": "80258000",
            "sentiment": 0,
            "surprise": "0.01",
            "closePrice": "65.0"
        },
        {
            "fiscalDateEnding": "2019-09-30",
            "totalCurrentAssets": "689260000",
            "cashAndShortTermInvestments": "596521000",
            "totalCurrentLiabilities": "178205000",
            "currentDebt": "4779000",
            "netIncome": "-9206000",
            "capitalExpenditures": "2624000",
            "operatingCashflow": "9854000",
            "grossProfit": "59633000",
            "totalRevenue": "71919000",
            "sentiment": 0,
            "surprise": "0.09",
            "closePrice": "47.5"
        },
        {
            "fiscalDateEnding": "2019-06-30",
            "totalCurrentAssets": "235782000",
            "cashAndShortTermInvestments": "145194000",
            "totalCurrentLiabilities": "174748000",
            "currentDebt": "5017000",
            "netIncome": "-5362000",
            "capitalExpenditures": "2253000",
            "operatingCashflow": "8620000",
            "grossProfit": "54720000",
            "totalRevenue": "69664000",
            "sentiment": 0,
            "surprise": "0.1",
            "closePrice": "42.54"
        },
        {
            "fiscalDateEnding": "2019-03-31",
            "totalCurrentAssets": "219339000",
            "cashAndShortTermInvestments": "134755000",
            "totalCurrentLiabilities": "162631000",
            "currentDebt": "None",
            "netIncome": "-8781000",
            "capitalExpenditures": "2335000",
            "operatingCashflow": "3026000",
            "grossProfit": "50511000",
            "totalRevenue": "64001000",
            "sentiment": 0,
            "surprise": "0.03",
            "closePrice": "53.28"
        },
        {
            "fiscalDateEnding": "2018-12-31",
            "totalCurrentAssets": "221521000",
            "cashAndShortTermInvestments": "132577000",
            "totalCurrentLiabilities": "159003000",
            "currentDebt": "None",
            "netIncome": "-8143000",
            "capitalExpenditures": "2731000",
            "operatingCashflow": "4823000",
            "grossProfit": "48431000",
            "totalRevenue": "62316000",
            "sentiment": 0,
            "surprise": "0.02",
            "closePrice": "49.24"
        },
        {
            "fiscalDateEnding": "2018-09-30",
            "totalCurrentAssets": "204493000",
            "cashAndShortTermInvestments": "125116000",
            "totalCurrentLiabilities": "143344000",
            "currentDebt": "None",
            "netIncome": "-4766000",
            "capitalExpenditures": "2419000",
            "operatingCashflow": "4814000",
            "grossProfit": "45217000",
            "totalRevenue": "58734000",
            "sentiment": 0,
            "surprise": "0.0688",
            "closePrice": "47.01"
        },
        {
            "fiscalDateEnding": "2018-06-30",
            "totalCurrentAssets": "192533000",
            "cashAndShortTermInvestments": "114873000",
            "totalCurrentLiabilities": "141172000",
            "currentDebt": "None",
            "netIncome": "-8553000",
            "capitalExpenditures": "3522000",
            "operatingCashflow": "4681000",
            "grossProfit": "43588000",
            "totalRevenue": "55454000",
            "sentiment": 0,
            "surprise": "0.02",
            "closePrice": "45.54"
        },
        {
            "fiscalDateEnding": "2018-03-31",
            "totalCurrentAssets": "186676000",
            "cashAndShortTermInvestments": "114032000",
            "totalCurrentLiabilities": "131547000",
            "currentDebt": "None",
            "netIncome": "-7252000",
            "capitalExpenditures": "3287000",
            "operatingCashflow": "1822000",
            "grossProfit": "39678000",
            "totalRevenue": "51284000",
            "sentiment": 0,
            "surprise": "0.04",
            "closePrice": "42.84"
        },
        {
            "fiscalDateEnding": "2017-12-31",
            "totalCurrentAssets": "188454000",
            "cashAndShortTermInvestments": "112580000",
            "totalCurrentLiabilities": "134320000",
            "currentDebt": "442000",
            "netIncome": "-4166000",
            "capitalExpenditures": "1552000",
            "operatingCashflow": "2750000",
            "grossProfit": "39070000",
            "totalRevenue": "50233000",
            "sentiment": 0,
            "surprise": "0.0313",
            "closePrice": "34.65"
        },
        {
            "fiscalDateEnding": "2017-09-30",
            "totalCurrentAssets": "172743000",
            "cashAndShortTermInvestments": "109770000",
            "totalCurrentLiabilities": "117454000",
            "currentDebt": "442000",
            "netIncome": "-12074000",
            "capitalExpenditures": "3973000",
            "operatingCashflow": "3507000",
            "grossProfit": "34553000",
            "totalRevenue": "45871000",
            "sentiment": 0,
            "surprise": "0.05",
            "closePrice": "35.08"
        },
        {
            "fiscalDateEnding": "2017-06-30",
            "totalCurrentAssets": "167548000",
            "cashAndShortTermInvestments": "107251000",
            "totalCurrentLiabilities": "111957000",
            "currentDebt": "442000",
            "netIncome": "-9126000",
            "capitalExpenditures": "1530000",
            "operatingCashflow": "5737000",
            "grossProfit": "31624000",
            "totalRevenue": "41981000",
            "sentiment": 0,
            "surprise": "0.07",
            "closePrice": "37.45"
        },
        {
            "fiscalDateEnding": "2017-03-31",
            "totalCurrentAssets": "162515000",
            "cashAndShortTermInvestments": "101316000",
            "totalCurrentLiabilities": "110343000",
            "currentDebt": "442000",
            "netIncome": "-7685000",
            "capitalExpenditures": "1571000",
            "operatingCashflow": "7791000",
            "grossProfit": "28971000",
            "totalRevenue": "38181000",
            "sentiment": 0,
            "surprise": "0.03",
            "closePrice": "32.21"
        },
        {
            "fiscalDateEnding": "2016-12-31",
            "totalCurrentAssets": "163823000",
            "cashAndShortTermInvestments": "105248000",
            "totalCurrentLiabilities": "108464000",
            "currentDebt": "992000",
            "netIncome": "-15664000",
            "capitalExpenditures": "1360000",
            "operatingCashflow": "4933000",
            "grossProfit": "26673000",
            "totalRevenue": "35340000",
            "sentiment": 0,
            "surprise": "0.04",
            "closePrice": "29.3"
        },
        {
            "fiscalDateEnding": "2016-09-30",
            "totalCurrentAssets": "68032000",
            "cashAndShortTermInvestments": "19586000",
            "totalCurrentLiabilities": "97723000",
            "currentDebt": "558000",
            "netIncome": "-6619000",
            "capitalExpenditures": "1260000",
            "operatingCashflow": "-6619000",
            "grossProfit": "24655000",
            "totalRevenue": "32196000",
            "sentiment": 0,
            "surprise": "0.04",
            "closePrice": "26.94"
        }
    ]
}