{
    "BLKB": [
        {
            "fiscalDateEnding": "2023-12-31",
            "totalCurrentAssets": "929757000",
            "cashAndShortTermInvestments": "31251000",
            "totalCurrentLiabilities": "1197137000",
            "currentDebt": "19259000",
            "netIncome": "5399000",
            "capitalExpenditures": "15221000",
            "operatingCashflow": "-3349000",
            "grossProfit": "159176000",
            "totalRevenue": "286466000",
            "sentiment": 0.3342404215196633,
            "surprise": "0.09",
            "closePrice": "70.38"
        },
        {
            "fiscalDateEnding": "2023-09-30",
            "totalCurrentAssets": "579406000",
            "cashAndShortTermInvestments": "31091000",
            "totalCurrentLiabilities": "937600000",
            "currentDebt": "19217000",
            "netIncome": "9017000",
            "capitalExpenditures": "17372000",
            "operatingCashflow": "127981000",
            "grossProfit": "155860000",
            "totalRevenue": "270513000",
            "sentiment": 0.3059121268632675,
            "surprise": "0.15",
            "closePrice": "65.4"
        },
        {
            "fiscalDateEnding": "2023-06-30",
            "totalCurrentAssets": "1044566000",
            "cashAndShortTermInvestments": "29041000",
            "totalCurrentLiabilities": "1361129000",
            "currentDebt": "19176000",
            "netIncome": "2105000",
            "capitalExpenditures": "16204000",
            "operatingCashflow": "53196000",
            "grossProfit": "149567000",
            "totalRevenue": "260194000",
            "sentiment": 0.20314709483125834,
            "surprise": "0.05",
            "closePrice": "75.07"
        },
        {
            "fiscalDateEnding": "2023-03-31",
            "totalCurrentAssets": "579322000",
            "cashAndShortTermInvestments": "24083000",
            "totalCurrentLiabilities": "863863000",
            "currentDebt": "19136000",
            "netIncome": "-14701000",
            "capitalExpenditures": "15331000",
            "operatingCashflow": "21806000",
            "grossProfit": "138641000",
            "totalRevenue": "251657000",
            "sentiment": 0.2550174036284358,
            "surprise": "0.02",
            "closePrice": "67.33"
        },
        {
            "fiscalDateEnding": "2022-12-31",
            "totalCurrentAssets": "918643000",
            "cashAndShortTermInvestments": "31691000",
            "totalCurrentLiabilities": "1230642000",
            "currentDebt": "18802000",
            "netIncome": "-21259000",
            "capitalExpenditures": "17794000",
            "operatingCashflow": "14087000",
            "grossProfit": "139274000",
            "totalRevenue": "264433000",
            "sentiment": 0.17036480991495023,
            "surprise": "0.08",
            "closePrice": "61.36"
        },
        {
            "fiscalDateEnding": "2022-09-30",
            "totalCurrentAssets": "547537000",
            "cashAndShortTermInvestments": "31413000",
            "totalCurrentLiabilities": "871022000",
            "currentDebt": "18193000",
            "netIncome": "-10319000",
            "capitalExpenditures": "18568000",
            "operatingCashflow": "108027000",
            "grossProfit": "140360000",
            "totalRevenue": "255742000",
            "sentiment": 0.34361409662120745,
            "surprise": "0.09",
            "closePrice": "54.41"
        },
        {
            "fiscalDateEnding": "2022-06-30",
            "totalCurrentAssets": "726992000",
            "cashAndShortTermInvestments": "29029000",
            "totalCurrentLiabilities": "994319000",
            "currentDebt": "18154000",
            "netIncome": "-3422000",
            "capitalExpenditures": "17752000",
            "operatingCashflow": "57275000",
            "grossProfit": "139320000",
            "totalRevenue": "258988000",
            "sentiment": 0.02056341789161767,
            "surprise": "0.08",
            "closePrice": "61.31"
        },
        {
            "fiscalDateEnding": "2022-03-31",
            "totalCurrentAssets": "507112000",
            "cashAndShortTermInvestments": "33786000",
            "totalCurrentLiabilities": "758932000",
            "currentDebt": "18116000",
            "netIncome": "-10407000",
            "capitalExpenditures": "16949000",
            "operatingCashflow": "24504000",
            "grossProfit": "133762000",
            "totalRevenue": "249956000",
            "sentiment": 0.0645212843490836,
            "surprise": "-0.09",
            "closePrice": "57.24"
        },
        {
            "fiscalDateEnding": "2021-12-31",
            "totalCurrentAssets": "850971000",
            "cashAndShortTermInvestments": "55146000",
            "totalCurrentLiabilities": "1109632000",
            "currentDebt": "18697000",
            "netIncome": "-7057000",
            "capitalExpenditures": "14160000",
            "operatingCashflow": "43873000",
            "grossProfit": "123832000",
            "totalRevenue": "246036000",
            "sentiment": 0,
            "surprise": "0.07",
            "closePrice": "61.69"
        },
        {
            "fiscalDateEnding": "2021-09-30",
            "totalCurrentAssets": "457981000",
            "cashAndShortTermInvestments": "27591000",
            "totalCurrentLiabilities": "660126000",
            "currentDebt": "12948000",
            "netIncome": "6188000",
            "capitalExpenditures": "12003000",
            "operatingCashflow": "69866000",
            "grossProfit": "123537000",
            "totalRevenue": "227528000",
            "sentiment": 0,
            "surprise": "0.16",
            "closePrice": "73.01"
        },
        {
            "fiscalDateEnding": "2021-06-30",
            "totalCurrentAssets": "691008000",
            "cashAndShortTermInvestments": "28288000",
            "totalCurrentLiabilities": "877627000",
            "currentDebt": "12911000",
            "netIncome": "6731000",
            "capitalExpenditures": "13218000",
            "operatingCashflow": "69819000",
            "grossProfit": "121370000",
            "totalRevenue": "224752000",
            "sentiment": 0,
            "surprise": "0.1",
            "closePrice": "70.99"
        },
        {
            "fiscalDateEnding": "2021-03-31",
            "totalCurrentAssets": "465284000",
            "cashAndShortTermInvestments": "27753000",
            "totalCurrentLiabilities": "646134000",
            "currentDebt": "12875000",
            "netIncome": "-164000",
            "capitalExpenditures": "12772000",
            "operatingCashflow": "30103000",
            "grossProfit": "115806000",
            "totalRevenue": "214537000",
            "sentiment": 0,
            "surprise": "0.06",
            "closePrice": "74.68"
        },
        {
            "fiscalDateEnding": "2020-12-31",
            "totalCurrentAssets": "819060000",
            "cashAndShortTermInvestments": "35750000",
            "totalCurrentLiabilities": "1013404000",
            "currentDebt": "12840000",
            "netIncome": "-13621000",
            "capitalExpenditures": "13983000",
            "operatingCashflow": "38790000",
            "grossProfit": "123030000",
            "totalRevenue": "242606000",
            "sentiment": 0,
            "surprise": "0.14",
            "closePrice": "72.37"
        },
        {
            "fiscalDateEnding": "2020-09-30",
            "totalCurrentAssets": "412715000",
            "cashAndShortTermInvestments": "30563000",
            "totalCurrentLiabilities": "620268000",
            "currentDebt": "10305000",
            "netIncome": "4876000",
            "capitalExpenditures": "30298000",
            "operatingCashflow": "71677000",
            "grossProfit": "116316000",
            "totalRevenue": "215001000",
            "sentiment": 0,
            "surprise": "0.03",
            "closePrice": "57.76"
        },
        {
            "fiscalDateEnding": "2020-06-30",
            "totalCurrentAssets": "667104000",
            "cashAndShortTermInvestments": "30531000",
            "totalCurrentLiabilities": "858885000",
            "currentDebt": "9194000",
            "netIncome": "11823000",
            "capitalExpenditures": "13762000",
            "operatingCashflow": "61991000",
            "grossProfit": "127052000",
            "totalRevenue": "231991000",
            "sentiment": 0,
            "surprise": "0.35",
            "closePrice": "56.55"
        },
        {
            "fiscalDateEnding": "2020-03-31",
            "totalCurrentAssets": "428622000",
            "cashAndShortTermInvestments": "24972000",
            "totalCurrentLiabilities": "622779000",
            "currentDebt": "30023000",
            "netIncome": "4639000",
            "capitalExpenditures": "13804000",
            "operatingCashflow": "-24503000",
            "grossProfit": "118756000",
            "totalRevenue": "223621000",
            "sentiment": 0,
            "surprise": "0.05",
            "closePrice": "55.42"
        },
        {
            "fiscalDateEnding": "2019-12-31",
            "totalCurrentAssets": "734539000",
            "cashAndShortTermInvestments": "31810000",
            "totalCurrentLiabilities": "988837000",
            "currentDebt": "27284000",
            "netIncome": "1324000",
            "capitalExpenditures": "14256000",
            "operatingCashflow": "60353000",
            "grossProfit": "121302000",
            "totalRevenue": "237839000",
            "sentiment": 0,
            "surprise": "0.01",
            "closePrice": "77.6053464203233"
        },
        {
            "fiscalDateEnding": "2019-09-30",
            "totalCurrentAssets": "445945000",
            "cashAndShortTermInvestments": "29084000",
            "totalCurrentLiabilities": "677438000",
            "currentDebt": "26899000",
            "netIncome": "4566000",
            "capitalExpenditures": "14529000",
            "operatingCashflow": "77035000",
            "grossProfit": "119323000",
            "totalRevenue": "221120000",
            "sentiment": 0,
            "surprise": "0.06",
            "closePrice": "86.104787595582"
        },
        {
            "fiscalDateEnding": "2019-06-30",
            "totalCurrentAssets": "600141000",
            "cashAndShortTermInvestments": "32654000",
            "totalCurrentLiabilities": "790544000",
            "currentDebt": "23655000",
            "netIncome": "7140000",
            "capitalExpenditures": "17110000",
            "operatingCashflow": "55100000",
            "grossProfit": "124827000",
            "totalRevenue": "225634000",
            "sentiment": 0,
            "surprise": "0.1",
            "closePrice": "87.6490009376113"
        },
        {
            "fiscalDateEnding": "2019-03-31",
            "totalCurrentAssets": "413883000",
            "cashAndShortTermInvestments": "25187000",
            "totalCurrentLiabilities": "601075000",
            "currentDebt": "7500000",
            "netIncome": "-1122000",
            "capitalExpenditures": "12471000",
            "operatingCashflow": "-10011000",
            "grossProfit": "116547000",
            "totalRevenue": "215830000",
            "sentiment": 0,
            "surprise": "0",
            "closePrice": "78.8069352097945"
        },
        {
            "fiscalDateEnding": "2018-12-31",
            "totalCurrentAssets": "597982000",
            "cashAndShortTermInvestments": "30866000",
            "totalCurrentLiabilities": "805655000",
            "currentDebt": "7500000",
            "netIncome": "9334000",
            "capitalExpenditures": "12809000",
            "operatingCashflow": "63554000",
            "grossProfit": "117922000",
            "totalRevenue": "221218000",
            "sentiment": 0,
            "surprise": "0.1",
            "closePrice": "66.7468498991844"
        },
        {
            "fiscalDateEnding": "2018-09-30",
            "totalCurrentAssets": "375282000",
            "cashAndShortTermInvestments": "25352000",
            "totalCurrentLiabilities": "566490000",
            "currentDebt": "8576000",
            "netIncome": "11164000",
            "capitalExpenditures": "13605000",
            "operatingCashflow": "71437000",
            "grossProfit": "114295000",
            "totalRevenue": "209532000",
            "sentiment": 0,
            "surprise": "0.04",
            "closePrice": "67.2174306216244"
        },
        {
            "fiscalDateEnding": "2018-06-30",
            "totalCurrentAssets": "536510000",
            "cashAndShortTermInvestments": "29194000",
            "totalCurrentLiabilities": "693255000",
            "currentDebt": "8576000",
            "netIncome": "6592000",
            "capitalExpenditures": "13060000",
            "operatingCashflow": "54641000",
            "grossProfit": "118500000",
            "totalRevenue": "213672000",
            "sentiment": 0,
            "surprise": "0.02",
            "closePrice": "108.272041129322"
        },
        {
            "fiscalDateEnding": "2018-03-31",
            "totalCurrentAssets": "359563000",
            "cashAndShortTermInvestments": "25013000",
            "totalCurrentLiabilities": "504350000",
            "currentDebt": "8576000",
            "netIncome": "17751000",
            "capitalExpenditures": "12874000",
            "operatingCashflow": "11753000",
            "grossProfit": "116147000",
            "totalRevenue": "204184000",
            "sentiment": 0,
            "surprise": "0.07",
            "closePrice": "103.732355195487"
        },
        {
            "fiscalDateEnding": "2017-12-31",
            "totalCurrentAssets": "799367000",
            "cashAndShortTermInvestments": "29830000",
            "totalCurrentLiabilities": "974611000",
            "currentDebt": "8576000",
            "netIncome": "36638000",
            "capitalExpenditures": "9531000",
            "operatingCashflow": "52905000",
            "grossProfit": "114980000",
            "totalRevenue": "217402000",
            "sentiment": 0,
            "surprise": "0.01",
            "closePrice": "90.5715986520505"
        },
        {
            "fiscalDateEnding": "2017-09-30",
            "totalCurrentAssets": "307095000",
            "cashAndShortTermInvestments": "17050000",
            "totalCurrentLiabilities": "488159000",
            "currentDebt": "8576000",
            "netIncome": "12824000",
            "capitalExpenditures": "9742000",
            "operatingCashflow": "68834000",
            "grossProfit": "107419000",
            "totalRevenue": "194424000",
            "sentiment": 0,
            "surprise": "0.05",
            "closePrice": "89.8443214937508"
        },
        {
            "fiscalDateEnding": "2017-06-30",
            "totalCurrentAssets": "487675000",
            "cashAndShortTermInvestments": "17268000",
            "totalCurrentLiabilities": "641716000",
            "currentDebt": "7500000",
            "netIncome": "11029000",
            "capitalExpenditures": "9978000",
            "operatingCashflow": "41787000",
            "grossProfit": "104594000",
            "totalRevenue": "191589000",
            "sentiment": 0,
            "surprise": "0.03",
            "closePrice": "90.9162225788465"
        },
        {
            "fiscalDateEnding": "2017-03-31",
            "totalCurrentAssets": "318302000",
            "cashAndShortTermInvestments": "13872000",
            "totalCurrentLiabilities": "465962000",
            "currentDebt": "4375000",
            "netIncome": "13142000",
            "capitalExpenditures": "9302000",
            "operatingCashflow": "12764000",
            "grossProfit": "99590000",
            "totalRevenue": "185072000",
            "sentiment": 0,
            "surprise": "-0.01",
            "closePrice": "80.1266595351415"
        },
        {
            "fiscalDateEnding": "2016-12-31",
            "totalCurrentAssets": "507919000",
            "cashAndShortTermInvestments": "16902000",
            "totalCurrentLiabilities": "680116000",
            "currentDebt": "4375000",
            "netIncome": "17284000",
            "capitalExpenditures": "9516000",
            "operatingCashflow": "53484000",
            "grossProfit": "105903000",
            "totalRevenue": "198305000",
            "sentiment": 0,
            "surprise": "0.03",
            "closePrice": "60.914065272933"
        },
        {
            "fiscalDateEnding": "2016-09-30",
            "totalCurrentAssets": "292824000",
            "cashAndShortTermInvestments": "16462000",
            "totalCurrentLiabilities": "454675000",
            "currentDebt": "4375000",
            "netIncome": "8934000",
            "capitalExpenditures": "9800000",
            "operatingCashflow": "51391000",
            "grossProfit": "99746000",
            "totalRevenue": "183063000",
            "sentiment": 0,
            "surprise": "-0.06",
            "closePrice": "59.8540177264112"
        },
        {
            "fiscalDateEnding": "2016-06-30",
            "totalCurrentAssets": "371843000",
            "cashAndShortTermInvestments": "15263000",
            "totalCurrentLiabilities": "522414000",
            "currentDebt": "4375000",
            "netIncome": "9060000",
            "capitalExpenditures": "11102000",
            "operatingCashflow": "41996000",
            "grossProfit": "96579000",
            "totalRevenue": "180191000",
            "sentiment": 0,
            "surprise": "-0.04",
            "closePrice": "66.0175704688708"
        },
        {
            "fiscalDateEnding": "2016-03-31",
            "totalCurrentAssets": "253975000",
            "cashAndShortTermInvestments": "12084000",
            "totalCurrentLiabilities": "397653000",
            "currentDebt": "4375000",
            "netIncome": "6237000",
            "capitalExpenditures": "13635000",
            "operatingCashflow": "6757000",
            "grossProfit": "89367000",
            "totalRevenue": "169256000",
            "sentiment": 0,
            "surprise": "0",
            "closePrice": "62.4724405560609"
        },
        {
            "fiscalDateEnding": "2015-12-31",
            "totalCurrentAssets": "399112000",
            "cashAndShortTermInvestments": "15362000",
            "totalCurrentLiabilities": "566298000",
            "currentDebt": "4375000",
            "netIncome": "6411000",
            "capitalExpenditures": "8686000",
            "operatingCashflow": "39718000",
            "grossProfit": "90661000",
            "totalRevenue": "175877000",
            "sentiment": 0,
            "surprise": "-0.01",
            "closePrice": "49.6477336651877"
        },
        {
            "fiscalDateEnding": "2015-09-30",
            "totalCurrentAssets": "209332000",
            "cashAndShortTermInvestments": "17555000",
            "totalCurrentLiabilities": "353709000",
            "currentDebt": "4375000",
            "netIncome": "7911000",
            "capitalExpenditures": "11432000",
            "operatingCashflow": "41945000",
            "grossProfit": "84638000",
            "totalRevenue": "158811000",
            "sentiment": 0,
            "surprise": "-0.01",
            "closePrice": "62.5772089542967"
        },
        {
            "fiscalDateEnding": "2015-06-30",
            "totalCurrentAssets": "215339000",
            "cashAndShortTermInvestments": "13227000",
            "totalCurrentLiabilities": "353963000",
            "currentDebt": "4375000",
            "netIncome": "7042000",
            "capitalExpenditures": "8346000",
            "operatingCashflow": "43333000",
            "grossProfit": "82829000",
            "totalRevenue": "156259000",
            "sentiment": 0,
            "surprise": "0.03",
            "closePrice": "56.0844344993624"
        },
        {
            "fiscalDateEnding": "2015-03-31",
            "totalCurrentAssets": "199735000",
            "cashAndShortTermInvestments": "13286000",
            "totalCurrentLiabilities": "315079000",
            "currentDebt": "4375000",
            "netIncome": "4285000",
            "capitalExpenditures": "5650000",
            "operatingCashflow": "4231000",
            "grossProfit": "75181000",
            "totalRevenue": "146993000",
            "sentiment": 0,
            "surprise": "0",
            "closePrice": "47.1838230928199"
        },
        {
            "fiscalDateEnding": "2014-12-31",
            "totalCurrentAssets": "287782000",
            "cashAndShortTermInvestments": "14735000",
            "totalCurrentLiabilities": "421004000",
            "currentDebt": "4375000",
            "netIncome": "4816000",
            "capitalExpenditures": "14129000",
            "operatingCashflow": "31392000",
            "grossProfit": "75549000",
            "totalRevenue": "152813000",
            "sentiment": 0,
            "surprise": "-0.01",
            "closePrice": "42.6297129046987"
        },
        {
            "fiscalDateEnding": "2014-09-30",
            "totalCurrentAssets": "210836000",
            "cashAndShortTermInvestments": "53960000",
            "totalCurrentLiabilities": "306050000",
            "currentDebt": "4372000",
            "netIncome": "10380000",
            "capitalExpenditures": "2894000",
            "operatingCashflow": "40388000",
            "grossProfit": "76450000",
            "totalRevenue": "144598000",
            "sentiment": 0,
            "surprise": "0.04",
            "closePrice": "39.6403648880618"
        },
        {
            "fiscalDateEnding": "2014-06-30",
            "totalCurrentAssets": "192123000",
            "cashAndShortTermInvestments": "69186000",
            "totalCurrentLiabilities": "293006000",
            "currentDebt": "4375000",
            "netIncome": "9280000",
            "capitalExpenditures": "-696000",
            "operatingCashflow": "31840000",
            "grossProfit": "74692000",
            "totalRevenue": "139388000",
            "sentiment": 0,
            "surprise": "0.07",
            "closePrice": "34.1873781445386"
        },
        {
            "fiscalDateEnding": "2014-03-31",
            "totalCurrentAssets": "181495000",
            "cashAndShortTermInvestments": "76084000",
            "totalCurrentLiabilities": "267308000",
            "currentDebt": "4375000",
            "netIncome": "3814000",
            "capitalExpenditures": "6119000",
            "operatingCashflow": "13264000",
            "grossProfit": "64292000",
            "totalRevenue": "127622000",
            "sentiment": 0,
            "surprise": "0.04",
            "closePrice": "29.1149234823239"
        },
        {
            "fiscalDateEnding": "2013-12-31",
            "totalCurrentAssets": "229769000",
            "cashAndShortTermInvestments": "119251000",
            "totalCurrentLiabilities": "356682000",
            "currentDebt": "17158000",
            "netIncome": "11790000",
            "capitalExpenditures": "6679000",
            "operatingCashflow": "29274000",
            "grossProfit": "68514000",
            "totalRevenue": "134872000",
            "sentiment": 0,
            "surprise": "0",
            "closePrice": "31.0166410576102"
        },
        {
            "fiscalDateEnding": "2013-09-30",
            "totalCurrentAssets": "168764000",
            "cashAndShortTermInvestments": "58437000",
            "totalCurrentLiabilities": "287664000",
            "currentDebt": "12500000",
            "netIncome": "9393000",
            "capitalExpenditures": "3339000",
            "operatingCashflow": "40498000",
            "grossProfit": "71740000",
            "totalRevenue": "127854000",
            "sentiment": 0,
            "surprise": "0.02",
            "closePrice": "33.5141741892352"
        },
        {
            "fiscalDateEnding": "2013-06-30",
            "totalCurrentAssets": "165281000",
            "cashAndShortTermInvestments": "34354000",
            "totalCurrentLiabilities": "272007000",
            "currentDebt": "11250000",
            "netIncome": "6623000",
            "capitalExpenditures": "3776000",
            "operatingCashflow": "24532000",
            "grossProfit": "68855000",
            "totalRevenue": "125468000",
            "sentiment": 0,
            "surprise": "0.05",
            "closePrice": "33.2014503143731"
        },
        {
            "fiscalDateEnding": "2013-03-31",
            "totalCurrentAssets": "149404000",
            "cashAndShortTermInvestments": "34729000",
            "totalCurrentLiabilities": "250524000",
            "currentDebt": "10000000",
            "netIncome": "2666000",
            "capitalExpenditures": "6292000",
            "operatingCashflow": "12940000",
            "grossProfit": "62045000",
            "totalRevenue": "115623000",
            "sentiment": 0,
            "surprise": "0.06",
            "closePrice": "28.5621700697964"
        },
        {
            "fiscalDateEnding": "2012-12-31",
            "totalCurrentAssets": "213748000",
            "cashAndShortTermInvestments": "81668000",
            "totalCurrentLiabilities": "311695000",
            "currentDebt": "10000000",
            "netIncome": "3270000",
            "capitalExpenditures": "5130000",
            "operatingCashflow": "29022000",
            "grossProfit": "64299000",
            "totalRevenue": "120051000",
            "sentiment": 0,
            "surprise": "0.03",
            "closePrice": "24.4420898751034"
        },
        {
            "fiscalDateEnding": "2012-09-30",
            "totalCurrentAssets": "176148000",
            "cashAndShortTermInvestments": "51575000",
            "totalCurrentLiabilities": "262994000",
            "currentDebt": "10000000",
            "netIncome": "2825000",
            "capitalExpenditures": "3859000",
            "operatingCashflow": "28720000",
            "grossProfit": "67344000",
            "totalRevenue": "122472000",
            "sentiment": 0,
            "surprise": "0.02",
            "closePrice": "21.2494235551002"
        },
        {
            "fiscalDateEnding": "2012-06-30",
            "totalCurrentAssets": "174902000",
            "cashAndShortTermInvestments": "39506000",
            "totalCurrentLiabilities": "413490000",
            "currentDebt": "165000000",
            "netIncome": "-2271000",
            "capitalExpenditures": "5271000",
            "operatingCashflow": "6964000",
            "grossProfit": "59685000",
            "totalRevenue": "110190000",
            "sentiment": 0,
            "surprise": "0.02",
            "closePrice": "25.7798205960934"
        },
        {
            "fiscalDateEnding": "2012-03-31",
            "totalCurrentAssets": "164305000",
            "cashAndShortTermInvestments": "66858000",
            "totalCurrentLiabilities": "213633000",
            "currentDebt": "None",
            "netIncome": "2759000",
            "capitalExpenditures": "6297000",
            "operatingCashflow": "3985000",
            "grossProfit": "53631000",
            "totalRevenue": "94706000",
            "sentiment": 0,
            "surprise": "-0.03",
            "closePrice": "27.7251075072083"
        },
        {
            "fiscalDateEnding": "2011-12-31",
            "totalCurrentAssets": "187948000",
            "cashAndShortTermInvestments": "92725000",
            "totalCurrentLiabilities": "240041000",
            "currentDebt": "None",
            "netIncome": "6351000",
            "capitalExpenditures": "5218000",
            "operatingCashflow": "16904000",
            "grossProfit": "52971000",
            "totalRevenue": "95045000",
            "sentiment": 0,
            "surprise": "-0.02",
            "closePrice": "29.4702518784555"
        },
        {
            "fiscalDateEnding": "2011-09-30",
            "totalCurrentAssets": "171717000",
            "cashAndShortTermInvestments": "73179000",
            "totalCurrentLiabilities": "216508000",
            "currentDebt": "None",
            "netIncome": "10214000",
            "capitalExpenditures": "5294000",
            "operatingCashflow": "30271000",
            "grossProfit": "55722000",
            "totalRevenue": "95413000",
            "sentiment": 0,
            "surprise": "0",
            "closePrice": "24.0000049676355"
        },
        {
            "fiscalDateEnding": "2011-06-30",
            "totalCurrentAssets": "147786000",
            "cashAndShortTermInvestments": "44233000",
            "totalCurrentLiabilities": "198905000",
            "currentDebt": "None",
            "netIncome": "9362000",
            "capitalExpenditures": "6630000",
            "operatingCashflow": "20841000",
            "grossProfit": "54494000",
            "totalRevenue": "93782000",
            "sentiment": 0,
            "surprise": "0.02",
            "closePrice": "21.4895920185837"
        },
        {
            "fiscalDateEnding": "2011-03-31",
            "totalCurrentAssets": "121263000",
            "cashAndShortTermInvestments": "38996000",
            "totalCurrentLiabilities": "183735000",
            "currentDebt": "None",
            "netIncome": "7293000",
            "capitalExpenditures": "1073000",
            "operatingCashflow": "17511000",
            "grossProfit": "50487000",
            "totalRevenue": "86628000",
            "sentiment": 0,
            "surprise": "0.02",
            "closePrice": "24.4185115658853"
        },
        {
            "fiscalDateEnding": "2010-12-31",
            "totalCurrentAssets": "140962000",
            "cashAndShortTermInvestments": "44333000",
            "totalCurrentLiabilities": "198018000",
            "currentDebt": "None",
            "netIncome": "7241000",
            "capitalExpenditures": "163000",
            "operatingCashflow": "7185000",
            "grossProfit": "49370000",
            "totalRevenue": "85768000",
            "sentiment": 0,
            "surprise": "0",
            "closePrice": "24.1332463854373"
        },
        {
            "fiscalDateEnding": "2010-09-30",
            "totalCurrentAssets": "126843000",
            "cashAndShortTermInvestments": "45158000",
            "totalCurrentLiabilities": "192048000",
            "currentDebt": "420000",
            "netIncome": "8684000",
            "capitalExpenditures": "3836000",
            "operatingCashflow": "24177000",
            "grossProfit": "50232000",
            "totalRevenue": "83450000",
            "sentiment": 0,
            "surprise": "0",
            "closePrice": "23.101860286683"
        },
        {
            "fiscalDateEnding": "2010-06-30",
            "totalCurrentAssets": "105617000",
            "cashAndShortTermInvestments": "20200000",
            "totalCurrentLiabilities": "182021000",
            "currentDebt": "4217000",
            "netIncome": "7377000",
            "capitalExpenditures": "1692000",
            "operatingCashflow": "17358000",
            "grossProfit": "49120000",
            "totalRevenue": "80810000",
            "sentiment": 0,
            "surprise": "0",
            "closePrice": "21.4425729589932"
        }
    ]
}