{
    "BMBL": [
        {
            "fiscalDateEnding": "2023-12-31",
            "totalCurrentAssets": "493051000",
            "cashAndShortTermInvestments": "355642000",
            "totalCurrentLiabilities": "244909000",
            "currentDebt": "5750000",
            "netIncome": "-26026000",
            "capitalExpenditures": "2166000",
            "operatingCashflow": "63417000",
            "grossProfit": "269214000",
            "totalRevenue": "270014000",
            "sentiment": 0.17900179896966062,
            "surprise": "-0.31",
            "closePrice": "13.18"
        },
        {
            "fiscalDateEnding": "2023-09-30",
            "totalCurrentAssets": "584143000",
            "cashAndShortTermInvestments": "439184000",
            "totalCurrentLiabilities": "196877000",
            "currentDebt": "5750000",
            "netIncome": "16671000",
            "capitalExpenditures": "3559000",
            "operatingCashflow": "62569000",
            "grossProfit": "261510000",
            "totalRevenue": "275510000",
            "sentiment": 0.12367666020086816,
            "surprise": "0.05",
            "closePrice": "13.42"
        },
        {
            "fiscalDateEnding": "2023-06-30",
            "totalCurrentAssets": "526945000",
            "cashAndShortTermInvestments": "381019000",
            "totalCurrentLiabilities": "186541000",
            "currentDebt": "5750000",
            "netIncome": "6753000",
            "capitalExpenditures": "2399000",
            "operatingCashflow": "42711000",
            "grossProfit": "57404000",
            "totalRevenue": "259735000",
            "sentiment": 0.27393805351640943,
            "surprise": "0.02",
            "closePrice": "17.99"
        },
        {
            "fiscalDateEnding": "2023-03-31",
            "totalCurrentAssets": "521020000",
            "cashAndShortTermInvestments": "388955000",
            "totalCurrentLiabilities": "208556000",
            "currentDebt": "5750000",
            "netIncome": "-1611000",
            "capitalExpenditures": "6811000",
            "operatingCashflow": "13389000",
            "grossProfit": "44206000",
            "totalRevenue": "244938000",
            "sentiment": 0.3312911206052215,
            "surprise": "-0.02",
            "closePrice": "17.64"
        },
        {
            "fiscalDateEnding": "2022-12-31",
            "totalCurrentAssets": "501371000",
            "cashAndShortTermInvestments": "402559000",
            "totalCurrentLiabilities": "211668000",
            "currentDebt": "5750000",
            "netIncome": "-110570000",
            "capitalExpenditures": "5022000",
            "operatingCashflow": "51172000",
            "grossProfit": "-138945000",
            "totalRevenue": "225244000",
            "sentiment": 0.2510222669901816,
            "surprise": "-0.86",
            "closePrice": "23.34"
        },
        {
            "fiscalDateEnding": "2022-09-30",
            "totalCurrentAssets": "452013000",
            "cashAndShortTermInvestments": "365105000",
            "totalCurrentLiabilities": "139629000",
            "currentDebt": "5750000",
            "netIncome": "18063000",
            "capitalExpenditures": "3262000",
            "operatingCashflow": "37002000",
            "grossProfit": "54172000",
            "totalRevenue": "232639000",
            "sentiment": 0.11940773177548764,
            "surprise": "0.13",
            "closePrice": "20.93"
        },
        {
            "fiscalDateEnding": "2022-06-30",
            "totalCurrentAssets": "417693000",
            "cashAndShortTermInvestments": "334645000",
            "totalCurrentLiabilities": "211859000",
            "currentDebt": "2588000",
            "netIncome": "-3440000",
            "capitalExpenditures": "3053000",
            "operatingCashflow": "25409000",
            "grossProfit": "15288000",
            "totalRevenue": "220454000",
            "sentiment": -0.009131614611487638,
            "surprise": "-0.02",
            "closePrice": "34.49"
        },
        {
            "fiscalDateEnding": "2022-03-31",
            "totalCurrentAssets": "413757000",
            "cashAndShortTermInvestments": "308788000",
            "totalCurrentLiabilities": "166232000",
            "currentDebt": "2588000",
            "netIncome": "16201000",
            "capitalExpenditures": "4996000",
            "operatingCashflow": "19358000",
            "grossProfit": "22143000",
            "totalRevenue": "216904000",
            "sentiment": -0.1583598591497659,
            "surprise": "0.16",
            "closePrice": "17.63"
        },
        {
            "fiscalDateEnding": "2021-12-31",
            "totalCurrentAssets": "469464000",
            "cashAndShortTermInvestments": "369175000",
            "totalCurrentLiabilities": "175970000",
            "currentDebt": "2588000",
            "netIncome": "-12442000",
            "capitalExpenditures": "4265000",
            "operatingCashflow": "84580000",
            "grossProfit": "14913000",
            "totalRevenue": "206001000",
            "sentiment": 0,
            "surprise": "0.1464",
            "closePrice": "16.66"
        },
        {
            "fiscalDateEnding": "2021-09-30",
            "totalCurrentAssets": "420068000",
            "cashAndShortTermInvestments": "291575000",
            "totalCurrentLiabilities": "157926000",
            "currentDebt": "2588000",
            "netIncome": "-7333000",
            "capitalExpenditures": "3836000",
            "operatingCashflow": "51696000",
            "grossProfit": "16029000",
            "totalRevenue": "200509000",
            "sentiment": 0,
            "surprise": "-0.0381",
            "closePrice": "47.75"
        },
        {
            "fiscalDateEnding": "2021-06-30",
            "totalCurrentAssets": "404048000",
            "cashAndShortTermInvestments": "252021000",
            "totalCurrentLiabilities": "170689000",
            "currentDebt": "2588000",
            "netIncome": "-7083000",
            "capitalExpenditures": "2840000",
            "operatingCashflow": "14143000",
            "grossProfit": "15423000",
            "totalRevenue": "186217000",
            "sentiment": 0,
            "surprise": "-0.07",
            "closePrice": "47.67"
        },
        {
            "fiscalDateEnding": "2021-03-31",
            "totalCurrentAssets": "394512000",
            "cashAndShortTermInvestments": "246002000",
            "totalCurrentLiabilities": "201065000",
            "currentDebt": "9996000",
            "netIncome": "341790000",
            "capitalExpenditures": "2712000",
            "operatingCashflow": "-45582000",
            "grossProfit": "-75044000",
            "totalRevenue": "173020000",
            "sentiment": 0,
            "surprise": "1.73",
            "closePrice": "47.24"
        }
    ]
}