{
    "BMI": [
        {
            "fiscalDateEnding": "2023-12-31",
            "totalCurrentAssets": "442177000",
            "cashAndShortTermInvestments": "191782000",
            "totalCurrentLiabilities": "131948000",
            "currentDebt": "0",
            "netIncome": "24721000",
            "capitalExpenditures": "2054000",
            "operatingCashflow": "37945000",
            "grossProfit": "71465000",
            "totalRevenue": "182440000",
            "sentiment": 0.24793205053059475,
            "surprise": "0.02",
            "closePrice": "143.521708455929"
        },
        {
            "fiscalDateEnding": "2023-09-30",
            "totalCurrentAssets": "422952000",
            "cashAndShortTermInvestments": "162910000",
            "totalCurrentLiabilities": "128782000",
            "currentDebt": "None",
            "netIncome": "25969000",
            "capitalExpenditures": "3014000",
            "operatingCashflow": "31433000",
            "grossProfit": "72723000",
            "totalRevenue": "187393000",
            "sentiment": 0.1874380955960256,
            "surprise": "0.07",
            "closePrice": "138.339338931421"
        },
        {
            "fiscalDateEnding": "2023-06-30",
            "totalCurrentAssets": "388587000",
            "cashAndShortTermInvestments": "141805000",
            "totalCurrentLiabilities": "118914000",
            "currentDebt": "None",
            "netIncome": "22493000",
            "capitalExpenditures": "2664000",
            "operatingCashflow": "22769000",
            "grossProfit": "69434000",
            "totalRevenue": "176685000",
            "sentiment": 0.18936390096498182,
            "surprise": "0.11",
            "closePrice": "156.22310489014"
        },
        {
            "fiscalDateEnding": "2023-03-31",
            "totalCurrentAssets": "360843000",
            "cashAndShortTermInvestments": "128361000",
            "totalCurrentLiabilities": "115786000",
            "currentDebt": "None",
            "netIncome": "19415000",
            "capitalExpenditures": "4271000",
            "operatingCashflow": "17970000",
            "grossProfit": "62816000",
            "totalRevenue": "159723000",
            "sentiment": 0.35521351718116384,
            "surprise": "0.11",
            "closePrice": "132.428673390771"
        },
        {
            "fiscalDateEnding": "2022-12-31",
            "totalCurrentAssets": "347832000",
            "cashAndShortTermInvestments": "138052000",
            "totalCurrentLiabilities": "110312000",
            "currentDebt": "0",
            "netIncome": "17539000",
            "capitalExpenditures": "1201000",
            "operatingCashflow": "29708000",
            "grossProfit": "56965000",
            "totalRevenue": "147324000",
            "sentiment": 0.33446572749299236,
            "surprise": "-0.01",
            "closePrice": "110.95429407176"
        },
        {
            "fiscalDateEnding": "2022-09-30",
            "totalCurrentAssets": "325628000",
            "cashAndShortTermInvestments": "114787000",
            "totalCurrentLiabilities": "101785000",
            "currentDebt": "None",
            "netIncome": "17933000",
            "capitalExpenditures": "1917000",
            "operatingCashflow": "23831000",
            "grossProfit": "57522000",
            "totalRevenue": "148117000",
            "sentiment": 0.2849937532853499,
            "surprise": "0.04",
            "closePrice": "99.2938579410488"
        },
        {
            "fiscalDateEnding": "2022-06-30",
            "totalCurrentAssets": "303921000",
            "cashAndShortTermInvestments": "100210000",
            "totalCurrentLiabilities": "97335000",
            "currentDebt": "None",
            "netIncome": "16664000",
            "capitalExpenditures": "1632000",
            "operatingCashflow": "19662000",
            "grossProfit": "54760000",
            "totalRevenue": "137824000",
            "sentiment": 0.001732479088035005,
            "surprise": "0.05",
            "closePrice": "86.1388596360896"
        },
        {
            "fiscalDateEnding": "2022-03-31",
            "totalCurrentAssets": "281277000",
            "cashAndShortTermInvestments": "89219000",
            "totalCurrentLiabilities": "88509000",
            "currentDebt": "None",
            "netIncome": "14360000",
            "capitalExpenditures": "1141000",
            "operatingCashflow": "9250000",
            "grossProfit": "50723000",
            "totalRevenue": "132389000",
            "sentiment": 0.051269065582411934,
            "surprise": "-0.02",
            "closePrice": "86.2092968235054"
        },
        {
            "fiscalDateEnding": "2021-12-31",
            "totalCurrentAssets": "261360000",
            "cashAndShortTermInvestments": "87174000",
            "totalCurrentLiabilities": "82146000",
            "currentDebt": "0",
            "netIncome": "17276000",
            "capitalExpenditures": "-1423000",
            "operatingCashflow": "27076000",
            "grossProfit": "54835000",
            "totalRevenue": "135748000",
            "sentiment": 0,
            "surprise": "0.12",
            "closePrice": "92.8060156773395"
        },
        {
            "fiscalDateEnding": "2021-09-30",
            "totalCurrentAssets": "245692000",
            "cashAndShortTermInvestments": "67038000",
            "totalCurrentLiabilities": "79835000",
            "currentDebt": "None",
            "netIncome": "15855000",
            "capitalExpenditures": "3791000",
            "operatingCashflow": "15365000",
            "grossProfit": "51184000",
            "totalRevenue": "128724000",
            "sentiment": 0,
            "surprise": "0.04",
            "closePrice": "101.655657772465"
        },
        {
            "fiscalDateEnding": "2021-06-30",
            "totalCurrentAssets": "219313000",
            "cashAndShortTermInvestments": "57359000",
            "totalCurrentLiabilities": "72309000",
            "currentDebt": "None",
            "netIncome": "13972000",
            "capitalExpenditures": "2619000",
            "operatingCashflow": "14513000",
            "grossProfit": "50102000",
            "totalRevenue": "122862000",
            "sentiment": 0,
            "surprise": "0.02",
            "closePrice": "98.4079423988359"
        },
        {
            "fiscalDateEnding": "2021-03-31",
            "totalCurrentAssets": "204112000",
            "cashAndShortTermInvestments": "51402000",
            "totalCurrentLiabilities": "71766000",
            "currentDebt": "None",
            "netIncome": "13781000",
            "capitalExpenditures": "1759000",
            "operatingCashflow": "30556000",
            "grossProfit": "49362000",
            "totalRevenue": "117835000",
            "sentiment": 0,
            "surprise": "0.05",
            "closePrice": "88.4913775521194"
        },
        {
            "fiscalDateEnding": "2020-12-31",
            "totalCurrentAssets": "223688000",
            "cashAndShortTermInvestments": "72273000",
            "totalCurrentLiabilities": "68036000",
            "currentDebt": "0",
            "netIncome": "13094000",
            "capitalExpenditures": "3204000",
            "operatingCashflow": "15900000",
            "grossProfit": "44055000",
            "totalRevenue": "112329000",
            "sentiment": 0,
            "surprise": "0.02",
            "closePrice": "89.4540383077143"
        },
        {
            "fiscalDateEnding": "2020-09-30",
            "totalCurrentAssets": "232750000",
            "cashAndShortTermInvestments": "93901000",
            "totalCurrentLiabilities": "60192000",
            "currentDebt": "None",
            "netIncome": "14861000",
            "capitalExpenditures": "2276000",
            "operatingCashflow": "21392000",
            "grossProfit": "45023000",
            "totalRevenue": "113633000",
            "sentiment": 0,
            "surprise": "0.13",
            "closePrice": "78.2302190470957"
        },
        {
            "fiscalDateEnding": "2020-06-30",
            "totalCurrentAssets": "223407000",
            "cashAndShortTermInvestments": "85201000",
            "totalCurrentLiabilities": "62701000",
            "currentDebt": "4480000",
            "netIncome": "9534000",
            "capitalExpenditures": "1637000",
            "operatingCashflow": "21748000",
            "grossProfit": "35850000",
            "totalRevenue": "91087000",
            "sentiment": 0,
            "surprise": "-0.02",
            "closePrice": "59.8377257682971"
        },
        {
            "fiscalDateEnding": "2020-03-31",
            "totalCurrentAssets": "211429000",
            "cashAndShortTermInvestments": "70376000",
            "totalCurrentLiabilities": "60456000",
            "currentDebt": "4400000",
            "netIncome": "11854000",
            "capitalExpenditures": "1942000",
            "operatingCashflow": "30538000",
            "grossProfit": "43322000",
            "totalRevenue": "108477000",
            "sentiment": 0,
            "surprise": "0.04",
            "closePrice": "54.9996883205471"
        },
        {
            "fiscalDateEnding": "2019-12-31",
            "totalCurrentAssets": "200094000",
            "cashAndShortTermInvestments": "48871000",
            "totalCurrentLiabilities": "57247000",
            "currentDebt": "4480000",
            "netIncome": "12274000",
            "capitalExpenditures": "1907000",
            "operatingCashflow": "19575000",
            "grossProfit": "41125000",
            "totalRevenue": "107556000",
            "sentiment": 0,
            "surprise": "-0.01",
            "closePrice": "60.2504824999125"
        },
        {
            "fiscalDateEnding": "2019-09-30",
            "totalCurrentAssets": "191541000",
            "cashAndShortTermInvestments": "37728000",
            "totalCurrentLiabilities": "58845000",
            "currentDebt": "4360000",
            "netIncome": "12721000",
            "capitalExpenditures": "1123000",
            "operatingCashflow": "20236000",
            "grossProfit": "41670000",
            "totalRevenue": "108580000",
            "sentiment": 0,
            "surprise": "0.01",
            "closePrice": "54.42609929516"
        },
        {
            "fiscalDateEnding": "2019-06-30",
            "totalCurrentAssets": "175544000",
            "cashAndShortTermInvestments": "23894000",
            "totalCurrentLiabilities": "54307000",
            "currentDebt": "4560000",
            "netIncome": "11358000",
            "capitalExpenditures": "2306000",
            "operatingCashflow": "23088000",
            "grossProfit": "40276000",
            "totalRevenue": "103457000",
            "sentiment": 0,
            "surprise": "-0.05",
            "closePrice": "49.643482448991"
        },
        {
            "fiscalDateEnding": "2019-03-31",
            "totalCurrentAssets": "171223000",
            "cashAndShortTermInvestments": "15033000",
            "totalCurrentLiabilities": "57924000",
            "currentDebt": "10980000",
            "netIncome": "10824000",
            "capitalExpenditures": "2160000",
            "operatingCashflow": "17815000",
            "grossProfit": "40457000",
            "totalRevenue": "104752000",
            "sentiment": 0,
            "surprise": "0",
            "closePrice": "53.7318512094926"
        },
        {
            "fiscalDateEnding": "2018-12-31",
            "totalCurrentAssets": "164659000",
            "cashAndShortTermInvestments": "13086000",
            "totalCurrentLiabilities": "60015000",
            "currentDebt": "18060000",
            "netIncome": "11239000",
            "capitalExpenditures": "1424000",
            "operatingCashflow": "20467000",
            "grossProfit": "40151000",
            "totalRevenue": "104413000",
            "sentiment": 0,
            "surprise": "0.04",
            "closePrice": "54.1796431155281"
        },
        {
            "fiscalDateEnding": "2018-09-30",
            "totalCurrentAssets": "170884000",
            "cashAndShortTermInvestments": "10629000",
            "totalCurrentLiabilities": "77866000",
            "currentDebt": "35957000",
            "netIncome": "2851000",
            "capitalExpenditures": "1977000",
            "operatingCashflow": "14684000",
            "grossProfit": "43946000",
            "totalRevenue": "110335000",
            "sentiment": 0,
            "surprise": "0.05",
            "closePrice": "47.4176548818759"
        },
        {
            "fiscalDateEnding": "2018-06-30",
            "totalCurrentAssets": "168154000",
            "cashAndShortTermInvestments": "12125000",
            "totalCurrentLiabilities": "85627000",
            "currentDebt": "42430000",
            "netIncome": "6154000",
            "capitalExpenditures": "2199000",
            "operatingCashflow": "18424000",
            "grossProfit": "41504000",
            "totalRevenue": "113648000",
            "sentiment": 0,
            "surprise": "0.03",
            "closePrice": "44.5628325007513"
        },
        {
            "fiscalDateEnding": "2018-03-31",
            "totalCurrentAssets": "166760000",
            "cashAndShortTermInvestments": "13532000",
            "totalCurrentLiabilities": "88550000",
            "currentDebt": "48170000",
            "netIncome": "7546000",
            "capitalExpenditures": "3043000",
            "operatingCashflow": "6775000",
            "grossProfit": "36748000",
            "totalRevenue": "105041000",
            "sentiment": 0,
            "surprise": "-0.11",
            "closePrice": "43.6275888990222"
        },
        {
            "fiscalDateEnding": "2017-12-31",
            "totalCurrentAssets": "158623000",
            "cashAndShortTermInvestments": "11164000",
            "totalCurrentLiabilities": "93109000",
            "currentDebt": "44550000",
            "netIncome": "7233000",
            "capitalExpenditures": "3515000",
            "operatingCashflow": "3822000",
            "grossProfit": "39003000",
            "totalRevenue": "96650000",
            "sentiment": 0,
            "surprise": "0.01",
            "closePrice": "43.6042537847624"
        },
        {
            "fiscalDateEnding": "2017-09-30",
            "totalCurrentAssets": "163256000",
            "cashAndShortTermInvestments": "13394000",
            "totalCurrentLiabilities": "92494000",
            "currentDebt": "44970000",
            "netIncome": "7975000",
            "capitalExpenditures": "4792000",
            "operatingCashflow": "8584000",
            "grossProfit": "37039000",
            "totalRevenue": "99766000",
            "sentiment": 0,
            "surprise": "-0.08",
            "closePrice": "47.8098012401153"
        },
        {
            "fiscalDateEnding": "2017-06-30",
            "totalCurrentAssets": "156499000",
            "cashAndShortTermInvestments": "13850000",
            "totalCurrentLiabilities": "90272000",
            "currentDebt": "45560000",
            "netIncome": "10614000",
            "capitalExpenditures": "2956000",
            "operatingCashflow": "24937000",
            "grossProfit": "41054000",
            "totalRevenue": "104176000",
            "sentiment": 0,
            "surprise": "0.01",
            "closePrice": "39.1789418217372"
        },
        {
            "fiscalDateEnding": "2017-03-31",
            "totalCurrentAssets": "152202000",
            "cashAndShortTermInvestments": "11311000",
            "totalCurrentLiabilities": "75504000",
            "currentDebt": "38156000",
            "netIncome": "8749000",
            "capitalExpenditures": "3806000",
            "operatingCashflow": "12408000",
            "grossProfit": "38650000",
            "totalRevenue": "101606000",
            "sentiment": 0,
            "surprise": "0.04",
            "closePrice": "33.5904025761585"
        },
        {
            "fiscalDateEnding": "2016-12-31",
            "totalCurrentAssets": "151012000",
            "cashAndShortTermInvestments": "7338000",
            "totalCurrentLiabilities": "75838000",
            "currentDebt": "37950000",
            "netIncome": "6113000",
            "capitalExpenditures": "2747000",
            "operatingCashflow": "16002000",
            "grossProfit": "33522000",
            "totalRevenue": "93098000",
            "sentiment": 0,
            "surprise": "-0.04",
            "closePrice": "35.8635103452268"
        },
        {
            "fiscalDateEnding": "2016-09-30",
            "totalCurrentAssets": "156747000",
            "cashAndShortTermInvestments": "10669000",
            "totalCurrentLiabilities": "87655000",
            "currentDebt": "49730000",
            "netIncome": "8792000",
            "capitalExpenditures": "2336000",
            "operatingCashflow": "12487000",
            "grossProfit": "38647000",
            "totalRevenue": "96060000",
            "sentiment": 0,
            "surprise": "-0.03",
            "closePrice": "30.6923522480111"
        },
        {
            "fiscalDateEnding": "2016-06-30",
            "totalCurrentAssets": "154902000",
            "cashAndShortTermInvestments": "7356000",
            "totalCurrentLiabilities": "93879000",
            "currentDebt": "53590000",
            "netIncome": "9400000",
            "capitalExpenditures": "2266000",
            "operatingCashflow": "9545000",
            "grossProfit": "39396000",
            "totalRevenue": "103592000",
            "sentiment": 0,
            "surprise": "0",
            "closePrice": "34.6734110029502"
        },
        {
            "fiscalDateEnding": "2016-03-31",
            "totalCurrentAssets": "150758000",
            "cashAndShortTermInvestments": "9936000",
            "totalCurrentLiabilities": "98841000",
            "currentDebt": "61160000",
            "netIncome": "7990000",
            "capitalExpenditures": "3247000",
            "operatingCashflow": "18151000",
            "grossProfit": "39011000",
            "totalRevenue": "100300000",
            "sentiment": 0,
            "surprise": "0.07",
            "closePrice": "30.5506933067001"
        },
        {
            "fiscalDateEnding": "2015-12-31",
            "totalCurrentAssets": "149328000",
            "cashAndShortTermInvestments": "8163000",
            "totalCurrentLiabilities": "104544000",
            "currentDebt": "71360000",
            "netIncome": "5483000",
            "capitalExpenditures": "6894000",
            "operatingCashflow": "11035000",
            "grossProfit": "34457000",
            "totalRevenue": "95770000",
            "sentiment": 0,
            "surprise": "-0.04",
            "closePrice": "27.6945261134019"
        },
        {
            "fiscalDateEnding": "2015-09-30",
            "totalCurrentAssets": "149387000",
            "cashAndShortTermInvestments": "4075000",
            "totalCurrentLiabilities": "100616000",
            "currentDebt": "67380000",
            "netIncome": "8327000",
            "capitalExpenditures": "5268000",
            "operatingCashflow": "5612000",
            "grossProfit": "36101000",
            "totalRevenue": "99083000",
            "sentiment": 0,
            "surprise": "-0.03",
            "closePrice": "27.6127879838732"
        },
        {
            "fiscalDateEnding": "2015-06-30",
            "totalCurrentAssets": "156173000",
            "cashAndShortTermInvestments": "12676000",
            "totalCurrentLiabilities": "111724000",
            "currentDebt": "73029000",
            "netIncome": "7901000",
            "capitalExpenditures": "4407000",
            "operatingCashflow": "12404000",
            "grossProfit": "35143000",
            "totalRevenue": "98577000",
            "sentiment": 0,
            "surprise": "-0.08",
            "closePrice": "29.1339552797002"
        },
        {
            "fiscalDateEnding": "2015-03-31",
            "totalCurrentAssets": "141946000",
            "cashAndShortTermInvestments": "8373000",
            "totalCurrentLiabilities": "106782000",
            "currentDebt": "75923000",
            "netIncome": "4227000",
            "capitalExpenditures": "3197000",
            "operatingCashflow": "6780000",
            "grossProfit": "30075000",
            "totalRevenue": "83327000",
            "sentiment": 0,
            "surprise": "-0.07",
            "closePrice": "28.8375494089402"
        },
        {
            "fiscalDateEnding": "2014-12-31",
            "totalCurrentAssets": "141105000",
            "cashAndShortTermInvestments": "6656000",
            "totalCurrentLiabilities": "107075000",
            "currentDebt": "75927000",
            "netIncome": "6001000",
            "capitalExpenditures": "3556000",
            "operatingCashflow": "7549000",
            "grossProfit": "30895000",
            "totalRevenue": "89339000",
            "sentiment": 0,
            "surprise": "-0.01",
            "closePrice": "27.6625162828955"
        },
        {
            "fiscalDateEnding": "2014-09-30",
            "totalCurrentAssets": "141873000",
            "cashAndShortTermInvestments": "10366000",
            "totalCurrentLiabilities": "95150000",
            "currentDebt": "61664000",
            "netIncome": "10231000",
            "capitalExpenditures": "3131000",
            "operatingCashflow": "16190000",
            "grossProfit": "36465000",
            "totalRevenue": "95998000",
            "sentiment": 0,
            "surprise": "0.01",
            "closePrice": "23.467268547659"
        },
        {
            "fiscalDateEnding": "2014-06-30",
            "totalCurrentAssets": "139720000",
            "cashAndShortTermInvestments": "6758000",
            "totalCurrentLiabilities": "100719000",
            "currentDebt": "68693000",
            "netIncome": "8814000",
            "capitalExpenditures": "2317000",
            "operatingCashflow": "11415000",
            "grossProfit": "34831000",
            "totalRevenue": "95351000",
            "sentiment": 0,
            "surprise": "0.02",
            "closePrice": "22.4194566477979"
        },
        {
            "fiscalDateEnding": "2014-03-31",
            "totalCurrentAssets": "133298000",
            "cashAndShortTermInvestments": "6408000",
            "totalCurrentLiabilities": "102757000",
            "currentDebt": "73869000",
            "netIncome": "4632000",
            "capitalExpenditures": "3328000",
            "operatingCashflow": "581000",
            "grossProfit": "28951000",
            "totalRevenue": "83205000",
            "sentiment": 0,
            "surprise": "-0.05",
            "closePrice": "23.9320459147604"
        },
        {
            "fiscalDateEnding": "2013-12-31",
            "totalCurrentAssets": "127163000",
            "cashAndShortTermInvestments": "7263000",
            "totalCurrentLiabilities": "98041000",
            "currentDebt": "70045000",
            "netIncome": "6380000",
            "capitalExpenditures": "4995000",
            "operatingCashflow": "6073000",
            "grossProfit": "29003000",
            "totalRevenue": "81010000",
            "sentiment": 0,
            "surprise": "0.01",
            "closePrice": "21.6771593822788"
        },
        {
            "fiscalDateEnding": "2013-09-30",
            "totalCurrentAssets": "122651000",
            "cashAndShortTermInvestments": "4621000",
            "totalCurrentLiabilities": "95154000",
            "currentDebt": "65185000",
            "netIncome": "9049000",
            "capitalExpenditures": "3775000",
            "operatingCashflow": "13545000",
            "grossProfit": "33103000",
            "totalRevenue": "92699000",
            "sentiment": 0,
            "surprise": "0.02",
            "closePrice": "21.9181088669686"
        },
        {
            "fiscalDateEnding": "2013-06-30",
            "totalCurrentAssets": "116445000",
            "cashAndShortTermInvestments": "2714000",
            "totalCurrentLiabilities": "96035000",
            "currentDebt": "66230000",
            "netIncome": "6281000",
            "capitalExpenditures": "2738000",
            "operatingCashflow": "10892000",
            "grossProfit": "29846000",
            "totalRevenue": "88009000",
            "sentiment": 0,
            "surprise": "-0.04",
            "closePrice": "21.4755025776968"
        },
        {
            "fiscalDateEnding": "2013-03-31",
            "totalCurrentAssets": "117450000",
            "cashAndShortTermInvestments": "3787000",
            "totalCurrentLiabilities": "89422000",
            "currentDebt": "63878000",
            "netIncome": "2907000",
            "capitalExpenditures": "2803000",
            "operatingCashflow": "4308000",
            "grossProfit": "25037000",
            "totalRevenue": "71560000",
            "sentiment": 0,
            "surprise": "-0.15",
            "closePrice": "23.202778504937"
        },
        {
            "fiscalDateEnding": "2012-12-31",
            "totalCurrentAssets": "121374000",
            "cashAndShortTermInvestments": "6554000",
            "totalCurrentLiabilities": "94080000",
            "currentDebt": "66730000",
            "netIncome": "5484000",
            "capitalExpenditures": "3678000",
            "operatingCashflow": "10783000",
            "grossProfit": "28851000",
            "totalRevenue": "74323000",
            "sentiment": 0,
            "surprise": "-0.02",
            "closePrice": "22.309972345114"
        },
        {
            "fiscalDateEnding": "2012-09-30",
            "totalCurrentAssets": "126962000",
            "cashAndShortTermInvestments": "6056000",
            "totalCurrentLiabilities": "104271000",
            "currentDebt": "71181000",
            "netIncome": "8857000",
            "capitalExpenditures": "2111000",
            "operatingCashflow": "9943000",
            "grossProfit": "34330000",
            "totalRevenue": "86844000",
            "sentiment": 0,
            "surprise": "0.07",
            "closePrice": "16.6828674761048"
        },
        {
            "fiscalDateEnding": "2012-06-30",
            "totalCurrentAssets": "126651000",
            "cashAndShortTermInvestments": "6511000",
            "totalCurrentLiabilities": "107105000",
            "currentDebt": "77828000",
            "netIncome": "7442000",
            "capitalExpenditures": "1119000",
            "operatingCashflow": "3869000",
            "grossProfit": "30201000",
            "totalRevenue": "81736000",
            "sentiment": 0,
            "surprise": "-0.01",
            "closePrice": "17.2975327895828"
        },
        {
            "fiscalDateEnding": "2012-03-31",
            "totalCurrentAssets": "123405000",
            "cashAndShortTermInvestments": "6661000",
            "totalCurrentLiabilities": "96073000",
            "currentDebt": "63989000",
            "netIncome": "6249000",
            "capitalExpenditures": "1294000",
            "operatingCashflow": "10207000",
            "grossProfit": "28864000",
            "totalRevenue": "76028000",
            "sentiment": 0,
            "surprise": "0.08",
            "closePrice": "14.7930176423455"
        },
        {
            "fiscalDateEnding": "2011-12-31",
            "totalCurrentAssets": "101195000",
            "cashAndShortTermInvestments": "4975000",
            "totalCurrentLiabilities": "22413000",
            "currentDebt": "1790000",
            "netIncome": "1187000",
            "capitalExpenditures": "1640000",
            "operatingCashflow": "4856000",
            "grossProfit": "19383000",
            "totalRevenue": "60710000",
            "sentiment": 0,
            "surprise": "-0.06",
            "closePrice": "14.7661800551634"
        },
        {
            "fiscalDateEnding": "2011-09-30",
            "totalCurrentAssets": "103176000",
            "cashAndShortTermInvestments": "5787000",
            "totalCurrentLiabilities": "25917000",
            "currentDebt": "2680000",
            "netIncome": "6880000",
            "capitalExpenditures": "1330000",
            "operatingCashflow": "8646000",
            "grossProfit": "22780000",
            "totalRevenue": "69698000",
            "sentiment": 0,
            "surprise": "-0.04",
            "closePrice": "14.4645332316682"
        },
        {
            "fiscalDateEnding": "2011-06-30",
            "totalCurrentAssets": "104272000",
            "cashAndShortTermInvestments": "4273000",
            "totalCurrentLiabilities": "30763000",
            "currentDebt": "6115000",
            "netIncome": "7834000",
            "capitalExpenditures": "750000",
            "operatingCashflow": "12621000",
            "grossProfit": "27220000",
            "totalRevenue": "75148000",
            "sentiment": 0,
            "surprise": "0.03",
            "closePrice": "16.2862162069695"
        }
    ]
}