{
    "BR": [
        {
            "fiscalDateEnding": "2023-12-31",
            "totalCurrentAssets": "1363600000",
            "cashAndShortTermInvestments": "277700000",
            "totalCurrentLiabilities": "971200000",
            "currentDebt": "None",
            "netIncome": "70300000",
            "capitalExpenditures": "22000000",
            "operatingCashflow": "189800000",
            "grossProfit": "52200000",
            "totalRevenue": "1365000000",
            "sentiment": 0.21243434565274333,
            "surprise": "0.03",
            "closePrice": "198.206103824864"
        },
        {
            "fiscalDateEnding": "2023-09-30",
            "totalCurrentAssets": "1326900000",
            "cashAndShortTermInvestments": "234700000",
            "totalCurrentLiabilities": "924000000",
            "currentDebt": "None",
            "netIncome": "90900000",
            "capitalExpenditures": "14400000",
            "operatingCashflow": "-62000000",
            "grossProfit": "74300000",
            "totalRevenue": "1394700000",
            "sentiment": 0.23705706828098533,
            "surprise": "0.12",
            "closePrice": "177.363893123359"
        },
        {
            "fiscalDateEnding": "2023-06-30",
            "totalCurrentAssets": "1392500000",
            "cashAndShortTermInvestments": "253000000",
            "totalCurrentLiabilities": "2397800000",
            "currentDebt": "1178500000",
            "netIncome": "324100000",
            "capitalExpenditures": "28400000",
            "operatingCashflow": "729200000",
            "grossProfit": "297100000",
            "totalRevenue": "1799900000",
            "sentiment": 0.1397115111776056,
            "surprise": "0.1",
            "closePrice": "174.686435606879"
        },
        {
            "fiscalDateEnding": "2023-03-31",
            "totalCurrentAssets": "1568200000",
            "cashAndShortTermInvestments": "332300000",
            "totalCurrentLiabilities": "1163000000",
            "currentDebt": "None",
            "netIncome": "198500000",
            "capitalExpenditures": "13700000",
            "operatingCashflow": "175500000",
            "grossProfit": "169600000",
            "totalRevenue": "1605400000",
            "sentiment": 0.16540892375555563,
            "surprise": "0.03",
            "closePrice": "150.682547115416"
        },
        {
            "fiscalDateEnding": "2022-12-31",
            "totalCurrentAssets": "1282700000",
            "cashAndShortTermInvestments": "280600000",
            "totalCurrentLiabilities": "1018900000",
            "currentDebt": "None",
            "netIncome": "57500000",
            "capitalExpenditures": "19500000",
            "operatingCashflow": "123100000",
            "grossProfit": "-6200000",
            "totalRevenue": "1256600000",
            "sentiment": 0.1662851837674865,
            "surprise": "0.01",
            "closePrice": "149.918850104089"
        },
        {
            "fiscalDateEnding": "2022-09-30",
            "totalCurrentAssets": "1222000000",
            "cashAndShortTermInvestments": "227700000",
            "totalCurrentLiabilities": "991700000",
            "currentDebt": "None",
            "netIncome": "50400000",
            "capitalExpenditures": "13600000",
            "operatingCashflow": "-204500000",
            "grossProfit": "-20100000",
            "totalRevenue": "1255300000",
            "sentiment": 0.2236821078878817,
            "surprise": "-0.04",
            "closePrice": "134.011246491618"
        },
        {
            "fiscalDateEnding": "2022-06-30",
            "totalCurrentAssets": "1328400000",
            "cashAndShortTermInvestments": "225300000",
            "totalCurrentLiabilities": "1313400000",
            "currentDebt": "None",
            "netIncome": "248100000",
            "capitalExpenditures": "18700000",
            "operatingCashflow": "457400000",
            "grossProfit": "168300000",
            "totalRevenue": "1701300000",
            "sentiment": 0.0035141639462186115,
            "surprise": "0.03",
            "closePrice": "177.501303602002"
        },
        {
            "fiscalDateEnding": "2022-03-31",
            "totalCurrentAssets": "1495100000",
            "cashAndShortTermInvestments": "277800000",
            "totalCurrentLiabilities": "1176800000",
            "currentDebt": "None",
            "netIncome": "176600000",
            "capitalExpenditures": "25200000",
            "operatingCashflow": "80700000",
            "grossProfit": "141100000",
            "totalRevenue": "1513400000",
            "sentiment": 0.007502508356830016,
            "surprise": "0.15",
            "closePrice": "141.197021011629"
        },
        {
            "fiscalDateEnding": "2021-12-31",
            "totalCurrentAssets": "1266600000",
            "cashAndShortTermInvestments": "281900000",
            "totalCurrentLiabilities": "1087800000",
            "currentDebt": "None",
            "netIncome": "47200000",
            "capitalExpenditures": "13300000",
            "operatingCashflow": "40800000",
            "grossProfit": "-43700000",
            "totalRevenue": "1236800000",
            "sentiment": 0,
            "surprise": "0",
            "closePrice": "147.183042520929"
        },
        {
            "fiscalDateEnding": "2021-09-30",
            "totalCurrentAssets": "1211100000",
            "cashAndShortTermInvestments": "317300000",
            "totalCurrentLiabilities": "966800000",
            "currentDebt": "None",
            "netIncome": "67200000",
            "capitalExpenditures": "15900000",
            "operatingCashflow": "-135400000",
            "grossProfit": "-11700000",
            "totalRevenue": "1169900000",
            "sentiment": 0,
            "surprise": "0.08",
            "closePrice": "162.474070459301"
        },
        {
            "fiscalDateEnding": "2021-06-30",
            "totalCurrentAssets": "1261300000",
            "cashAndShortTermInvestments": "275200000",
            "totalCurrentLiabilities": "1288000000",
            "currentDebt": "None",
            "netIncome": "260400000",
            "capitalExpenditures": "29500000",
            "operatingCashflow": "450600000",
            "grossProfit": "514900000",
            "totalRevenue": "1531600000",
            "sentiment": 0,
            "surprise": "0",
            "closePrice": "164.750703733258"
        },
        {
            "fiscalDateEnding": "2021-03-31",
            "totalCurrentAssets": "1378600000",
            "cashAndShortTermInvestments": "356800000",
            "totalCurrentLiabilities": "1002600000",
            "currentDebt": "None",
            "netIncome": "165000000",
            "capitalExpenditures": "20400000",
            "operatingCashflow": "106200000",
            "grossProfit": "429200000",
            "totalRevenue": "1377800000",
            "sentiment": 0,
            "surprise": "0.08",
            "closePrice": "154.63152639434"
        },
        {
            "fiscalDateEnding": "2020-12-31",
            "totalCurrentAssets": "1148500000",
            "cashAndShortTermInvestments": "366200000",
            "totalCurrentLiabilities": "837900000",
            "currentDebt": "None",
            "netIncome": "56300000",
            "capitalExpenditures": "26800000",
            "operatingCashflow": "127500000",
            "grossProfit": "248500000",
            "totalRevenue": "1042800000",
            "sentiment": 0,
            "surprise": "0.02",
            "closePrice": "138.545124624308"
        },
        {
            "fiscalDateEnding": "2020-09-30",
            "totalCurrentAssets": "1120000000",
            "cashAndShortTermInvestments": "357000000",
            "totalCurrentLiabilities": "743900000",
            "currentDebt": "None",
            "netIncome": "65800000",
            "capitalExpenditures": "24000000",
            "operatingCashflow": "-44200000",
            "grossProfit": "230300000",
            "totalRevenue": "1002400000",
            "sentiment": 0,
            "surprise": "0.35",
            "closePrice": "129.618256637249"
        },
        {
            "fiscalDateEnding": "2020-06-30",
            "totalCurrentAssets": "1328000000",
            "cashAndShortTermInvestments": "476600000",
            "totalCurrentLiabilities": "1341000000",
            "currentDebt": "399900000",
            "netIncome": "229700000",
            "capitalExpenditures": "25200000",
            "operatingCashflow": "442600000",
            "grossProfit": "477700000",
            "totalRevenue": "1361900000",
            "sentiment": 0,
            "surprise": "0.06",
            "closePrice": "133.303172043066"
        },
        {
            "fiscalDateEnding": "2020-03-31",
            "totalCurrentAssets": "1361000000",
            "cashAndShortTermInvestments": "402600000",
            "totalCurrentLiabilities": "1255000000",
            "currentDebt": "432100000",
            "netIncome": "166800000",
            "capitalExpenditures": "30500000",
            "operatingCashflow": "144100000",
            "grossProfit": "377400000",
            "totalRevenue": "1233200000",
            "sentiment": 0,
            "surprise": "-0.05",
            "closePrice": "109.075804173431"
        },
        {
            "fiscalDateEnding": "2019-12-31",
            "totalCurrentAssets": "1010600000",
            "cashAndShortTermInvestments": "234400000",
            "totalCurrentLiabilities": "1124800000",
            "currentDebt": "429400000",
            "netIncome": "10100000",
            "capitalExpenditures": "22700000",
            "operatingCashflow": "97900000",
            "grossProfit": "187700000",
            "totalRevenue": "953200000",
            "sentiment": 0,
            "surprise": "-0.18",
            "closePrice": "110.636651830677"
        },
        {
            "fiscalDateEnding": "2019-09-30",
            "totalCurrentAssets": "1095100000",
            "cashAndShortTermInvestments": "358600000",
            "totalCurrentLiabilities": "1040900000",
            "currentDebt": "429300000",
            "netIncome": "55900000",
            "capitalExpenditures": "20300000",
            "operatingCashflow": "-86400000",
            "grossProfit": "221100000",
            "totalRevenue": "934400000",
            "sentiment": 0,
            "surprise": "-0.03",
            "closePrice": "108.003856116697"
        },
        {
            "fiscalDateEnding": "2019-06-30",
            "totalCurrentAssets": "1042300000",
            "cashAndShortTermInvestments": "273200000",
            "totalCurrentLiabilities": "802600000",
            "currentDebt": "None",
            "netIncome": "183200000",
            "capitalExpenditures": "26200000",
            "operatingCashflow": "399100000",
            "grossProfit": "399600000",
            "totalRevenue": "1211200000",
            "sentiment": 0,
            "surprise": "0.01",
            "closePrice": "118.240649341482"
        },
        {
            "fiscalDateEnding": "2019-03-31",
            "totalCurrentAssets": "1195400000",
            "cashAndShortTermInvestments": "292500000",
            "totalCurrentLiabilities": "705200000",
            "currentDebt": "None",
            "netIncome": "172200000",
            "capitalExpenditures": "16100000",
            "operatingCashflow": "135800000",
            "grossProfit": "377500000",
            "totalRevenue": "1212700000",
            "sentiment": 0,
            "surprise": "0.09",
            "closePrice": "105.664124993098"
        },
        {
            "fiscalDateEnding": "2018-12-31",
            "totalCurrentAssets": "966400000",
            "cashAndShortTermInvestments": "250000000",
            "totalCurrentLiabilities": "597900000",
            "currentDebt": "None",
            "netIncome": "49900000",
            "capitalExpenditures": "14800000",
            "operatingCashflow": "177600000",
            "grossProfit": "219400000",
            "totalRevenue": "942000000",
            "sentiment": 0,
            "surprise": "-0.15",
            "closePrice": "88.4326743887883"
        },
        {
            "fiscalDateEnding": "2018-09-30",
            "totalCurrentAssets": "967900000",
            "cashAndShortTermInvestments": "204800000",
            "totalCurrentLiabilities": "573300000",
            "currentDebt": "None",
            "netIncome": "76700000",
            "capitalExpenditures": "15500000",
            "operatingCashflow": "-95500000",
            "grossProfit": "233800000",
            "totalRevenue": "963000000",
            "sentiment": 0,
            "surprise": "0.11",
            "closePrice": "95.6076066735484"
        },
        {
            "fiscalDateEnding": "2018-06-30",
            "totalCurrentAssets": "991100000",
            "cashAndShortTermInvestments": "263900000",
            "totalCurrentLiabilities": "777300000",
            "currentDebt": "None",
            "netIncome": "206800000",
            "capitalExpenditures": "-34000000",
            "operatingCashflow": "418800000",
            "grossProfit": "450900000",
            "totalRevenue": "1321000000",
            "sentiment": 0,
            "surprise": "-0.01",
            "closePrice": "116.893298587584"
        },
        {
            "fiscalDateEnding": "2018-03-31",
            "totalCurrentAssets": "1203000000",
            "cashAndShortTermInvestments": "352200000",
            "totalCurrentLiabilities": "767300000",
            "currentDebt": "None",
            "netIncome": "109100000",
            "capitalExpenditures": "58200000",
            "operatingCashflow": "133000000",
            "grossProfit": "269300000",
            "totalRevenue": "1071900000",
            "sentiment": 0,
            "surprise": "0.21",
            "closePrice": "101.21462392845"
        },
        {
            "fiscalDateEnding": "2017-12-31",
            "totalCurrentAssets": "1051200000",
            "cashAndShortTermInvestments": "366600000",
            "totalCurrentLiabilities": "586000000",
            "currentDebt": "None",
            "netIncome": "62100000",
            "capitalExpenditures": "16500000",
            "operatingCashflow": "235100000",
            "grossProfit": "243500000",
            "totalRevenue": "1012800000",
            "sentiment": 0,
            "surprise": "0.25",
            "closePrice": "81.5795538673837"
        },
        {
            "fiscalDateEnding": "2017-09-30",
            "totalCurrentAssets": "1034300000",
            "cashAndShortTermInvestments": "288900000",
            "totalCurrentLiabilities": "609400000",
            "currentDebt": "None",
            "netIncome": "49900000",
            "capitalExpenditures": "36000000",
            "operatingCashflow": "-93300000",
            "grossProfit": "198800000",
            "totalRevenue": "924800000",
            "sentiment": 0,
            "surprise": "0.12",
            "closePrice": "81.012959037601"
        },
        {
            "fiscalDateEnding": "2017-06-30",
            "totalCurrentAssets": "989600000",
            "cashAndShortTermInvestments": "271200000",
            "totalCurrentLiabilities": "744900000",
            "currentDebt": "None",
            "netIncome": "187100000",
            "capitalExpenditures": "-74100000",
            "operatingCashflow": "353800000",
            "grossProfit": "435600000",
            "totalRevenue": "1345700000",
            "sentiment": 0,
            "surprise": "0.02",
            "closePrice": "64.4207347855182"
        },
        {
            "fiscalDateEnding": "2017-03-31",
            "totalCurrentAssets": "1118200000",
            "cashAndShortTermInvestments": "269600000",
            "totalCurrentLiabilities": "885900000",
            "currentDebt": "125000000",
            "netIncome": "75900000",
            "capitalExpenditures": "37500000",
            "operatingCashflow": "167600000",
            "grossProfit": "235200000",
            "totalRevenue": "1008900000",
            "sentiment": 0,
            "surprise": "0.09",
            "closePrice": "62.7904301131589"
        },
        {
            "fiscalDateEnding": "2016-12-31",
            "totalCurrentAssets": "899400000",
            "cashAndShortTermInvestments": "235800000",
            "totalCurrentLiabilities": "638200000",
            "currentDebt": "124900000",
            "netIncome": "30100000",
            "capitalExpenditures": "17200000",
            "operatingCashflow": "81900000",
            "grossProfit": "184900000",
            "totalRevenue": "892600000",
            "sentiment": 0,
            "surprise": "0.01",
            "closePrice": "60.2109434937992"
        },
        {
            "fiscalDateEnding": "2016-09-30",
            "totalCurrentAssets": "885800000",
            "cashAndShortTermInvestments": "227500000",
            "totalCurrentLiabilities": "641800000",
            "currentDebt": "124900000",
            "netIncome": "33700000",
            "capitalExpenditures": "104800000",
            "operatingCashflow": "-87400000",
            "grossProfit": "177400000",
            "totalRevenue": "895300000",
            "sentiment": 0,
            "surprise": "-0.02",
            "closePrice": "54.6091798181235"
        },
        {
            "fiscalDateEnding": "2016-06-30",
            "totalCurrentAssets": "1289100000",
            "cashAndShortTermInvestments": "727800000",
            "totalCurrentLiabilities": "692900000",
            "currentDebt": "124900000",
            "netIncome": "170100000",
            "capitalExpenditures": "1600000",
            "operatingCashflow": "276600000",
            "grossProfit": "388200000",
            "totalRevenue": "974500000",
            "sentiment": 0,
            "surprise": "0",
            "closePrice": "60.0147898466876"
        },
        {
            "fiscalDateEnding": "2016-03-31",
            "totalCurrentAssets": "1003800000",
            "cashAndShortTermInvestments": "354500000",
            "totalCurrentLiabilities": "581300000",
            "currentDebt": "None",
            "netIncome": "63700000",
            "capitalExpenditures": "19200000",
            "operatingCashflow": "118500000",
            "grossProfit": "202300000",
            "totalRevenue": "688800000",
            "sentiment": 0,
            "surprise": "0.07",
            "closePrice": "51.4564441263755"
        },
        {
            "fiscalDateEnding": "2015-12-31",
            "totalCurrentAssets": "828200000",
            "cashAndShortTermInvestments": "305200000",
            "totalCurrentLiabilities": "428400000",
            "currentDebt": "None",
            "netIncome": "40200000",
            "capitalExpenditures": "19100000",
            "operatingCashflow": "67200000",
            "grossProfit": "174400000",
            "totalRevenue": "638900000",
            "sentiment": 0,
            "surprise": "0.04",
            "closePrice": "45.6493349494713"
        },
        {
            "fiscalDateEnding": "2015-09-30",
            "totalCurrentAssets": "795500000",
            "cashAndShortTermInvestments": "286400000",
            "totalCurrentLiabilities": "413000000",
            "currentDebt": "None",
            "netIncome": "33500000",
            "capitalExpenditures": "17800000",
            "operatingCashflow": "-24600000",
            "grossProfit": "156100000",
            "totalRevenue": "594700000",
            "sentiment": 0,
            "surprise": "0.05",
            "closePrice": "49.3515516524074"
        },
        {
            "fiscalDateEnding": "2015-06-30",
            "totalCurrentAssets": "861400000",
            "cashAndShortTermInvestments": "324200000",
            "totalCurrentLiabilities": "508900000",
            "currentDebt": "None",
            "netIncome": "165900000",
            "capitalExpenditures": "17800000",
            "operatingCashflow": "165900000",
            "grossProfit": "374500000",
            "totalRevenue": "929600000",
            "sentiment": 0,
            "surprise": "0.02",
            "closePrice": "47.9767800460071"
        },
        {
            "fiscalDateEnding": "2015-03-31",
            "totalCurrentAssets": "932000000",
            "cashAndShortTermInvestments": "310200000",
            "totalCurrentLiabilities": "530700000",
            "currentDebt": "None",
            "netIncome": "54000000",
            "capitalExpenditures": "14800000",
            "operatingCashflow": "85800000",
            "grossProfit": "181600000",
            "totalRevenue": "634200000",
            "sentiment": 0,
            "surprise": "-0.05",
            "closePrice": "43.452561000187"
        },
        {
            "fiscalDateEnding": "2014-12-31",
            "totalCurrentAssets": "780400000",
            "cashAndShortTermInvestments": "314200000",
            "totalCurrentLiabilities": "359700000",
            "currentDebt": "None",
            "netIncome": "34700000",
            "capitalExpenditures": "8400000",
            "operatingCashflow": "53700000",
            "grossProfit": "160600000",
            "totalRevenue": "574600000",
            "sentiment": 0,
            "surprise": "0.04",
            "closePrice": "43.1328492879821"
        },
        {
            "fiscalDateEnding": "2014-09-30",
            "totalCurrentAssets": "775600000",
            "cashAndShortTermInvestments": "331400000",
            "totalCurrentLiabilities": "364000000",
            "currentDebt": "None",
            "netIncome": "32500000",
            "capitalExpenditures": "7400000",
            "operatingCashflow": "17100000",
            "grossProfit": "149300000",
            "totalRevenue": "555800000",
            "sentiment": 0,
            "surprise": "0.01",
            "closePrice": "37.3290125362028"
        },
        {
            "fiscalDateEnding": "2014-06-30",
            "totalCurrentAssets": "880600000",
            "cashAndShortTermInvestments": "347700000",
            "totalCurrentLiabilities": "484400000",
            "currentDebt": "None",
            "netIncome": "140200000",
            "capitalExpenditures": "-500000",
            "operatingCashflow": "140200000",
            "grossProfit": "334700000",
            "totalRevenue": "885900000",
            "sentiment": 0,
            "surprise": "0.01",
            "closePrice": "33.3630145418513"
        },
        {
            "fiscalDateEnding": "2014-03-31",
            "totalCurrentAssets": "814200000",
            "cashAndShortTermInvestments": "244500000",
            "totalCurrentLiabilities": "493700000",
            "currentDebt": "None",
            "netIncome": "50800000",
            "capitalExpenditures": "12900000",
            "operatingCashflow": "96500000",
            "grossProfit": "178700000",
            "totalRevenue": "606300000",
            "sentiment": 0,
            "surprise": "0.04",
            "closePrice": "32.0433954692122"
        },
        {
            "fiscalDateEnding": "2013-12-31",
            "totalCurrentAssets": "687200000",
            "cashAndShortTermInvestments": "240300000",
            "totalCurrentLiabilities": "343900000",
            "currentDebt": "None",
            "netIncome": "27600000",
            "capitalExpenditures": "17500000",
            "operatingCashflow": "96300000",
            "grossProfit": "135500000",
            "totalRevenue": "520600000",
            "sentiment": 0,
            "surprise": "0",
            "closePrice": "29.8973090509535"
        },
        {
            "fiscalDateEnding": "2013-09-30",
            "totalCurrentAssets": "656600000",
            "cashAndShortTermInvestments": "183100000",
            "totalCurrentLiabilities": "338100000",
            "currentDebt": "None",
            "netIncome": "44400000",
            "capitalExpenditures": "13300000",
            "operatingCashflow": "-5400000",
            "grossProfit": "147700000",
            "totalRevenue": "545200000",
            "sentiment": 0,
            "surprise": "0.19",
            "closePrice": "28.7046908169836"
        },
        {
            "fiscalDateEnding": "2013-06-30",
            "totalCurrentAssets": "807000000",
            "cashAndShortTermInvestments": "266000000",
            "totalCurrentLiabilities": "469500000",
            "currentDebt": "None",
            "netIncome": "134600000",
            "capitalExpenditures": "2600000",
            "operatingCashflow": "134600000",
            "grossProfit": "301100000",
            "totalRevenue": "865100000",
            "sentiment": 0,
            "surprise": "0.08",
            "closePrice": "24.9933876506412"
        },
        {
            "fiscalDateEnding": "2013-03-31",
            "totalCurrentAssets": "711300000",
            "cashAndShortTermInvestments": "182200000",
            "totalCurrentLiabilities": "449200000",
            "currentDebt": "None",
            "netIncome": "43400000",
            "capitalExpenditures": "16600000",
            "operatingCashflow": "43400000",
            "grossProfit": "150500000",
            "totalRevenue": "576700000",
            "sentiment": 0,
            "surprise": "0.06",
            "closePrice": "21.1148114798426"
        },
        {
            "fiscalDateEnding": "2012-12-31",
            "totalCurrentAssets": "653600000",
            "cashAndShortTermInvestments": "259100000",
            "totalCurrentLiabilities": "344400000",
            "currentDebt": "None",
            "netIncome": "15800000",
            "capitalExpenditures": "10900000",
            "operatingCashflow": "89100000",
            "grossProfit": "105600000",
            "totalRevenue": "493200000",
            "sentiment": 0,
            "surprise": "-0.01",
            "closePrice": "18.0223199754577"
        },
        {
            "fiscalDateEnding": "2012-09-30",
            "totalCurrentAssets": "620900000",
            "cashAndShortTermInvestments": "211800000",
            "totalCurrentLiabilities": "313600000",
            "currentDebt": "None",
            "netIncome": "18300000",
            "capitalExpenditures": "8100000",
            "operatingCashflow": "-15600000",
            "grossProfit": "105800000",
            "totalRevenue": "495800000",
            "sentiment": 0,
            "surprise": "0.02",
            "closePrice": "18.4304269146094"
        },
        {
            "fiscalDateEnding": "2012-06-30",
            "totalCurrentAssets": "777400000",
            "cashAndShortTermInvestments": "320500000",
            "totalCurrentLiabilities": "410300000",
            "currentDebt": "None",
            "netIncome": "83400000",
            "capitalExpenditures": "1400000",
            "operatingCashflow": "83400000",
            "grossProfit": "271400000",
            "totalRevenue": "800300000",
            "sentiment": 0,
            "surprise": "0.03",
            "closePrice": "17.4667835923748"
        },
        {
            "fiscalDateEnding": "2012-03-31",
            "totalCurrentAssets": "749600000",
            "cashAndShortTermInvestments": "218800000",
            "totalCurrentLiabilities": "438300000",
            "currentDebt": "None",
            "netIncome": "16700000",
            "capitalExpenditures": "10800000",
            "operatingCashflow": "16700000",
            "grossProfit": "126200000",
            "totalRevenue": "547000000",
            "sentiment": 0,
            "surprise": "0.03",
            "closePrice": "17.2134088332441"
        },
        {
            "fiscalDateEnding": "2011-12-31",
            "totalCurrentAssets": "634900000",
            "cashAndShortTermInvestments": "240300000",
            "totalCurrentLiabilities": "300800000",
            "currentDebt": "None",
            "netIncome": "6800000",
            "capitalExpenditures": "15000000",
            "operatingCashflow": "6800000",
            "grossProfit": "97200000",
            "totalRevenue": "479800000",
            "sentiment": 0,
            "surprise": "0.01",
            "closePrice": "18.8847841206439"
        },
        {
            "fiscalDateEnding": "2011-09-30",
            "totalCurrentAssets": "685300000",
            "cashAndShortTermInvestments": "254800000",
            "totalCurrentLiabilities": "293600000",
            "currentDebt": "None",
            "netIncome": "16700000",
            "capitalExpenditures": "6600000",
            "operatingCashflow": "23300000",
            "grossProfit": "93600000",
            "totalRevenue": "476400000",
            "sentiment": 0,
            "surprise": "0.05",
            "closePrice": "17.6930092972148"
        },
        {
            "fiscalDateEnding": "2011-06-30",
            "totalCurrentAssets": "751400000",
            "cashAndShortTermInvestments": "243500000",
            "totalCurrentLiabilities": "782700000",
            "currentDebt": "400000000",
            "netIncome": "116200000",
            "capitalExpenditures": "17300000",
            "operatingCashflow": "116200000",
            "grossProfit": "258800000",
            "totalRevenue": "776100000",
            "sentiment": 0,
            "surprise": "0",
            "closePrice": "16.1586560943905"
        },
        {
            "fiscalDateEnding": "2011-03-31",
            "totalCurrentAssets": "705600000",
            "cashAndShortTermInvestments": "151300000",
            "totalCurrentLiabilities": "855100000",
            "currentDebt": "440000000",
            "netIncome": "29700000",
            "capitalExpenditures": "13700000",
            "operatingCashflow": "32600000",
            "grossProfit": "120500000",
            "totalRevenue": "527100000",
            "sentiment": 0,
            "surprise": "0.05",
            "closePrice": "17.6790327178138"
        },
        {
            "fiscalDateEnding": "2010-12-31",
            "totalCurrentAssets": "608000000",
            "cashAndShortTermInvestments": "187800000",
            "totalCurrentLiabilities": "287600000",
            "currentDebt": "None",
            "netIncome": "10400000",
            "capitalExpenditures": "9200000",
            "operatingCashflow": "10600000",
            "grossProfit": "85700000",
            "totalRevenue": "442300000",
            "sentiment": 0,
            "surprise": "-0.05",
            "closePrice": "16.5767486642934"
        },
        {
            "fiscalDateEnding": "2010-09-30",
            "totalCurrentAssets": "640300000",
            "cashAndShortTermInvestments": "180700000",
            "totalCurrentLiabilities": "292300000",
            "currentDebt": "None",
            "netIncome": "13300000",
            "capitalExpenditures": "7100000",
            "operatingCashflow": "-13000000",
            "grossProfit": "84800000",
            "totalRevenue": "421400000",
            "sentiment": 0,
            "surprise": "-0.02",
            "closePrice": "16.9623797739528"
        }
    ]
}