{
    "BRZE": [
        {
            "fiscalDateEnding": "2023-10-31",
            "totalCurrentAssets": "566752000",
            "cashAndShortTermInvestments": "60470000",
            "totalCurrentLiabilities": "248339000",
            "currentDebt": "None",
            "netIncome": "-30741000",
            "capitalExpenditures": "3908000",
            "operatingCashflow": "-2003000",
            "grossProfit": "87582000",
            "totalRevenue": "123956000",
            "sentiment": 0.2738054603913705,
            "surprise": "0.08",
            "closePrice": "56.12"
        },
        {
            "fiscalDateEnding": "2023-07-31",
            "totalCurrentAssets": "574035000",
            "cashAndShortTermInvestments": "77302000",
            "totalCurrentLiabilities": "248468000",
            "currentDebt": "None",
            "netIncome": "-31694000",
            "capitalExpenditures": "1175000",
            "operatingCashflow": "-17517000",
            "grossProfit": "79633000",
            "totalRevenue": "115107000",
            "sentiment": 0.36468909394607074,
            "surprise": "0.1",
            "closePrice": "47.64"
        },
        {
            "fiscalDateEnding": "2023-04-30",
            "totalCurrentAssets": "598108000",
            "cashAndShortTermInvestments": "116932000",
            "totalCurrentLiabilities": "245036000",
            "currentDebt": "None",
            "netIncome": "-38454000",
            "capitalExpenditures": "892000",
            "operatingCashflow": "22549000",
            "grossProfit": "69093000",
            "totalRevenue": "101780000",
            "sentiment": 0.18499078749704945,
            "surprise": "0.05",
            "closePrice": "33.94"
        },
        {
            "fiscalDateEnding": "2023-01-31",
            "totalCurrentAssets": "583171000",
            "cashAndShortTermInvestments": "68587000",
            "totalCurrentLiabilities": "217303000",
            "currentDebt": "None",
            "netIncome": "-33451000",
            "capitalExpenditures": "1934000",
            "operatingCashflow": "12000",
            "grossProfit": "65250000",
            "totalRevenue": "98675000",
            "sentiment": 0.23783780775341265,
            "surprise": "0.05",
            "closePrice": "31.6"
        },
        {
            "fiscalDateEnding": "2022-10-31",
            "totalCurrentAssets": "556156000",
            "cashAndShortTermInvestments": "45390000",
            "totalCurrentLiabilities": "181675000",
            "currentDebt": "None",
            "netIncome": "-33360000",
            "capitalExpenditures": "4144000",
            "operatingCashflow": "-23920000",
            "grossProfit": "63990000",
            "totalRevenue": "93125000",
            "sentiment": 0.2758826314631108,
            "surprise": "0.07",
            "closePrice": "28.9"
        },
        {
            "fiscalDateEnding": "2022-07-31",
            "totalCurrentAssets": "580904000",
            "cashAndShortTermInvestments": "80881000",
            "totalCurrentLiabilities": "184306000",
            "currentDebt": "None",
            "netIncome": "-32886000",
            "capitalExpenditures": "8361000",
            "operatingCashflow": "-16321000",
            "grossProfit": "58779000",
            "totalRevenue": "86131000",
            "sentiment": 0.04607355556542098,
            "surprise": "0.04",
            "closePrice": "43.58"
        },
        {
            "fiscalDateEnding": "2022-04-30",
            "totalCurrentAssets": "598765000",
            "cashAndShortTermInvestments": "90610000",
            "totalCurrentLiabilities": "180979000",
            "currentDebt": "None",
            "netIncome": "-39269000",
            "capitalExpenditures": "2266000",
            "operatingCashflow": "17921000",
            "grossProfit": "51589000",
            "totalRevenue": "77495000",
            "sentiment": 0.04234743560918341,
            "surprise": "0.02",
            "closePrice": "29.4"
        },
        {
            "fiscalDateEnding": "2022-01-31",
            "totalCurrentAssets": "608185000",
            "cashAndShortTermInvestments": "514093000",
            "totalCurrentLiabilities": "159966000",
            "currentDebt": "None",
            "netIncome": "-42935000",
            "capitalExpenditures": "1423000",
            "operatingCashflow": "-24530000",
            "grossProfit": "45659000",
            "totalRevenue": "70434000",
            "sentiment": 0,
            "surprise": "0.01",
            "closePrice": "43.58"
        },
        {
            "fiscalDateEnding": "2021-10-31",
            "totalCurrentAssets": "130599000",
            "cashAndShortTermInvestments": "76882000",
            "totalCurrentLiabilities": "122439000",
            "currentDebt": "None",
            "netIncome": "-8722000",
            "capitalExpenditures": "1025000",
            "operatingCashflow": "-2454000",
            "grossProfit": "44794000",
            "totalRevenue": "63968000",
            "sentiment": 0,
            "surprise": "0.46",
            "closePrice": "64.41"
        }
    ]
}