{
    "BSY": [
        {
            "fiscalDateEnding": "2023-12-31",
            "totalCurrentAssets": "419557000",
            "cashAndShortTermInvestments": "68412000",
            "totalCurrentLiabilities": "760363000",
            "currentDebt": "10000000",
            "netIncome": "179585000",
            "capitalExpenditures": "6096000",
            "operatingCashflow": "87053000",
            "grossProfit": "242844000",
            "totalRevenue": "310641000",
            "sentiment": 0.2079449674103122,
            "surprise": "0.02",
            "closePrice": "49.400908004779"
        },
        {
            "fiscalDateEnding": "2023-09-30",
            "totalCurrentAssets": "374239000",
            "cashAndShortTermInvestments": "66963000",
            "totalCurrentLiabilities": "680691000",
            "currentDebt": "8750000",
            "netIncome": "53027000",
            "capitalExpenditures": "7653000",
            "operatingCashflow": "72824000",
            "grossProfit": "241936000",
            "totalRevenue": "306612000",
            "sentiment": 0.2491037003868126,
            "surprise": "0.03",
            "closePrice": "51.9188205016208"
        },
        {
            "fiscalDateEnding": "2023-06-30",
            "totalCurrentAssets": "391457000",
            "cashAndShortTermInvestments": "82716000",
            "totalCurrentLiabilities": "709195000",
            "currentDebt": "7500000",
            "netIncome": "48685000",
            "capitalExpenditures": "6969000",
            "operatingCashflow": "80596000",
            "grossProfit": "230323000",
            "totalRevenue": "296749000",
            "sentiment": 0.27318972191214974,
            "surprise": "0.05",
            "closePrice": "50.4882746577972"
        },
        {
            "fiscalDateEnding": "2023-03-31",
            "totalCurrentAssets": "431741000",
            "cashAndShortTermInvestments": "93567000",
            "totalCurrentLiabilities": "719750000",
            "currentDebt": "6250000",
            "netIncome": "45490000",
            "capitalExpenditures": "4284000",
            "operatingCashflow": "176223000",
            "grossProfit": "247227000",
            "totalRevenue": "314411000",
            "sentiment": 0.14164288665498198,
            "surprise": "0.04",
            "closePrice": "46.115305191802"
        },
        {
            "fiscalDateEnding": "2022-12-31",
            "totalCurrentAssets": "415895000",
            "cashAndShortTermInvestments": "71684000",
            "totalCurrentLiabilities": "628358000",
            "currentDebt": "5000000",
            "netIncome": "25722000",
            "capitalExpenditures": "5564000",
            "operatingCashflow": "36126000",
            "grossProfit": "224597000",
            "totalRevenue": "286948000",
            "sentiment": 0.1926952838118772,
            "surprise": "0",
            "closePrice": "40.2898995478365"
        },
        {
            "fiscalDateEnding": "2022-09-30",
            "totalCurrentAssets": "326151000",
            "cashAndShortTermInvestments": "72856000",
            "totalCurrentLiabilities": "569143000",
            "currentDebt": "5000000",
            "netIncome": "36997000",
            "capitalExpenditures": "6393000",
            "operatingCashflow": "69468000",
            "grossProfit": "209149000",
            "totalRevenue": "268332000",
            "sentiment": 0.03867600909147061,
            "surprise": "0.02",
            "closePrice": "34.8818410022957"
        },
        {
            "fiscalDateEnding": "2022-06-30",
            "totalCurrentAssets": "355491000",
            "cashAndShortTermInvestments": "93411000",
            "totalCurrentLiabilities": "591414000",
            "currentDebt": "5000000",
            "netIncome": "55673000",
            "capitalExpenditures": "2413000",
            "operatingCashflow": "66999000",
            "grossProfit": "208591000",
            "totalRevenue": "268285000",
            "sentiment": 0.0485114073914717,
            "surprise": "0.05",
            "closePrice": "39.9872942413701"
        },
        {
            "fiscalDateEnding": "2022-03-31",
            "totalCurrentAssets": "414061000",
            "cashAndShortTermInvestments": "129617000",
            "totalCurrentLiabilities": "612790000",
            "currentDebt": "5048000",
            "netIncome": "56388000",
            "capitalExpenditures": "4176000",
            "operatingCashflow": "101731000",
            "grossProfit": "219732000",
            "totalRevenue": "275517000",
            "sentiment": 0.04606374100775395,
            "surprise": "0.03",
            "closePrice": "31.0041929335114"
        },
        {
            "fiscalDateEnding": "2021-12-31",
            "totalCurrentAssets": "615831000",
            "cashAndShortTermInvestments": "329337000",
            "totalCurrentLiabilities": "593874000",
            "currentDebt": "5098000",
            "netIncome": "38581000",
            "capitalExpenditures": "6387000",
            "operatingCashflow": "80607000",
            "grossProfit": "208165000",
            "totalRevenue": "267732000",
            "sentiment": 0,
            "surprise": "0.06",
            "closePrice": "38.3147763905791"
        },
        {
            "fiscalDateEnding": "2021-09-30",
            "totalCurrentAssets": "400102000",
            "cashAndShortTermInvestments": "155755000",
            "totalCurrentLiabilities": "549433000",
            "currentDebt": "146000",
            "netIncome": "-48022000",
            "capitalExpenditures": "6402000",
            "operatingCashflow": "58395000",
            "grossProfit": "197156000",
            "totalRevenue": "251388000",
            "sentiment": 0,
            "surprise": "0.01",
            "closePrice": "59.7011562319946"
        },
        {
            "fiscalDateEnding": "2021-06-30",
            "totalCurrentAssets": "405494000",
            "cashAndShortTermInvestments": "131154000",
            "totalCurrentLiabilities": "569553000",
            "currentDebt": "201000",
            "netIncome": "45627000",
            "capitalExpenditures": "2095000",
            "operatingCashflow": "16224000",
            "grossProfit": "170470000",
            "totalRevenue": "223921000",
            "sentiment": 0,
            "surprise": "0.08",
            "closePrice": "63.7829985354587"
        },
        {
            "fiscalDateEnding": "2021-03-31",
            "totalCurrentAssets": "781808000",
            "cashAndShortTermInvestments": "569536000",
            "totalCurrentLiabilities": "526455000",
            "currentDebt": "199000",
            "netIncome": "57006000",
            "capitalExpenditures": "2655000",
            "operatingCashflow": "132798000",
            "grossProfit": "172716000",
            "totalRevenue": "222005000",
            "sentiment": 0,
            "surprise": "0.04",
            "closePrice": "45.4016351228336"
        },
        {
            "fiscalDateEnding": "2020-12-31",
            "totalCurrentAssets": "340258000",
            "cashAndShortTermInvestments": "122006000",
            "totalCurrentLiabilities": "465555000",
            "currentDebt": "197000",
            "netIncome": "51932000",
            "capitalExpenditures": "2914000",
            "operatingCashflow": "82315000",
            "grossProfit": "169004000",
            "totalRevenue": "219567000",
            "sentiment": 0,
            "surprise": "0.01",
            "closePrice": "45.4691620153214"
        },
        {
            "fiscalDateEnding": "2020-09-30",
            "totalCurrentAssets": "338910000",
            "cashAndShortTermInvestments": "137598000",
            "totalCurrentLiabilities": "422259000",
            "currentDebt": "184000",
            "netIncome": "5844000",
            "capitalExpenditures": "3563000",
            "operatingCashflow": "39843000",
            "grossProfit": "160369000",
            "totalRevenue": "202997000",
            "sentiment": 0,
            "surprise": "0.04",
            "closePrice": "36.6734833281047"
        }
    ]
}