{
    "CALX": [
        {
            "fiscalDateEnding": "2023-12-31",
            "totalCurrentAssets": "597956000",
            "cashAndShortTermInvestments": "63409000",
            "totalCurrentLiabilities": "187642000",
            "currentDebt": "None",
            "netIncome": "-6599000",
            "capitalExpenditures": "3972000",
            "operatingCashflow": "14924000",
            "grossProfit": "113246000",
            "totalRevenue": "265534000",
            "sentiment": 0.25047419400761056,
            "surprise": "0.07",
            "closePrice": "32.95"
        },
        {
            "fiscalDateEnding": "2023-09-30",
            "totalCurrentAssets": "587625000",
            "cashAndShortTermInvestments": "135675000",
            "totalCurrentLiabilities": "139156000",
            "currentDebt": "None",
            "netIncome": "16953000",
            "capitalExpenditures": "3776000",
            "operatingCashflow": "15751000",
            "grossProfit": "140549000",
            "totalRevenue": "263835000",
            "sentiment": 0.4373559623799323,
            "surprise": "0.09",
            "closePrice": "42.58"
        },
        {
            "fiscalDateEnding": "2023-06-30",
            "totalCurrentAssets": "599284000",
            "cashAndShortTermInvestments": "90187000",
            "totalCurrentLiabilities": "162447000",
            "currentDebt": "None",
            "netIncome": "9373000",
            "capitalExpenditures": "5489000",
            "operatingCashflow": "17464000",
            "grossProfit": "136470000",
            "totalRevenue": "261016000",
            "sentiment": 0.30488160071270426,
            "surprise": "0.04",
            "closePrice": "48.99"
        },
        {
            "fiscalDateEnding": "2023-03-31",
            "totalCurrentAssets": "576074000",
            "cashAndShortTermInvestments": "94186000",
            "totalCurrentLiabilities": "160711000",
            "currentDebt": "None",
            "netIncome": "9598000",
            "capitalExpenditures": "4618000",
            "operatingCashflow": "8112000",
            "grossProfit": "128051000",
            "totalRevenue": "250008000",
            "sentiment": 0.18318627849211766,
            "surprise": "0.03",
            "closePrice": "48.47"
        },
        {
            "fiscalDateEnding": "2022-12-31",
            "totalCurrentAssets": "547370000",
            "cashAndShortTermInvestments": "79073000",
            "totalCurrentLiabilities": "165422000",
            "currentDebt": "None",
            "netIncome": "11927000",
            "capitalExpenditures": "4807000",
            "operatingCashflow": "6105000",
            "grossProfit": "124884000",
            "totalRevenue": "244803000",
            "sentiment": 0.2611764053165525,
            "surprise": "0.09",
            "closePrice": "57.95"
        },
        {
            "fiscalDateEnding": "2022-09-30",
            "totalCurrentAssets": "535176000",
            "cashAndShortTermInvestments": "75172000",
            "totalCurrentLiabilities": "180506000",
            "currentDebt": "None",
            "netIncome": "13443000",
            "capitalExpenditures": "3394000",
            "operatingCashflow": "6714000",
            "grossProfit": "118572000",
            "totalRevenue": "236334000",
            "sentiment": 0.21575628914175934,
            "surprise": "0.11",
            "closePrice": "60.34"
        },
        {
            "fiscalDateEnding": "2022-06-30",
            "totalCurrentAssets": "460842000",
            "cashAndShortTermInvestments": "51516000",
            "totalCurrentLiabilities": "131244000",
            "currentDebt": "None",
            "netIncome": "7521000",
            "capitalExpenditures": "2635000",
            "operatingCashflow": "6999000",
            "grossProfit": "100180000",
            "totalRevenue": "202042000",
            "sentiment": 0.04348884896792385,
            "surprise": "0.03",
            "closePrice": "44.32"
        },
        {
            "fiscalDateEnding": "2022-03-31",
            "totalCurrentAssets": "440222000",
            "cashAndShortTermInvestments": "44369000",
            "totalCurrentLiabilities": "141578000",
            "currentDebt": "None",
            "netIncome": "8119000",
            "capitalExpenditures": "3231000",
            "operatingCashflow": "7365000",
            "grossProfit": "91792000",
            "totalRevenue": "184948000",
            "sentiment": 0.000738,
            "surprise": "0.02",
            "closePrice": "39.62"
        },
        {
            "fiscalDateEnding": "2021-12-31",
            "totalCurrentAssets": "409245000",
            "cashAndShortTermInvestments": "51333000",
            "totalCurrentLiabilities": "128136000",
            "currentDebt": "None",
            "netIncome": "19881000",
            "capitalExpenditures": "3192000",
            "operatingCashflow": "12618000",
            "grossProfit": "91233000",
            "totalRevenue": "176419000",
            "sentiment": 0,
            "surprise": "0.02",
            "closePrice": "41.03"
        },
        {
            "fiscalDateEnding": "2021-09-30",
            "totalCurrentAssets": "374759000",
            "cashAndShortTermInvestments": "60215000",
            "totalCurrentLiabilities": "117001000",
            "currentDebt": "None",
            "netIncome": "177424000",
            "capitalExpenditures": "3343000",
            "operatingCashflow": "10818000",
            "grossProfit": "89493000",
            "totalRevenue": "172231000",
            "sentiment": 0,
            "surprise": "0.07",
            "closePrice": "53.5"
        },
        {
            "fiscalDateEnding": "2021-06-30",
            "totalCurrentAssets": "350598000",
            "cashAndShortTermInvestments": "58590000",
            "totalCurrentLiabilities": "117549000",
            "currentDebt": "None",
            "netIncome": "20458000",
            "capitalExpenditures": "1654000",
            "operatingCashflow": "23459000",
            "grossProfit": "89619000",
            "totalRevenue": "168670000",
            "sentiment": 0,
            "surprise": "0.11",
            "closePrice": "47.83"
        },
        {
            "fiscalDateEnding": "2021-03-31",
            "totalCurrentAssets": "309769000",
            "cashAndShortTermInvestments": "85854000",
            "totalCurrentLiabilities": "109382000",
            "currentDebt": "None",
            "netIncome": "20615000",
            "capitalExpenditures": "2274000",
            "operatingCashflow": "9898000",
            "grossProfit": "86242000",
            "totalRevenue": "162074000",
            "sentiment": 0,
            "surprise": "0.2",
            "closePrice": "45.03"
        },
        {
            "fiscalDateEnding": "2020-12-31",
            "totalCurrentAssets": "266890000",
            "cashAndShortTermInvestments": "80807000",
            "totalCurrentLiabilities": "101040000",
            "currentDebt": "None",
            "netIncome": "24102000",
            "capitalExpenditures": "2202000",
            "operatingCashflow": "30473000",
            "grossProfit": "89015000",
            "totalRevenue": "170026000",
            "sentiment": 0,
            "surprise": "0.12",
            "closePrice": "34.4"
        },
        {
            "fiscalDateEnding": "2020-09-30",
            "totalCurrentAssets": "224843000",
            "cashAndShortTermInvestments": "63826000",
            "totalCurrentLiabilities": "92654000",
            "currentDebt": "None",
            "netIncome": "20538000",
            "capitalExpenditures": "1137000",
            "operatingCashflow": "17001000",
            "grossProfit": "75975000",
            "totalRevenue": "150508000",
            "sentiment": 0,
            "surprise": "0.21",
            "closePrice": "21.12"
        },
        {
            "fiscalDateEnding": "2020-06-30",
            "totalCurrentAssets": "158069000",
            "cashAndShortTermInvestments": "50552000",
            "totalCurrentLiabilities": "117247000",
            "currentDebt": "26000000",
            "netIncome": "-4212000",
            "capitalExpenditures": "2751000",
            "operatingCashflow": "2686000",
            "grossProfit": "56405000",
            "totalRevenue": "119023000",
            "sentiment": 0,
            "surprise": "0.08",
            "closePrice": "17.16"
        },
        {
            "fiscalDateEnding": "2020-03-31",
            "totalCurrentAssets": "155715000",
            "cashAndShortTermInvestments": "46189000",
            "totalCurrentLiabilities": "128351000",
            "currentDebt": "32728000",
            "netIncome": "-6944000",
            "capitalExpenditures": "1729000",
            "operatingCashflow": "1249000",
            "grossProfit": "45624000",
            "totalRevenue": "101682000",
            "sentiment": 0,
            "surprise": "0.04",
            "closePrice": "11.5"
        },
        {
            "fiscalDateEnding": "2019-12-31",
            "totalCurrentAssets": "143817000",
            "cashAndShortTermInvestments": "46829000",
            "totalCurrentLiabilities": "115493000",
            "currentDebt": "32663000",
            "netIncome": "497000",
            "capitalExpenditures": "969000",
            "operatingCashflow": "620000",
            "grossProfit": "54712000",
            "totalRevenue": "120191000",
            "sentiment": 0,
            "surprise": "0.01",
            "closePrice": "8.74"
        },
        {
            "fiscalDateEnding": "2019-09-30",
            "totalCurrentAssets": "141860000",
            "cashAndShortTermInvestments": "37558000",
            "totalCurrentLiabilities": "123612000",
            "currentDebt": "26818000",
            "netIncome": "-3379000",
            "capitalExpenditures": "2846000",
            "operatingCashflow": "7285000",
            "grossProfit": "50202000",
            "totalRevenue": "114485000",
            "sentiment": 0,
            "surprise": "0.02",
            "closePrice": "7.18"
        },
        {
            "fiscalDateEnding": "2019-06-30",
            "totalCurrentAssets": "148210000",
            "cashAndShortTermInvestments": "34942000",
            "totalCurrentLiabilities": "128707000",
            "currentDebt": "27381000",
            "netIncome": "-5045000",
            "capitalExpenditures": "4499000",
            "operatingCashflow": "-2878000",
            "grossProfit": "44668000",
            "totalRevenue": "100304000",
            "sentiment": 0,
            "surprise": "0.03",
            "closePrice": "7.3"
        },
        {
            "fiscalDateEnding": "2019-03-31",
            "totalCurrentAssets": "157084000",
            "cashAndShortTermInvestments": "44067000",
            "totalCurrentLiabilities": "135233000",
            "currentDebt": "30000000",
            "netIncome": "-9767000",
            "capitalExpenditures": "5039000",
            "operatingCashflow": "-373000",
            "grossProfit": "38343000",
            "totalRevenue": "89255000",
            "sentiment": 0,
            "surprise": "0.02",
            "closePrice": "7.4"
        },
        {
            "fiscalDateEnding": "2018-12-31",
            "totalCurrentAssets": "174757000",
            "cashAndShortTermInvestments": "49646000",
            "totalCurrentLiabilities": "143678000",
            "currentDebt": "30000000",
            "netIncome": "-5578000",
            "capitalExpenditures": "4865000",
            "operatingCashflow": "-1660000",
            "grossProfit": "51624000",
            "totalRevenue": "115516000",
            "sentiment": 0,
            "surprise": "0.02",
            "closePrice": "10.88"
        },
        {
            "fiscalDateEnding": "2018-09-30",
            "totalCurrentAssets": "161611000",
            "cashAndShortTermInvestments": "53033000",
            "totalCurrentLiabilities": "136657000",
            "currentDebt": "30000000",
            "netIncome": "809000",
            "capitalExpenditures": "2606000",
            "operatingCashflow": "7898000",
            "grossProfit": "52833000",
            "totalRevenue": "114699000",
            "sentiment": 0,
            "surprise": "0.04",
            "closePrice": "7.52"
        },
        {
            "fiscalDateEnding": "2018-06-30",
            "totalCurrentAssets": "148757000",
            "cashAndShortTermInvestments": "48175000",
            "totalCurrentLiabilities": "120762000",
            "currentDebt": "30000000",
            "netIncome": "-2793000",
            "capitalExpenditures": "1080000",
            "operatingCashflow": "3145000",
            "grossProfit": "50866000",
            "totalRevenue": "111702000",
            "sentiment": 0,
            "surprise": "0.05",
            "closePrice": "6.9"
        },
        {
            "fiscalDateEnding": "2018-03-31",
            "totalCurrentAssets": "137986000",
            "cashAndShortTermInvestments": "42628000",
            "totalCurrentLiabilities": "111295000",
            "currentDebt": "30000000",
            "netIncome": "-11736000",
            "capitalExpenditures": "1875000",
            "operatingCashflow": "-5823000",
            "grossProfit": "42059000",
            "totalRevenue": "99403000",
            "sentiment": 0,
            "surprise": "-0.02",
            "closePrice": "6.5"
        },
        {
            "fiscalDateEnding": "2017-12-31",
            "totalCurrentAssets": "162455000",
            "cashAndShortTermInvestments": "39775000",
            "totalCurrentLiabilities": "128332000",
            "currentDebt": "None",
            "netIncome": "-12866000",
            "capitalExpenditures": "1240000",
            "operatingCashflow": "-34147000",
            "grossProfit": "50557000",
            "totalRevenue": "137899000",
            "sentiment": 0,
            "surprise": "-0.02",
            "closePrice": "6.6"
        },
        {
            "fiscalDateEnding": "2017-09-30",
            "totalCurrentAssets": "185693000",
            "cashAndShortTermInvestments": "64184000",
            "totalCurrentLiabilities": "147205000",
            "currentDebt": "30000000",
            "netIncome": "-17853000",
            "capitalExpenditures": "2071000",
            "operatingCashflow": "-7191000",
            "grossProfit": "44633000",
            "totalRevenue": "128827000",
            "sentiment": 0,
            "surprise": "-0.04",
            "closePrice": "5.2"
        },
        {
            "fiscalDateEnding": "2017-06-30",
            "totalCurrentAssets": "194379000",
            "cashAndShortTermInvestments": "37294000",
            "totalCurrentLiabilities": "142349000",
            "currentDebt": "None",
            "netIncome": "-18988000",
            "capitalExpenditures": "2609000",
            "operatingCashflow": "2020000",
            "grossProfit": "43323000",
            "totalRevenue": "126123000",
            "sentiment": 0,
            "surprise": "-0.15",
            "closePrice": "6.85"
        },
        {
            "fiscalDateEnding": "2017-03-31",
            "totalCurrentAssets": "214624000",
            "cashAndShortTermInvestments": "26318000",
            "totalCurrentLiabilities": "145951000",
            "currentDebt": "None",
            "netIncome": "-33325000",
            "capitalExpenditures": "2106000",
            "operatingCashflow": "-23454000",
            "grossProfit": "34377000",
            "totalRevenue": "117518000",
            "sentiment": 0,
            "surprise": "-0.05",
            "closePrice": "6.55"
        },
        {
            "fiscalDateEnding": "2016-12-31",
            "totalCurrentAssets": "219322000",
            "cashAndShortTermInvestments": "50359000",
            "totalCurrentLiabilities": "121396000",
            "currentDebt": "None",
            "netIncome": "-11483000",
            "capitalExpenditures": "4475000",
            "operatingCashflow": "19159000",
            "grossProfit": "52186000",
            "totalRevenue": "131800000",
            "sentiment": 0,
            "surprise": "-0.13",
            "closePrice": "7.65"
        },
        {
            "fiscalDateEnding": "2016-09-30",
            "totalCurrentAssets": "189182000",
            "cashAndShortTermInvestments": "31764000",
            "totalCurrentLiabilities": "84585000",
            "currentDebt": "None",
            "netIncome": "636000",
            "capitalExpenditures": "2286000",
            "operatingCashflow": "-128000",
            "grossProfit": "53544000",
            "totalRevenue": "121187000",
            "sentiment": 0,
            "surprise": "0.03",
            "closePrice": "6.25"
        },
        {
            "fiscalDateEnding": "2016-06-30",
            "totalCurrentAssets": "169042000",
            "cashAndShortTermInvestments": "26045000",
            "totalCurrentLiabilities": "70099000",
            "currentDebt": "None",
            "netIncome": "-5826000",
            "capitalExpenditures": "1625000",
            "operatingCashflow": "119000",
            "grossProfit": "50006000",
            "totalRevenue": "107425000",
            "sentiment": 0,
            "surprise": "0.02",
            "closePrice": "7.57"
        },
        {
            "fiscalDateEnding": "2016-03-31",
            "totalCurrentAssets": "163271000",
            "cashAndShortTermInvestments": "21365000",
            "totalCurrentLiabilities": "64747000",
            "currentDebt": "None",
            "netIncome": "-10729000",
            "capitalExpenditures": "1453000",
            "operatingCashflow": "5269000",
            "grossProfit": "45482000",
            "totalRevenue": "98375000",
            "sentiment": 0,
            "surprise": "0.03",
            "closePrice": "6.9"
        },
        {
            "fiscalDateEnding": "2015-12-31",
            "totalCurrentAssets": "182800000",
            "cashAndShortTermInvestments": "23626000",
            "totalCurrentLiabilities": "67239000",
            "currentDebt": "None",
            "netIncome": "-9546000",
            "capitalExpenditures": "1335000",
            "operatingCashflow": "-4149000",
            "grossProfit": "46537000",
            "totalRevenue": "104999000",
            "sentiment": 0,
            "surprise": "0.01",
            "closePrice": "7.23"
        },
        {
            "fiscalDateEnding": "2015-09-30",
            "totalCurrentAssets": "197119000",
            "cashAndShortTermInvestments": "36194000",
            "totalCurrentLiabilities": "66478000",
            "currentDebt": "None",
            "netIncome": "922000",
            "capitalExpenditures": "2325000",
            "operatingCashflow": "5479000",
            "grossProfit": "53113000",
            "totalRevenue": "112297000",
            "sentiment": 0,
            "surprise": "0.08",
            "closePrice": "8.86"
        },
        {
            "fiscalDateEnding": "2015-06-30",
            "totalCurrentAssets": "194893000",
            "cashAndShortTermInvestments": "39672000",
            "totalCurrentLiabilities": "64215000",
            "currentDebt": "None",
            "netIncome": "-5779000",
            "capitalExpenditures": "1876000",
            "operatingCashflow": "5226000",
            "grossProfit": "48289000",
            "totalRevenue": "99129000",
            "sentiment": 0,
            "surprise": "0.09",
            "closePrice": "7.0"
        },
        {
            "fiscalDateEnding": "2015-03-31",
            "totalCurrentAssets": "189953000",
            "cashAndShortTermInvestments": "29618000",
            "totalCurrentLiabilities": "61275000",
            "currentDebt": "None",
            "netIncome": "-11930000",
            "capitalExpenditures": "1742000",
            "operatingCashflow": "-11897000",
            "grossProfit": "42490000",
            "totalRevenue": "91038000",
            "sentiment": 0,
            "surprise": "-0.01",
            "closePrice": "8.69"
        },
        {
            "fiscalDateEnding": "2014-12-31",
            "totalCurrentAssets": "207487000",
            "cashAndShortTermInvestments": "48829000",
            "totalCurrentLiabilities": "75794000",
            "currentDebt": "None",
            "netIncome": "-2988000",
            "capitalExpenditures": "2480000",
            "operatingCashflow": "23533000",
            "grossProfit": "51441000",
            "totalRevenue": "111633000",
            "sentiment": 0,
            "surprise": "0",
            "closePrice": "10.55"
        },
        {
            "fiscalDateEnding": "2014-09-30",
            "totalCurrentAssets": "192523000",
            "cashAndShortTermInvestments": "39399000",
            "totalCurrentLiabilities": "70932000",
            "currentDebt": "None",
            "netIncome": "-3848000",
            "capitalExpenditures": "5153000",
            "operatingCashflow": "15058000",
            "grossProfit": "45080000",
            "totalRevenue": "105769000",
            "sentiment": 0,
            "surprise": "0.01",
            "closePrice": "8.84"
        },
        {
            "fiscalDateEnding": "2014-06-30",
            "totalCurrentAssets": "193490000",
            "cashAndShortTermInvestments": "32543000",
            "totalCurrentLiabilities": "73885000",
            "currentDebt": "None",
            "netIncome": "-3951000",
            "capitalExpenditures": "2420000",
            "operatingCashflow": "4710000",
            "grossProfit": "44342000",
            "totalRevenue": "98005000",
            "sentiment": 0,
            "surprise": "0.09",
            "closePrice": "8.21"
        },
        {
            "fiscalDateEnding": "2014-03-31",
            "totalCurrentAssets": "187370000",
            "cashAndShortTermInvestments": "75169000",
            "totalCurrentLiabilities": "74470000",
            "currentDebt": "None",
            "netIncome": "-10027000",
            "capitalExpenditures": "1908000",
            "operatingCashflow": "-5226000",
            "grossProfit": "36926000",
            "totalRevenue": "85820000",
            "sentiment": 0,
            "surprise": "0.07",
            "closePrice": "8.46"
        },
        {
            "fiscalDateEnding": "2013-12-31",
            "totalCurrentAssets": "204466000",
            "cashAndShortTermInvestments": "82747000",
            "totalCurrentLiabilities": "90100000",
            "currentDebt": "None",
            "netIncome": "-6453000",
            "capitalExpenditures": "1512000",
            "operatingCashflow": "4011000",
            "grossProfit": "40047000",
            "totalRevenue": "94003000",
            "sentiment": 0,
            "surprise": "0",
            "closePrice": "7.95"
        },
        {
            "fiscalDateEnding": "2013-09-30",
            "totalCurrentAssets": "207375000",
            "cashAndShortTermInvestments": "79124000",
            "totalCurrentLiabilities": "98309000",
            "currentDebt": "None",
            "netIncome": "544000",
            "capitalExpenditures": "2210000",
            "operatingCashflow": "13607000",
            "grossProfit": "47407000",
            "totalRevenue": "103628000",
            "sentiment": 0,
            "surprise": "0.06",
            "closePrice": "12.5"
        },
        {
            "fiscalDateEnding": "2013-06-30",
            "totalCurrentAssets": "206701000",
            "cashAndShortTermInvestments": "69379000",
            "totalCurrentLiabilities": "107141000",
            "currentDebt": "None",
            "netIncome": "-5153000",
            "capitalExpenditures": "1939000",
            "operatingCashflow": "20820000",
            "grossProfit": "42505000",
            "totalRevenue": "94439000",
            "sentiment": 0,
            "surprise": "0.04",
            "closePrice": "11.72"
        },
        {
            "fiscalDateEnding": "2013-03-31",
            "totalCurrentAssets": "190488000",
            "cashAndShortTermInvestments": "48059000",
            "totalCurrentLiabilities": "98975000",
            "currentDebt": "None",
            "netIncome": "-6203000",
            "capitalExpenditures": "1326000",
            "operatingCashflow": "2380000",
            "grossProfit": "41115000",
            "totalRevenue": "90548000",
            "sentiment": 0,
            "surprise": "None",
            "closePrice": "8.0"
        },
        {
            "fiscalDateEnding": "2012-12-31",
            "totalCurrentAssets": "176550000",
            "cashAndShortTermInvestments": "46995000",
            "totalCurrentLiabilities": "92295000",
            "currentDebt": "None",
            "netIncome": "-6574000",
            "capitalExpenditures": "2300000",
            "operatingCashflow": "2861000",
            "grossProfit": "37030000",
            "totalRevenue": "91424000",
            "sentiment": 0,
            "surprise": "0.04",
            "closePrice": "8.51"
        },
        {
            "fiscalDateEnding": "2012-09-30",
            "totalCurrentAssets": "165332000",
            "cashAndShortTermInvestments": "57422000",
            "totalCurrentLiabilities": "81247000",
            "currentDebt": "None",
            "netIncome": "-7140000",
            "capitalExpenditures": "1583000",
            "operatingCashflow": "6710000",
            "grossProfit": "33506000",
            "totalRevenue": "81301000",
            "sentiment": 0,
            "surprise": "0.03",
            "closePrice": "5.9"
        },
        {
            "fiscalDateEnding": "2012-06-30",
            "totalCurrentAssets": "159989000",
            "cashAndShortTermInvestments": "53085000",
            "totalCurrentLiabilities": "78105000",
            "currentDebt": "None",
            "netIncome": "-7091000",
            "capitalExpenditures": "3284000",
            "operatingCashflow": "4590000",
            "grossProfit": "33221000",
            "totalRevenue": "78928000",
            "sentiment": 0,
            "surprise": "0",
            "closePrice": "4.61"
        },
        {
            "fiscalDateEnding": "2012-03-31",
            "totalCurrentAssets": "148209000",
            "cashAndShortTermInvestments": "49562000",
            "totalCurrentLiabilities": "69739000",
            "currentDebt": "None",
            "netIncome": "-7521000",
            "capitalExpenditures": "3012000",
            "operatingCashflow": "13517000",
            "grossProfit": "33819000",
            "totalRevenue": "78565000",
            "sentiment": 0,
            "surprise": "None",
            "closePrice": "7.6"
        },
        {
            "fiscalDateEnding": "2011-12-31",
            "totalCurrentAssets": "143556000",
            "cashAndShortTermInvestments": "38938000",
            "totalCurrentLiabilities": "65811000",
            "currentDebt": "None",
            "netIncome": "-5214000",
            "capitalExpenditures": "1084000",
            "operatingCashflow": "5850000",
            "grossProfit": "37054000",
            "totalRevenue": "91585000",
            "sentiment": 0,
            "surprise": "0.01",
            "closePrice": "10.91"
        },
        {
            "fiscalDateEnding": "2011-09-30",
            "totalCurrentAssets": "140795000",
            "cashAndShortTermInvestments": "30249000",
            "totalCurrentLiabilities": "70840000",
            "currentDebt": "None",
            "netIncome": "-6934000",
            "capitalExpenditures": "1763000",
            "operatingCashflow": "7813000",
            "grossProfit": "31847000",
            "totalRevenue": "83655000",
            "sentiment": 0,
            "surprise": "-0.01",
            "closePrice": "8.4"
        },
        {
            "fiscalDateEnding": "2011-06-30",
            "totalCurrentAssets": "141229000",
            "cashAndShortTermInvestments": "18660000",
            "totalCurrentLiabilities": "73642000",
            "currentDebt": "None",
            "netIncome": "-17646000",
            "capitalExpenditures": "2786000",
            "operatingCashflow": "-1768000",
            "grossProfit": "30163000",
            "totalRevenue": "97959000",
            "sentiment": 0,
            "surprise": "0.03",
            "closePrice": "22.02"
        }
    ]
}