{
    "CDNS": [
        {
            "fiscalDateEnding": "2023-12-31",
            "totalCurrentAssets": "1976217000",
            "cashAndShortTermInvestments": "1138511000",
            "totalCurrentLiabilities": "1590867000",
            "currentDebt": "349285000",
            "netIncome": "323899000",
            "capitalExpenditures": "33869000",
            "operatingCashflow": "272091000",
            "grossProfit": "784532000",
            "totalRevenue": "1058793000",
            "sentiment": 0.1869856574955079,
            "surprise": "0.05",
            "closePrice": "306.58"
        },
        {
            "fiscalDateEnding": "2023-09-30",
            "totalCurrentAssets": "1824463000",
            "cashAndShortTermInvestments": "1020382000",
            "totalCurrentLiabilities": "1264167000",
            "currentDebt": "None",
            "netIncome": "254321000",
            "capitalExpenditures": "21979000",
            "operatingCashflow": "395914000",
            "grossProfit": "744211000",
            "totalRevenue": "1010467000",
            "sentiment": 0.21557118361029187,
            "surprise": "0.06",
            "closePrice": "239.92"
        },
        {
            "fiscalDateEnding": "2023-06-30",
            "totalCurrentAssets": "1643050000",
            "cashAndShortTermInvestments": "879066000",
            "totalCurrentLiabilities": "1196300000",
            "currentDebt": "None",
            "netIncome": "221120000",
            "capitalExpenditures": "19936000",
            "operatingCashflow": "413770000",
            "grossProfit": "727970000",
            "totalRevenue": "967665000",
            "sentiment": 0.2654118298752877,
            "surprise": "0.04",
            "closePrice": "241.27"
        },
        {
            "fiscalDateEnding": "2023-03-31",
            "totalCurrentAssets": "1698544000",
            "cashAndShortTermInvestments": "921710000",
            "totalCurrentLiabilities": "1181381000",
            "currentDebt": "30000000",
            "netIncome": "241804000",
            "capitalExpenditures": "26719000",
            "operatingCashflow": "267401000",
            "grossProfit": "777710000",
            "totalRevenue": "1012430000",
            "sentiment": 0.22356982415412832,
            "surprise": "0.03",
            "closePrice": "212.98"
        },
        {
            "fiscalDateEnding": "2022-12-31",
            "totalCurrentAssets": "1706767000",
            "cashAndShortTermInvestments": "886815000",
            "totalCurrentLiabilities": "1347696000",
            "currentDebt": "100000000",
            "netIncome": "240392000",
            "capitalExpenditures": "36920000",
            "operatingCashflow": "263635000",
            "grossProfit": "632529000",
            "totalRevenue": "887793000",
            "sentiment": 0.24001388147664388,
            "surprise": "0.04",
            "closePrice": "185.7"
        },
        {
            "fiscalDateEnding": "2022-09-30",
            "totalCurrentAssets": "1670483000",
            "cashAndShortTermInvestments": "1026051000",
            "totalCurrentLiabilities": "1256994000",
            "currentDebt": "None",
            "netIncome": "186305000",
            "capitalExpenditures": "44343000",
            "operatingCashflow": "317110000",
            "grossProfit": "652752000",
            "totalRevenue": "895792000",
            "sentiment": 0.2496356959714065,
            "surprise": "0.09",
            "closePrice": "160.22"
        },
        {
            "fiscalDateEnding": "2022-06-30",
            "totalCurrentAssets": "1657620000",
            "cashAndShortTermInvestments": "1029544000",
            "totalCurrentLiabilities": "1042491000",
            "currentDebt": "None",
            "netIncome": "186920000",
            "capitalExpenditures": "24072000",
            "operatingCashflow": "324541000",
            "grossProfit": "642290000",
            "totalRevenue": "854029000",
            "sentiment": 0.04503481415248101,
            "surprise": "0.12",
            "closePrice": "167.66"
        },
        {
            "fiscalDateEnding": "2022-03-31",
            "totalCurrentAssets": "1734897000",
            "cashAndShortTermInvestments": "1134752000",
            "totalCurrentLiabilities": "960826000",
            "currentDebt": "None",
            "netIncome": "235335000",
            "capitalExpenditures": "18880000",
            "operatingCashflow": "336608000",
            "grossProfit": "691588000",
            "totalRevenue": "897658000",
            "sentiment": 0.018897000393553704,
            "surprise": "0.15",
            "closePrice": "151.1"
        },
        {
            "fiscalDateEnding": "2021-12-31",
            "totalCurrentAssets": "1715769000",
            "cashAndShortTermInvestments": "1094896000",
            "totalCurrentLiabilities": "971225000",
            "currentDebt": "None",
            "netIncome": "176579000",
            "capitalExpenditures": "16904000",
            "operatingCashflow": "215857000",
            "grossProfit": "533960000",
            "totalRevenue": "765072000",
            "sentiment": 0,
            "surprise": "0.06",
            "closePrice": "135.21"
        },
        {
            "fiscalDateEnding": "2021-09-30",
            "totalCurrentAssets": "1543013000",
            "cashAndShortTermInvestments": "1013819000",
            "totalCurrentLiabilities": "907196000",
            "currentDebt": "None",
            "netIncome": "176307000",
            "capitalExpenditures": "18838000",
            "operatingCashflow": "296283000",
            "grossProfit": "543656000",
            "totalRevenue": "746699000",
            "sentiment": 0,
            "surprise": "0.05",
            "closePrice": "167.37"
        },
        {
            "fiscalDateEnding": "2021-06-30",
            "totalCurrentAssets": "1457067000",
            "cashAndShortTermInvestments": "847160000",
            "totalCurrentLiabilities": "926716000",
            "currentDebt": "None",
            "netIncome": "155900000",
            "capitalExpenditures": "14171000",
            "operatingCashflow": "380376000",
            "grossProfit": "530576000",
            "totalRevenue": "723969000",
            "sentiment": 0,
            "surprise": "0.1",
            "closePrice": "144.97"
        },
        {
            "fiscalDateEnding": "2021-03-31",
            "totalCurrentAssets": "1349729000",
            "cashAndShortTermInvestments": "742981000",
            "totalCurrentLiabilities": "792341000",
            "currentDebt": "None",
            "netIncome": "187169000",
            "capitalExpenditures": "16968000",
            "operatingCashflow": "208442000",
            "grossProfit": "542911000",
            "totalRevenue": "731811000",
            "sentiment": 0,
            "surprise": "0.08",
            "closePrice": "144.23"
        },
        {
            "fiscalDateEnding": "2020-12-31",
            "totalCurrentAssets": "1478587000",
            "cashAndShortTermInvestments": "932884000",
            "totalCurrentLiabilities": "796808000",
            "currentDebt": "None",
            "netIncome": "173738000",
            "capitalExpenditures": "31068000",
            "operatingCashflow": "135522000",
            "grossProfit": "531181000",
            "totalRevenue": "754659000",
            "sentiment": 0,
            "surprise": "0.09",
            "closePrice": "133.16"
        },
        {
            "fiscalDateEnding": "2020-09-30",
            "totalCurrentAssets": "1736482000",
            "cashAndShortTermInvestments": "1311134000",
            "totalCurrentLiabilities": "1117889000",
            "currentDebt": "350000000",
            "netIncome": "161630000",
            "capitalExpenditures": "20210000",
            "operatingCashflow": "206557000",
            "grossProfit": "485718000",
            "totalRevenue": "661282000",
            "sentiment": 0,
            "surprise": "0.09",
            "closePrice": "113.56"
        },
        {
            "fiscalDateEnding": "2020-06-30",
            "totalCurrentAssets": "1639783000",
            "cashAndShortTermInvestments": "1193350000",
            "totalCurrentLiabilities": "1151887000",
            "currentDebt": "350000000",
            "netIncome": "131288000",
            "capitalExpenditures": "21356000",
            "operatingCashflow": "345124000",
            "grossProfit": "460588000",
            "totalRevenue": "632504000",
            "sentiment": 0,
            "surprise": "0.14",
            "closePrice": "103.7"
        },
        {
            "fiscalDateEnding": "2020-03-31",
            "totalCurrentAssets": "1399507000",
            "cashAndShortTermInvestments": "950155000",
            "totalCurrentLiabilities": "1012429000",
            "currentDebt": "350000000",
            "netIncome": "123988000",
            "capitalExpenditures": "22179000",
            "operatingCashflow": "217719000",
            "grossProfit": "439985000",
            "totalRevenue": "613320000",
            "sentiment": 0,
            "surprise": "0.06",
            "closePrice": "77.84"
        },
        {
            "fiscalDateEnding": "2019-12-31",
            "totalCurrentAssets": "1169343000",
            "cashAndShortTermInvestments": "709810000",
            "totalCurrentLiabilities": "672391000",
            "currentDebt": "25558000",
            "netIncome": "659675000",
            "capitalExpenditures": "27078000",
            "operatingCashflow": "159296000",
            "grossProfit": "392291000",
            "totalRevenue": "586420000",
            "sentiment": 0,
            "surprise": "0.01",
            "closePrice": "77.1"
        },
        {
            "fiscalDateEnding": "2019-09-30",
            "totalCurrentAssets": "1049949000",
            "cashAndShortTermInvestments": "658989000",
            "totalCurrentLiabilities": "618982000",
            "currentDebt": "27717000",
            "netIncome": "101514000",
            "capitalExpenditures": "16965000",
            "operatingCashflow": "138530000",
            "grossProfit": "408178000",
            "totalRevenue": "575363000",
            "sentiment": 0,
            "surprise": "0.03",
            "closePrice": "66.75"
        },
        {
            "fiscalDateEnding": "2019-06-30",
            "totalCurrentAssets": "979241000",
            "cashAndShortTermInvestments": "637030000",
            "totalCurrentLiabilities": "610183000",
            "currentDebt": "None",
            "netIncome": "107235000",
            "capitalExpenditures": "15287000",
            "operatingCashflow": "246360000",
            "grossProfit": "421982000",
            "totalRevenue": "575443000",
            "sentiment": 0,
            "surprise": "0.04",
            "closePrice": "72.66"
        },
        {
            "fiscalDateEnding": "2019-03-31",
            "totalCurrentAssets": "917947000",
            "cashAndShortTermInvestments": "542867000",
            "totalCurrentLiabilities": "631439000",
            "currentDebt": "50000000",
            "netIncome": "120555000",
            "capitalExpenditures": "15275000",
            "operatingCashflow": "185414000",
            "grossProfit": "421800000",
            "totalRevenue": "571351000",
            "sentiment": 0,
            "surprise": "0.05",
            "closePrice": "64.21"
        },
        {
            "fiscalDateEnding": "2018-12-31",
            "totalCurrentAssets": "951092000",
            "cashAndShortTermInvestments": "537185000",
            "totalCurrentLiabilities": "708982000",
            "currentDebt": "100000000",
            "netIncome": "98425000",
            "capitalExpenditures": "19742000",
            "operatingCashflow": "131884000",
            "grossProfit": "401510000",
            "totalRevenue": "563275000",
            "sentiment": 0,
            "surprise": "0.05",
            "closePrice": "52.64"
        },
        {
            "fiscalDateEnding": "2018-09-30",
            "totalCurrentAssets": "888381000",
            "cashAndShortTermInvestments": "550031000",
            "totalCurrentLiabilities": "541321000",
            "currentDebt": "None",
            "netIncome": "99318000",
            "capitalExpenditures": "10656000",
            "operatingCashflow": "109954000",
            "grossProfit": "382138000",
            "totalRevenue": "527291000",
            "sentiment": 0,
            "surprise": "0.08",
            "closePrice": "40.61"
        },
        {
            "fiscalDateEnding": "2018-06-30",
            "totalCurrentAssets": "1129054000",
            "cashAndShortTermInvestments": "825382000",
            "totalCurrentLiabilities": "870115000",
            "currentDebt": "None",
            "netIncome": "75149000",
            "capitalExpenditures": "17977000",
            "operatingCashflow": "205266000",
            "grossProfit": "345643000",
            "totalRevenue": "511722000",
            "sentiment": 0,
            "surprise": "0.05",
            "closePrice": "45.15"
        },
        {
            "fiscalDateEnding": "2018-03-31",
            "totalCurrentAssets": "1069943000",
            "cashAndShortTermInvestments": "752434000",
            "totalCurrentLiabilities": "866249000",
            "currentDebt": "None",
            "netIncome": "72885000",
            "capitalExpenditures": "13128000",
            "operatingCashflow": "157647000",
            "grossProfit": "344773000",
            "totalRevenue": "510338000",
            "sentiment": 0,
            "surprise": "0.03",
            "closePrice": "36.74"
        },
        {
            "fiscalDateEnding": "2017-12-31",
            "totalCurrentAssets": "979988000",
            "cashAndShortTermInvestments": "692542000",
            "totalCurrentLiabilities": "642398000",
            "currentDebt": "None",
            "netIncome": "-14442000",
            "capitalExpenditures": "18225000",
            "operatingCashflow": "126856000",
            "grossProfit": "322753000",
            "totalRevenue": "501024000",
            "sentiment": 0,
            "surprise": "0",
            "closePrice": "44.86"
        },
        {
            "fiscalDateEnding": "2017-09-30",
            "totalCurrentAssets": "931105000",
            "cashAndShortTermInvestments": "682419000",
            "totalCurrentLiabilities": "520134000",
            "currentDebt": "None",
            "netIncome": "81157000",
            "capitalExpenditures": "12188000",
            "operatingCashflow": "89314000",
            "grossProfit": "315553000",
            "totalRevenue": "479173000",
            "sentiment": 0,
            "surprise": "0.01",
            "closePrice": "42.72"
        },
        {
            "fiscalDateEnding": "2017-06-30",
            "totalCurrentAssets": "883450000",
            "cashAndShortTermInvestments": "659227000",
            "totalCurrentLiabilities": "544725000",
            "currentDebt": "None",
            "netIncome": "69127000",
            "capitalExpenditures": "12645000",
            "operatingCashflow": "162140000",
            "grossProfit": "311172000",
            "totalRevenue": "472753000",
            "sentiment": 0,
            "surprise": "0.02",
            "closePrice": "35.07"
        },
        {
            "fiscalDateEnding": "2017-03-31",
            "totalCurrentAssets": "800004000",
            "cashAndShortTermInvestments": "547607000",
            "totalCurrentLiabilities": "575826000",
            "currentDebt": "None",
            "netIncome": "68259000",
            "capitalExpenditures": "14843000",
            "operatingCashflow": "92430000",
            "grossProfit": "315126000",
            "totalRevenue": "470432000",
            "sentiment": 0,
            "surprise": "0",
            "closePrice": "33.48"
        },
        {
            "fiscalDateEnding": "2016-12-31",
            "totalCurrentAssets": "702034000",
            "cashAndShortTermInvestments": "468289000",
            "totalCurrentLiabilities": "585562000",
            "currentDebt": "None",
            "netIncome": "38477000",
            "capitalExpenditures": "11260000",
            "operatingCashflow": "196862000",
            "grossProfit": "294567000",
            "totalRevenue": "472604000",
            "sentiment": 0,
            "surprise": "0.01",
            "closePrice": "25.82"
        },
        {
            "fiscalDateEnding": "2016-09-30",
            "totalCurrentAssets": "792290000",
            "cashAndShortTermInvestments": "532836000",
            "totalCurrentLiabilities": "531321000",
            "currentDebt": "None",
            "netIncome": "64712000",
            "capitalExpenditures": "14165000",
            "operatingCashflow": "84460000",
            "grossProfit": "291076000",
            "totalRevenue": "440167000",
            "sentiment": 0,
            "surprise": "0.02",
            "closePrice": "25.74"
        },
        {
            "fiscalDateEnding": "2016-06-30",
            "totalCurrentAssets": "962179000",
            "cashAndShortTermInvestments": "704318000",
            "totalCurrentLiabilities": "564471000",
            "currentDebt": "None",
            "netIncome": "49335000",
            "capitalExpenditures": "16171000",
            "operatingCashflow": "80366000",
            "grossProfit": "286341000",
            "totalRevenue": "447125000",
            "sentiment": 0,
            "surprise": "0.01",
            "closePrice": "26.13"
        },
        {
            "fiscalDateEnding": "2016-03-31",
            "totalCurrentAssets": "1152244000",
            "cashAndShortTermInvestments": "906717000",
            "totalCurrentLiabilities": "567900000",
            "currentDebt": "None",
            "netIncome": "50562000",
            "capitalExpenditures": "12116000",
            "operatingCashflow": "83191000",
            "grossProfit": "276766000",
            "totalRevenue": "442505000",
            "sentiment": 0,
            "surprise": "0.01",
            "closePrice": "23.8"
        },
        {
            "fiscalDateEnding": "2015-12-31",
            "totalCurrentAssets": "964235000",
            "cashAndShortTermInvestments": "711184000",
            "totalCurrentLiabilities": "536307000",
            "currentDebt": "None",
            "netIncome": "80374000",
            "capitalExpenditures": "10715000",
            "operatingCashflow": "122851000",
            "grossProfit": "287543000",
            "totalRevenue": "444833000",
            "sentiment": 0,
            "surprise": "0.02",
            "closePrice": "19.23"
        },
        {
            "fiscalDateEnding": "2015-09-30",
            "totalCurrentAssets": "1042084000",
            "cashAndShortTermInvestments": "711195000",
            "totalCurrentLiabilities": "509647000",
            "currentDebt": "None",
            "netIncome": "77624000",
            "capitalExpenditures": "10026000",
            "operatingCashflow": "86907000",
            "grossProfit": "269557000",
            "totalRevenue": "429586000",
            "sentiment": 0,
            "surprise": "0.02",
            "closePrice": "21.35"
        },
        {
            "fiscalDateEnding": "2015-06-30",
            "totalCurrentAssets": "1067228000",
            "cashAndShortTermInvestments": "744411000",
            "totalCurrentLiabilities": "527363000",
            "currentDebt": "None",
            "netIncome": "58160000",
            "capitalExpenditures": "16547000",
            "operatingCashflow": "121754000",
            "grossProfit": "257913000",
            "totalRevenue": "407703000",
            "sentiment": 0,
            "surprise": "0.03",
            "closePrice": "18.97"
        },
        {
            "fiscalDateEnding": "2015-03-31",
            "totalCurrentAssets": "1733644000",
            "cashAndShortTermInvestments": "980376000",
            "totalCurrentLiabilities": "1226436000",
            "currentDebt": "None",
            "netIncome": "36259000",
            "capitalExpenditures": "7520000",
            "operatingCashflow": "46688000",
            "grossProfit": "242586000",
            "totalRevenue": "399612000",
            "sentiment": 0,
            "surprise": "0.02",
            "closePrice": "18.76"
        },
        {
            "fiscalDateEnding": "2014-12-31",
            "totalCurrentAssets": "1851735000",
            "cashAndShortTermInvestments": "1022606000",
            "totalCurrentLiabilities": "1393091000",
            "currentDebt": "None",
            "netIncome": "65030000",
            "capitalExpenditures": "11852000",
            "operatingCashflow": "132067000",
            "grossProfit": "260452000",
            "totalRevenue": "414165000",
            "sentiment": 0,
            "surprise": "0",
            "closePrice": "18.1"
        },
        {
            "fiscalDateEnding": "2014-09-30",
            "totalCurrentAssets": "1351610000",
            "cashAndShortTermInvestments": "595453000",
            "totalCurrentLiabilities": "1296044000",
            "currentDebt": "None",
            "netIncome": "37535000",
            "capitalExpenditures": "10243000",
            "operatingCashflow": "87692000",
            "grossProfit": "232680000",
            "totalRevenue": "393429000",
            "sentiment": 0,
            "surprise": "0.02",
            "closePrice": "16.62"
        },
        {
            "fiscalDateEnding": "2014-06-30",
            "totalCurrentAssets": "1414719000",
            "cashAndShortTermInvestments": "655326000",
            "totalCurrentLiabilities": "1408047000",
            "currentDebt": "None",
            "netIncome": "23263000",
            "capitalExpenditures": "11463000",
            "operatingCashflow": "68865000",
            "grossProfit": "215845000",
            "totalRevenue": "371457000",
            "sentiment": 0,
            "surprise": "0.01",
            "closePrice": "17.5"
        },
        {
            "fiscalDateEnding": "2014-03-31",
            "totalCurrentAssets": "1297725000",
            "cashAndShortTermInvestments": "629767000",
            "totalCurrentLiabilities": "1192694000",
            "currentDebt": "None",
            "netIncome": "33070000",
            "capitalExpenditures": "6252000",
            "operatingCashflow": "28098000",
            "grossProfit": "223451000",
            "totalRevenue": "372026000",
            "sentiment": 0,
            "surprise": "0.01",
            "closePrice": "14.84"
        },
        {
            "fiscalDateEnding": "2013-12-31",
            "totalCurrentAssets": "1221091000",
            "cashAndShortTermInvestments": "633048000",
            "totalCurrentLiabilities": "1148210000",
            "currentDebt": "None",
            "netIncome": "37705000",
            "capitalExpenditures": "8979000",
            "operatingCashflow": "119164000",
            "grossProfit": "204156000",
            "totalRevenue": "366357000",
            "sentiment": 0,
            "surprise": "0",
            "closePrice": "14.08"
        },
        {
            "fiscalDateEnding": "2013-09-30",
            "totalCurrentAssets": "1274163000",
            "cashAndShortTermInvestments": "716422000",
            "totalCurrentLiabilities": "1297690000",
            "currentDebt": "None",
            "netIncome": "38500000",
            "capitalExpenditures": "12211000",
            "operatingCashflow": "98210000",
            "grossProfit": "209466000",
            "totalRevenue": "357559000",
            "sentiment": 0,
            "surprise": "0",
            "closePrice": "14.51"
        },
        {
            "fiscalDateEnding": "2013-06-30",
            "totalCurrentAssets": "1265499000",
            "cashAndShortTermInvestments": "678484000",
            "totalCurrentLiabilities": "1361903000",
            "currentDebt": "None",
            "netIncome": "9429000",
            "capitalExpenditures": "17170000",
            "operatingCashflow": "74895000",
            "grossProfit": "195527000",
            "totalRevenue": "353176000",
            "sentiment": 0,
            "surprise": "0.01",
            "closePrice": "15.4"
        },
        {
            "fiscalDateEnding": "2013-03-31",
            "totalCurrentAssets": "1461912000",
            "cashAndShortTermInvestments": "911144000",
            "totalCurrentLiabilities": "1210625000",
            "currentDebt": "None",
            "netIncome": "78609000",
            "capitalExpenditures": "6569000",
            "operatingCashflow": "75336000",
            "grossProfit": "204759000",
            "totalRevenue": "346958000",
            "sentiment": 0,
            "surprise": "0.02",
            "closePrice": "12.72"
        },
        {
            "fiscalDateEnding": "2012-12-31",
            "totalCurrentAssets": "1391235000",
            "cashAndShortTermInvestments": "827061000",
            "totalCurrentLiabilities": "1217270000",
            "currentDebt": "None",
            "netIncome": "313874000",
            "capitalExpenditures": "10034000",
            "operatingCashflow": "95876000",
            "grossProfit": "169371000",
            "totalRevenue": "340313000",
            "sentiment": 0,
            "surprise": "0.01",
            "closePrice": "13.94"
        },
        {
            "fiscalDateEnding": "2012-09-30",
            "totalCurrentAssets": "1250612000",
            "cashAndShortTermInvestments": "744918000",
            "totalCurrentLiabilities": "1074618000",
            "currentDebt": "None",
            "netIncome": "58584000",
            "capitalExpenditures": "7663000",
            "operatingCashflow": "91930000",
            "grossProfit": "167166000",
            "totalRevenue": "331180000",
            "sentiment": 0,
            "surprise": "0.03",
            "closePrice": "12.71"
        },
        {
            "fiscalDateEnding": "2012-06-30",
            "totalCurrentAssets": "1158446000",
            "cashAndShortTermInvestments": "712962000",
            "totalCurrentLiabilities": "1002853000",
            "currentDebt": "None",
            "netIncome": "36386000",
            "capitalExpenditures": "10068000",
            "operatingCashflow": "67479000",
            "grossProfit": "155155000",
            "totalRevenue": "318980000",
            "sentiment": 0,
            "surprise": "0.01",
            "closePrice": "11.42"
        },
        {
            "fiscalDateEnding": "2012-03-31",
            "totalCurrentAssets": "1111644000",
            "cashAndShortTermInvestments": "662974000",
            "totalCurrentLiabilities": "1011426000",
            "currentDebt": "None",
            "netIncome": "31104000",
            "capitalExpenditures": "8201000",
            "operatingCashflow": "60709000",
            "grossProfit": "127471000",
            "totalRevenue": "307510000",
            "sentiment": 0,
            "surprise": "0.02",
            "closePrice": "11.67"
        },
        {
            "fiscalDateEnding": "2011-12-31",
            "totalCurrentAssets": "1063983000",
            "cashAndShortTermInvestments": "604639000",
            "totalCurrentLiabilities": "1015366000",
            "currentDebt": "None",
            "netIncome": "10892000",
            "capitalExpenditures": "13718000",
            "operatingCashflow": "62137000",
            "grossProfit": "59269000",
            "totalRevenue": "298944000",
            "sentiment": 0,
            "surprise": "0.02",
            "closePrice": "10.8"
        },
        {
            "fiscalDateEnding": "2011-09-30",
            "totalCurrentAssets": "958459000",
            "cashAndShortTermInvestments": "699060000",
            "totalCurrentLiabilities": "649532000",
            "currentDebt": "None",
            "netIncome": "28106000",
            "capitalExpenditures": "6391000",
            "operatingCashflow": "52427000",
            "grossProfit": "131139000",
            "totalRevenue": "288265000",
            "sentiment": 0,
            "surprise": "0.02",
            "closePrice": "10.3"
        },
        {
            "fiscalDateEnding": "2011-06-30",
            "totalCurrentAssets": "1165255000",
            "cashAndShortTermInvestments": "668572000",
            "totalCurrentLiabilities": "1184402000",
            "currentDebt": "None",
            "netIncome": "26908000",
            "capitalExpenditures": "6131000",
            "operatingCashflow": "69413000",
            "grossProfit": "120306000",
            "totalRevenue": "279351000",
            "sentiment": 0,
            "surprise": "0.02",
            "closePrice": "9.41"
        },
        {
            "fiscalDateEnding": "2011-03-31",
            "totalCurrentAssets": "922638000",
            "cashAndShortTermInvestments": "623125000",
            "totalCurrentLiabilities": "673662000",
            "currentDebt": "None",
            "netIncome": "6323000",
            "capitalExpenditures": "5181000",
            "operatingCashflow": "56365000",
            "grossProfit": "91616000",
            "totalRevenue": "257323000",
            "sentiment": 0.20990978207749555,
            "surprise": "0.01",
            "closePrice": "10.29"
        },
        {
            "fiscalDateEnding": "2011-12-31",
            "totalCurrentAssets": "879406000",
            "cashAndShortTermInvestments": "570124000",
            "totalCurrentLiabilities": "697548000",
            "currentDebt": "None",
            "netIncome": "-37037000",
            "capitalExpenditures": "5842000",
            "operatingCashflow": "57014000",
            "grossProfit": "60666000",
            "totalRevenue": "236915000",
            "sentiment": 0,
            "surprise": "0.02",
            "closePrice": "10.8"
        },
        {
            "fiscalDateEnding": "2010-09-30",
            "totalCurrentAssets": "822309000",
            "cashAndShortTermInvestments": "511676000",
            "totalCurrentLiabilities": "461027000",
            "currentDebt": "None",
            "netIncome": "126753000",
            "capitalExpenditures": "10175000",
            "operatingCashflow": "46428000",
            "grossProfit": "82560000",
            "totalRevenue": "226302000",
            "sentiment": 0,
            "surprise": "0.01",
            "closePrice": "8.09"
        },
        {
            "fiscalDateEnding": "2010-06-30",
            "totalCurrentAssets": "765076000",
            "cashAndShortTermInvestments": "478463000",
            "totalCurrentLiabilities": "444087000",
            "currentDebt": "None",
            "netIncome": "48607000",
            "capitalExpenditures": "10896000",
            "operatingCashflow": "48998000",
            "grossProfit": "86046000",
            "totalRevenue": "216011000",
            "sentiment": 0,
            "surprise": "0.04",
            "closePrice": "6.45"
        }
    ]
}