{
    "CFLT": [
        {
            "fiscalDateEnding": "2023-12-31",
            "totalCurrentAssets": "2251655000",
            "cashAndShortTermInvestments": "1900770000",
            "totalCurrentLiabilities": "487021000",
            "currentDebt": "None",
            "netIncome": "-94096000",
            "capitalExpenditures": "5415000",
            "operatingCashflow": "12235000",
            "grossProfit": "156127000",
            "totalRevenue": "212271000",
            "sentiment": 0,
            "surprise": "0.04",
            "closePrice": "24.29"
        },
        {
            "fiscalDateEnding": "2023-09-30",
            "totalCurrentAssets": "2168058000",
            "cashAndShortTermInvestments": "1872792000",
            "totalCurrentLiabilities": "435460000",
            "currentDebt": "None",
            "netIncome": "-92670000",
            "capitalExpenditures": "4023000",
            "operatingCashflow": "-9060000",
            "grossProfit": "143632000",
            "totalRevenue": "199181000",
            "sentiment": 0,
            "surprise": "0.06",
            "closePrice": "28.13"
        },
        {
            "fiscalDateEnding": "2023-06-30",
            "totalCurrentAssets": "2139658000",
            "cashAndShortTermInvestments": "1847555000",
            "totalCurrentLiabilities": "423358000",
            "currentDebt": "None",
            "netIncome": "-103425000",
            "capitalExpenditures": "6139000",
            "operatingCashflow": "-29060000",
            "grossProfit": "131365000",
            "totalRevenue": "188285000",
            "sentiment": 0,
            "surprise": "-0.2873",
            "closePrice": "31.02"
        },
        {
            "fiscalDateEnding": "2023-03-31",
            "totalCurrentAssets": "2115049000",
            "cashAndShortTermInvestments": "1849852000",
            "totalCurrentLiabilities": "401162000",
            "currentDebt": "None",
            "netIncome": "-152555000",
            "capitalExpenditures": "5102000",
            "operatingCashflow": "-77772000",
            "grossProfit": "116158000",
            "totalRevenue": "173363000",
            "sentiment": 0,
            "surprise": "0.05",
            "closePrice": "19.96"
        },
        {
            "fiscalDateEnding": "2022-12-31",
            "totalCurrentAssets": "2198125000",
            "cashAndShortTermInvestments": "1926825000",
            "totalCurrentLiabilities": "424330000",
            "currentDebt": "None",
            "netIncome": "-105884000",
            "capitalExpenditures": "3787000",
            "operatingCashflow": "-27078000",
            "grossProfit": "114717000",
            "totalRevenue": "170208000",
            "sentiment": 0,
            "surprise": "0.05",
            "closePrice": "23.03"
        },
        {
            "fiscalDateEnding": "2022-09-30",
            "totalCurrentAssets": "2174555000",
            "cashAndShortTermInvestments": "1939719000",
            "totalCurrentLiabilities": "378646000",
            "currentDebt": "None",
            "netIncome": "-116049000",
            "capitalExpenditures": "3832000",
            "operatingCashflow": "-41752000",
            "grossProfit": "98552000",
            "totalRevenue": "150732000",
            "sentiment": 0.26235004233664716,
            "surprise": "0.04",
            "closePrice": "22.4"
        },
        {
            "fiscalDateEnding": "2022-06-30",
            "totalCurrentAssets": "2192023000",
            "cashAndShortTermInvestments": "1957526000",
            "totalCurrentLiabilities": "376180000",
            "currentDebt": "None",
            "netIncome": "-117631000",
            "capitalExpenditures": "3440000",
            "operatingCashflow": "-33472000",
            "grossProfit": "89898000",
            "totalRevenue": "138507000",
            "sentiment": 0,
            "surprise": "0.03",
            "closePrice": "29.02"
        },
        {
            "fiscalDateEnding": "2022-03-31",
            "totalCurrentAssets": "2195249000",
            "cashAndShortTermInvestments": "1990637000",
            "totalCurrentLiabilities": "330729000",
            "currentDebt": "None",
            "netIncome": "-112987000",
            "capitalExpenditures": "3396000",
            "operatingCashflow": "-55031000",
            "grossProfit": "80362000",
            "totalRevenue": "125239000",
            "sentiment": 0,
            "surprise": "0.03",
            "closePrice": "28.25"
        },
        {
            "fiscalDateEnding": "2021-12-31",
            "totalCurrentAssets": "2226073000",
            "cashAndShortTermInvestments": "2016017000",
            "totalCurrentLiabilities": "348188000",
            "currentDebt": "None",
            "netIncome": "-114439000",
            "capitalExpenditures": "2843000",
            "operatingCashflow": "-23876000",
            "grossProfit": "73782000",
            "totalRevenue": "120228000",
            "sentiment": 0,
            "surprise": "0.02",
            "closePrice": "73.19"
        },
        {
            "fiscalDateEnding": "2021-09-30",
            "totalCurrentAssets": "1207549000",
            "cashAndShortTermInvestments": "1030942000",
            "totalCurrentLiabilities": "272801000",
            "currentDebt": "None",
            "netIncome": "-95666000",
            "capitalExpenditures": "2615000",
            "operatingCashflow": "-18029000",
            "grossProfit": "65271000",
            "totalRevenue": "102570000",
            "sentiment": 0,
            "surprise": "0.06",
            "closePrice": "73.6"
        },
        {
            "fiscalDateEnding": "2021-06-30",
            "totalCurrentAssets": "1213605000",
            "cashAndShortTermInvestments": "1043873000",
            "totalCurrentLiabilities": "248980000",
            "currentDebt": "None",
            "netIncome": "-88170000",
            "capitalExpenditures": "2245000",
            "operatingCashflow": "-43166000",
            "grossProfit": "58329000",
            "totalRevenue": "88338000",
            "sentiment": 0,
            "surprise": "0.09",
            "closePrice": "40.25"
        }
    ]
}