{
    "CGNX": [
        {
            "fiscalDateEnding": "2023-12-31",
            "totalCurrentAssets": "678997000",
            "cashAndShortTermInvestments": "332047000",
            "totalCurrentLiabilities": "151884000",
            "currentDebt": "None",
            "netIncome": "11229000",
            "capitalExpenditures": "7015000",
            "operatingCashflow": "14491000",
            "grossProfit": "135044000",
            "totalRevenue": "194982000",
            "sentiment": 0.14290439389664875,
            "surprise": "0.01",
            "closePrice": "38.4344605727736"
        },
        {
            "fiscalDateEnding": "2023-09-30",
            "totalCurrentAssets": "846991000",
            "cashAndShortTermInvestments": "512648000",
            "totalCurrentLiabilities": "169704000",
            "currentDebt": "None",
            "netIncome": "18916000",
            "capitalExpenditures": "5855000",
            "operatingCashflow": "41023000",
            "grossProfit": "142774000",
            "totalRevenue": "187918000",
            "sentiment": 0.2422895007287686,
            "surprise": "0.02",
            "closePrice": "35.8458887395264"
        },
        {
            "fiscalDateEnding": "2023-06-30",
            "totalCurrentAssets": "718382000",
            "cashAndShortTermInvestments": "368959000",
            "totalCurrentLiabilities": "180462000",
            "currentDebt": "None",
            "netIncome": "57474000",
            "capitalExpenditures": "4700000",
            "operatingCashflow": "29849000",
            "grossProfit": "179683000",
            "totalRevenue": "240907000",
            "sentiment": 0.21141661613513432,
            "surprise": "0.04",
            "closePrice": "50.6994289517119"
        },
        {
            "fiscalDateEnding": "2023-03-31",
            "totalCurrentAssets": "722163000",
            "cashAndShortTermInvestments": "164171000",
            "totalCurrentLiabilities": "213977000",
            "currentDebt": "None",
            "netIncome": "25615000",
            "capitalExpenditures": "5507000",
            "operatingCashflow": "27553000",
            "grossProfit": "143740000",
            "totalRevenue": "201124000",
            "sentiment": 0.09792707012721354,
            "surprise": "0.04",
            "closePrice": "50.1448815977812"
        },
        {
            "fiscalDateEnding": "2022-12-31",
            "totalCurrentAssets": "717699000",
            "cashAndShortTermInvestments": "400133000",
            "totalCurrentLiabilities": "187708000",
            "currentDebt": "None",
            "netIncome": "55311000",
            "capitalExpenditures": "4062000",
            "operatingCashflow": "66257000",
            "grossProfit": "169564000",
            "totalRevenue": "242047000",
            "sentiment": 0.10507019535640594,
            "surprise": "-0.05",
            "closePrice": "54.851574862299"
        },
        {
            "fiscalDateEnding": "2022-09-30",
            "totalCurrentAssets": "787467000",
            "cashAndShortTermInvestments": "817632000",
            "totalCurrentLiabilities": "161278000",
            "currentDebt": "None",
            "netIncome": "33980000",
            "capitalExpenditures": "4352000",
            "operatingCashflow": "83520000",
            "grossProfit": "152239000",
            "totalRevenue": "207663000",
            "sentiment": 0.21629434343098716,
            "surprise": "0.07",
            "closePrice": "42.1667357130151"
        },
        {
            "fiscalDateEnding": "2022-06-30",
            "totalCurrentAssets": "734758000",
            "cashAndShortTermInvestments": "177046000",
            "totalCurrentLiabilities": "192241000",
            "currentDebt": "None",
            "netIncome": "58901000",
            "capitalExpenditures": "6668000",
            "operatingCashflow": "44112000",
            "grossProfit": "196485000",
            "totalRevenue": "272585000",
            "sentiment": -0.06998587874013934,
            "surprise": "0",
            "closePrice": "49.1697395338225"
        },
        {
            "fiscalDateEnding": "2022-03-31",
            "totalCurrentAssets": "672880000",
            "cashAndShortTermInvestments": "165769000",
            "totalCurrentLiabilities": "195126000",
            "currentDebt": "None",
            "netIncome": "67333000",
            "capitalExpenditures": "4585000",
            "operatingCashflow": "49517000",
            "grossProfit": "203617000",
            "totalRevenue": "281963000",
            "sentiment": 0.0010470711532905338,
            "surprise": "0.03",
            "closePrice": "60.252027235145"
        },
        {
            "fiscalDateEnding": "2021-12-31",
            "totalCurrentAssets": "639798000",
            "cashAndShortTermInvestments": "323616000",
            "totalCurrentLiabilities": "188589000",
            "currentDebt": "None",
            "netIncome": "53535000",
            "capitalExpenditures": "4766000",
            "operatingCashflow": "55209000",
            "grossProfit": "174983000",
            "totalRevenue": "243995000",
            "sentiment": 0,
            "surprise": "0.08",
            "closePrice": "60.8247748470642"
        },
        {
            "fiscalDateEnding": "2021-09-30",
            "totalCurrentAssets": "672067000",
            "cashAndShortTermInvestments": "203479000",
            "totalCurrentLiabilities": "165137000",
            "currentDebt": "None",
            "netIncome": "78900000",
            "capitalExpenditures": "4139000",
            "operatingCashflow": "64131000",
            "grossProfit": "199136000",
            "totalRevenue": "284262000",
            "sentiment": 0,
            "surprise": "-0.06",
            "closePrice": "89.9647121513057"
        },
        {
            "fiscalDateEnding": "2021-06-30",
            "totalCurrentAssets": "692878000",
            "cashAndShortTermInvestments": "217037000",
            "totalCurrentLiabilities": "204934000",
            "currentDebt": "None",
            "netIncome": "77598000",
            "capitalExpenditures": "4114000",
            "operatingCashflow": "96086000",
            "grossProfit": "200726000",
            "totalRevenue": "268519000",
            "sentiment": 0,
            "surprise": "0.01",
            "closePrice": "89.8312026701836"
        },
        {
            "fiscalDateEnding": "2021-03-31",
            "totalCurrentAssets": "625571000",
            "cashAndShortTermInvestments": "242688000",
            "totalCurrentLiabilities": "159680000",
            "currentDebt": "None",
            "netIncome": "69848000",
            "capitalExpenditures": "2436000",
            "operatingCashflow": "98639000",
            "grossProfit": "184982000",
            "totalRevenue": "238019000",
            "sentiment": 0,
            "surprise": "0.01",
            "closePrice": "77.6539877288328"
        },
        {
            "fiscalDateEnding": "2020-12-31",
            "totalCurrentAssets": "601691000",
            "cashAndShortTermInvestments": "269073000",
            "totalCurrentLiabilities": "132297000",
            "currentDebt": "None",
            "netIncome": "69345000",
            "capitalExpenditures": "3474000",
            "operatingCashflow": "82950000",
            "grossProfit": "168455000",
            "totalRevenue": "223615000",
            "sentiment": 0,
            "surprise": "0.04",
            "closePrice": "88.3673085518366"
        },
        {
            "fiscalDateEnding": "2020-09-30",
            "totalCurrentAssets": "628136000",
            "cashAndShortTermInvestments": "1013064000",
            "totalCurrentLiabilities": "139398000",
            "currentDebt": "None",
            "netIncome": "87506000",
            "capitalExpenditures": "2844000",
            "operatingCashflow": "83270000",
            "grossProfit": "191332000",
            "totalRevenue": "253430000",
            "sentiment": 0,
            "surprise": "0.16",
            "closePrice": "62.3798998851452"
        },
        {
            "fiscalDateEnding": "2020-06-30",
            "totalCurrentAssets": "646475000",
            "cashAndShortTermInvestments": "286021000",
            "totalCurrentLiabilities": "144581000",
            "currentDebt": "None",
            "netIncome": "-1142000",
            "capitalExpenditures": "3911000",
            "operatingCashflow": "14145000",
            "grossProfit": "118777000",
            "totalRevenue": "169433000",
            "sentiment": 0,
            "surprise": "0.04",
            "closePrice": "63.0567096095614"
        },
        {
            "fiscalDateEnding": "2020-03-31",
            "totalCurrentAssets": "595287000",
            "cashAndShortTermInvestments": "239197000",
            "totalCurrentLiabilities": "150644000",
            "currentDebt": "5550000",
            "netIncome": "20477000",
            "capitalExpenditures": "3074000",
            "operatingCashflow": "62035000",
            "grossProfit": "126035000",
            "totalRevenue": "164309000",
            "sentiment": 0,
            "surprise": "0.03",
            "closePrice": "47.650256642663"
        },
        {
            "fiscalDateEnding": "2019-12-31",
            "totalCurrentAssets": "607231000",
            "cashAndShortTermInvestments": "845353000",
            "totalCurrentLiabilities": "120477000",
            "currentDebt": "5647000",
            "netIncome": "80327000",
            "capitalExpenditures": "8227000",
            "operatingCashflow": "67750000",
            "grossProfit": "124898000",
            "totalRevenue": "169769000",
            "sentiment": 0,
            "surprise": "-0.02",
            "closePrice": "51.0482019469601"
        },
        {
            "fiscalDateEnding": "2019-09-30",
            "totalCurrentAssets": "625781000",
            "cashAndShortTermInvestments": "121701000",
            "totalCurrentLiabilities": "81215000",
            "currentDebt": "None",
            "netIncome": "41685000",
            "capitalExpenditures": "4549000",
            "operatingCashflow": "65411000",
            "grossProfit": "135693000",
            "totalRevenue": "182030000",
            "sentiment": 0,
            "surprise": "0.03",
            "closePrice": "51.4890623638257"
        },
        {
            "fiscalDateEnding": "2019-06-30",
            "totalCurrentAssets": "678874000",
            "cashAndShortTermInvestments": "89104000",
            "totalCurrentLiabilities": "85683000",
            "currentDebt": "None",
            "netIncome": "48749000",
            "capitalExpenditures": "3891000",
            "operatingCashflow": "58889000",
            "grossProfit": "148080000",
            "totalRevenue": "199187000",
            "sentiment": 0,
            "surprise": "0.05",
            "closePrice": "40.2922124224455"
        },
        {
            "fiscalDateEnding": "2019-03-31",
            "totalCurrentAssets": "773245000",
            "cashAndShortTermInvestments": "105296000",
            "totalCurrentLiabilities": "93045000",
            "currentDebt": "None",
            "netIncome": "33104000",
            "capitalExpenditures": "5078000",
            "operatingCashflow": "61261000",
            "grossProfit": "127200000",
            "totalRevenue": "173484000",
            "sentiment": 0,
            "surprise": "0.02",
            "closePrice": "51.1063412322964"
        },
        {
            "fiscalDateEnding": "2018-12-31",
            "totalCurrentAssets": "780326000",
            "cashAndShortTermInvestments": "797599000",
            "totalCurrentLiabilities": "91357000",
            "currentDebt": "None",
            "netIncome": "80327000",
            "capitalExpenditures": "9739000",
            "operatingCashflow": "71762000",
            "grossProfit": "124898000",
            "totalRevenue": "193286000",
            "sentiment": 0,
            "surprise": "0.04",
            "closePrice": "46.4661180231066"
        },
        {
            "fiscalDateEnding": "2018-09-30",
            "totalCurrentAssets": "798498000",
            "cashAndShortTermInvestments": "809316000",
            "totalCurrentLiabilities": "111153000",
            "currentDebt": "None",
            "netIncome": "41685000",
            "capitalExpenditures": "5681000",
            "operatingCashflow": "79076000",
            "grossProfit": "135693000",
            "totalRevenue": "464063000",
            "sentiment": 0,
            "surprise": "0.08",
            "closePrice": "37.6169142052068"
        },
        {
            "fiscalDateEnding": "2018-06-30",
            "totalCurrentAssets": "759547000",
            "cashAndShortTermInvestments": "129202000",
            "totalCurrentLiabilities": "124600000",
            "currentDebt": "None",
            "netIncome": "48749000",
            "capitalExpenditures": "8405000",
            "operatingCashflow": "17830000",
            "grossProfit": "148080000",
            "totalRevenue": "211264000",
            "sentiment": 0,
            "surprise": "0.02",
            "closePrice": "41.9875258189841"
        },
        {
            "fiscalDateEnding": "2018-03-31",
            "totalCurrentAssets": "670549000",
            "cashAndShortTermInvestments": "803382000",
            "totalCurrentLiabilities": "113018000",
            "currentDebt": "None",
            "netIncome": "33104000",
            "capitalExpenditures": "13270000",
            "operatingCashflow": "54786000",
            "grossProfit": "127200000",
            "totalRevenue": "169567000",
            "sentiment": 0,
            "surprise": "0.01",
            "closePrice": "43.8430742345124"
        },
        {
            "fiscalDateEnding": "2017-12-31",
            "totalCurrentAssets": "629991000",
            "cashAndShortTermInvestments": "827984000",
            "totalCurrentLiabilities": "112635000",
            "currentDebt": "None",
            "netIncome": "45418000",
            "capitalExpenditures": "8710000",
            "operatingCashflow": "84269000",
            "grossProfit": "140461000",
            "totalRevenue": "182922000",
            "sentiment": 0,
            "surprise": "0.07",
            "closePrice": "55.6926654500628"
        },
        {
            "fiscalDateEnding": "2017-09-30",
            "totalCurrentAssets": "645083000",
            "cashAndShortTermInvestments": "111349000",
            "totalCurrentLiabilities": "109526000",
            "currentDebt": "None",
            "netIncome": "80436000",
            "capitalExpenditures": "7872000",
            "operatingCashflow": "49434000",
            "grossProfit": "173361000",
            "totalRevenue": "531957000",
            "sentiment": 0,
            "surprise": "0.05",
            "closePrice": "58.5243579367041"
        },
        {
            "fiscalDateEnding": "2017-06-30",
            "totalCurrentAssets": "581848000",
            "cashAndShortTermInvestments": "68266000",
            "totalCurrentLiabilities": "88404000",
            "currentDebt": "None",
            "netIncome": "56196000",
            "capitalExpenditures": "6077000",
            "operatingCashflow": "42905000",
            "grossProfit": "157095000",
            "totalRevenue": "177896000",
            "sentiment": 0,
            "surprise": "0.05",
            "closePrice": "44.9520776439957"
        },
        {
            "fiscalDateEnding": "2017-03-31",
            "totalCurrentAssets": "593944000",
            "cashAndShortTermInvestments": "92428000",
            "totalCurrentLiabilities": "75516000",
            "currentDebt": "None",
            "netIncome": "37217000",
            "capitalExpenditures": "6095000",
            "operatingCashflow": "47715000",
            "grossProfit": "129369000",
            "totalRevenue": "277815000",
            "sentiment": 0,
            "surprise": "0.12",
            "closePrice": "40.4552315875453"
        },
        {
            "fiscalDateEnding": "2016-12-31",
            "totalCurrentAssets": "526344000",
            "cashAndShortTermInvestments": "745170000",
            "totalCurrentLiabilities": "65773000",
            "currentDebt": "None",
            "netIncome": "32375000",
            "capitalExpenditures": "2325000",
            "operatingCashflow": "75423000",
            "grossProfit": "95944000",
            "totalRevenue": "131711000",
            "sentiment": 0,
            "surprise": "0.07",
            "closePrice": "33.2520890736126"
        },
        {
            "fiscalDateEnding": "2016-09-30",
            "totalCurrentAssets": "530828000",
            "cashAndShortTermInvestments": "61145000",
            "totalCurrentLiabilities": "69074000",
            "currentDebt": "None",
            "netIncome": "53675000",
            "capitalExpenditures": "5144000",
            "operatingCashflow": "57347000",
            "grossProfit": "115203000",
            "totalRevenue": "147345000",
            "sentiment": 0,
            "surprise": "0.05",
            "closePrice": "24.3244190692083"
        },
        {
            "fiscalDateEnding": "2016-06-30",
            "totalCurrentAssets": "485724000",
            "cashAndShortTermInvestments": "54929000",
            "totalCurrentLiabilities": "69189000",
            "currentDebt": "None",
            "netIncome": "42759000",
            "capitalExpenditures": "3110000",
            "operatingCashflow": "21731000",
            "grossProfit": "112061000",
            "totalRevenue": "147604000",
            "sentiment": 0,
            "surprise": "0.03",
            "closePrice": "21.3318531656381"
        },
        {
            "fiscalDateEnding": "2016-03-31",
            "totalCurrentAssets": "492930000",
            "cashAndShortTermInvestments": "79914000",
            "totalCurrentLiabilities": "54305000",
            "currentDebt": "None",
            "netIncome": "14885000",
            "capitalExpenditures": "2237000",
            "operatingCashflow": "27580000",
            "grossProfit": "75237000",
            "totalRevenue": "96105000",
            "sentiment": 0,
            "surprise": "0.03",
            "closePrice": "16.5445523534028"
        },
        {
            "fiscalDateEnding": "2015-12-31",
            "totalCurrentAssets": "444494000",
            "cashAndShortTermInvestments": "621531000",
            "totalCurrentLiabilities": "53688000",
            "currentDebt": "None",
            "netIncome": "18746000",
            "capitalExpenditures": "5211000",
            "operatingCashflow": "44332000",
            "grossProfit": "74368000",
            "totalRevenue": "100123000",
            "sentiment": 0,
            "surprise": "0.03",
            "closePrice": "14.5356199522659"
        },
        {
            "fiscalDateEnding": "2015-09-30",
            "totalCurrentAssets": "486135000",
            "cashAndShortTermInvestments": "79563000",
            "totalCurrentLiabilities": "67822000",
            "currentDebt": "None",
            "netIncome": "104112000",
            "capitalExpenditures": "3492000",
            "operatingCashflow": "65992000",
            "grossProfit": "81268000",
            "totalRevenue": "107547000",
            "sentiment": 0,
            "surprise": "0.03",
            "closePrice": "17.7885598492738"
        },
        {
            "fiscalDateEnding": "2015-07-05",
            "totalCurrentAssets": "490103000",
            "cashAndShortTermInvestments": "61691000",
            "totalCurrentLiabilities": "80467000",
            "currentDebt": "None",
            "netIncome": "43714000",
            "capitalExpenditures": "15736000",
            "operatingCashflow": "14573000",
            "grossProfit": "113321000",
            "totalRevenue": "143829000",
            "sentiment": 0,
            "surprise": "0.02",
            "closePrice": "20.9998496280725"
        },
        {
            "fiscalDateEnding": "2015-04-05",
            "totalCurrentAssets": "309959000",
            "cashAndShortTermInvestments": "548823000",
            "totalCurrentLiabilities": "66910000",
            "currentDebt": "None",
            "netIncome": "20502000",
            "capitalExpenditures": "4264000",
            "operatingCashflow": "3430000",
            "grossProfit": "79029000",
            "totalRevenue": "101373000",
            "sentiment": 0,
            "surprise": "0.01",
            "closePrice": "21.9322481931177"
        },
        {
            "fiscalDateEnding": "2014-12-31",
            "totalCurrentAssets": "271911000",
            "cashAndShortTermInvestments": "546995000",
            "totalCurrentLiabilities": "80674000",
            "currentDebt": "None",
            "netIncome": "26631000",
            "capitalExpenditures": "11856000",
            "operatingCashflow": "100854000",
            "grossProfit": "76889000",
            "totalRevenue": "119328000",
            "sentiment": 0,
            "surprise": "0.03",
            "closePrice": "19.0676661062055"
        },
        {
            "fiscalDateEnding": "2014-09-30",
            "totalCurrentAssets": "257749000",
            "cashAndShortTermInvestments": "38179000",
            "totalCurrentLiabilities": "78508000",
            "currentDebt": "None",
            "netIncome": "50400000",
            "capitalExpenditures": "3737000",
            "operatingCashflow": "31279000",
            "grossProfit": "116644000",
            "totalRevenue": "170072000",
            "sentiment": 0,
            "surprise": "0",
            "closePrice": "18.1205811491319"
        },
        {
            "fiscalDateEnding": "2014-06-30",
            "totalCurrentAssets": "268256000",
            "cashAndShortTermInvestments": "40172000",
            "totalCurrentLiabilities": "74146000",
            "currentDebt": "None",
            "netIncome": "25948000",
            "capitalExpenditures": "2656000",
            "operatingCashflow": "14247000",
            "grossProfit": "74086000",
            "totalRevenue": "92276000",
            "sentiment": 0,
            "surprise": "0.03",
            "closePrice": "17.6353750627494"
        },
        {
            "fiscalDateEnding": "2014-03-31",
            "totalCurrentAssets": "189881000",
            "cashAndShortTermInvestments": "42463000",
            "totalCurrentLiabilities": "52530000",
            "currentDebt": "None",
            "netIncome": "18506000",
            "capitalExpenditures": "2685000",
            "operatingCashflow": "17461000",
            "grossProfit": "69845000",
            "totalRevenue": "81316000",
            "sentiment": 0,
            "surprise": "0.01",
            "closePrice": "16.0631207251445"
        },
        {
            "fiscalDateEnding": "2013-12-31",
            "totalCurrentAssets": "332051000",
            "cashAndShortTermInvestments": "455121000",
            "totalCurrentLiabilities": "61022000",
            "currentDebt": "None",
            "netIncome": "20443000",
            "capitalExpenditures": "7228000",
            "operatingCashflow": "36220000",
            "grossProfit": "48493000",
            "totalRevenue": "96029000",
            "sentiment": 0,
            "surprise": "0.01",
            "closePrice": "18.6197835649293"
        },
        {
            "fiscalDateEnding": "2013-09-30",
            "totalCurrentAssets": "319067000",
            "cashAndShortTermInvestments": "443738000",
            "totalCurrentLiabilities": "50636000",
            "currentDebt": "None",
            "netIncome": "20727000",
            "capitalExpenditures": "1842000",
            "operatingCashflow": "20260000",
            "grossProfit": "69440000",
            "totalRevenue": "90346000",
            "sentiment": 0,
            "surprise": "0.01",
            "closePrice": "14.5888406934437"
        },
        {
            "fiscalDateEnding": "2013-06-30",
            "totalCurrentAssets": "277179000",
            "cashAndShortTermInvestments": "47874000",
            "totalCurrentLiabilities": "49123000",
            "currentDebt": "None",
            "netIncome": "16820000",
            "capitalExpenditures": "2402000",
            "operatingCashflow": "20185000",
            "grossProfit": "65360000",
            "totalRevenue": "86586000",
            "sentiment": 0,
            "surprise": "0.01",
            "closePrice": "11.6729387320103"
        },
        {
            "fiscalDateEnding": "2013-03-31",
            "totalCurrentAssets": "257099000",
            "cashAndShortTermInvestments": "413652000",
            "totalCurrentLiabilities": "47112000",
            "currentDebt": "None",
            "netIncome": "15583000",
            "capitalExpenditures": "1908000",
            "operatingCashflow": "18790000",
            "grossProfit": "61469000",
            "totalRevenue": "81005000",
            "sentiment": 0,
            "surprise": "0.01",
            "closePrice": "8.87600557060336"
        },
        {
            "fiscalDateEnding": "2012-12-31",
            "totalCurrentAssets": "239597000",
            "cashAndShortTermInvestments": "45160000",
            "totalCurrentLiabilities": "50104000",
            "currentDebt": "None",
            "netIncome": "16244000",
            "capitalExpenditures": "2257000",
            "operatingCashflow": "26322000",
            "grossProfit": "61786000",
            "totalRevenue": "83475000",
            "sentiment": 0,
            "surprise": "0",
            "closePrice": "9.68429359431271"
        },
        {
            "fiscalDateEnding": "2012-09-30",
            "totalCurrentAssets": "250226000",
            "cashAndShortTermInvestments": "54158000",
            "totalCurrentLiabilities": "51823000",
            "currentDebt": "None",
            "netIncome": "17805000",
            "capitalExpenditures": "2317000",
            "operatingCashflow": "34637000",
            "grossProfit": "60570000",
            "totalRevenue": "79990000",
            "sentiment": 0,
            "surprise": "0.01",
            "closePrice": "8.25370794937563"
        },
        {
            "fiscalDateEnding": "2012-06-30",
            "totalCurrentAssets": "369875000",
            "cashAndShortTermInvestments": "205992000",
            "totalCurrentLiabilities": "50087000",
            "currentDebt": "None",
            "netIncome": "19767000",
            "capitalExpenditures": "2817000",
            "operatingCashflow": "27318000",
            "grossProfit": "63777000",
            "totalRevenue": "84296000",
            "sentiment": 0,
            "surprise": "0.01",
            "closePrice": "7.21995988636136"
        },
        {
            "fiscalDateEnding": "2012-03-31",
            "totalCurrentAssets": "302910000",
            "cashAndShortTermInvestments": "41559000",
            "totalCurrentLiabilities": "44257000",
            "currentDebt": "None",
            "netIncome": "14282000",
            "capitalExpenditures": "2487000",
            "operatingCashflow": "12854000",
            "grossProfit": "58651000",
            "totalRevenue": "77165000",
            "sentiment": 0,
            "surprise": "0",
            "closePrice": "9.0560463967417"
        },
        {
            "fiscalDateEnding": "2011-12-31",
            "totalCurrentAssets": "285346000",
            "cashAndShortTermInvestments": "38103000",
            "totalCurrentLiabilities": "54105000",
            "currentDebt": "None",
            "netIncome": "19099000",
            "capitalExpenditures": "2275000",
            "operatingCashflow": "23938000",
            "grossProfit": "62838000",
            "totalRevenue": "84413000",
            "sentiment": 0,
            "surprise": "0.01",
            "closePrice": "9.68132702763801"
        },
        {
            "fiscalDateEnding": "2011-09-30",
            "totalCurrentAssets": "274339000",
            "cashAndShortTermInvestments": "30175000",
            "totalCurrentLiabilities": "52855000",
            "currentDebt": "None",
            "netIncome": "18037000",
            "capitalExpenditures": "1920000",
            "operatingCashflow": "14272000",
            "grossProfit": "61132000",
            "totalRevenue": "79901000",
            "sentiment": 0,
            "surprise": "0.02",
            "closePrice": "7.36660670271817"
        },
        {
            "fiscalDateEnding": "2011-06-30",
            "totalCurrentAssets": "342301000",
            "cashAndShortTermInvestments": "42676000",
            "totalCurrentLiabilities": "56678000",
            "currentDebt": "None",
            "netIncome": "19097000",
            "capitalExpenditures": "2048000",
            "operatingCashflow": "27277000",
            "grossProfit": "64014000",
            "totalRevenue": "83603000",
            "sentiment": 0,
            "surprise": "0.02",
            "closePrice": "7.35710688867114"
        },
        {
            "fiscalDateEnding": "2011-03-31",
            "totalCurrentAssets": "303623000",
            "cashAndShortTermInvestments": "37014000",
            "totalCurrentLiabilities": "53696000",
            "currentDebt": "None",
            "netIncome": "13636000",
            "capitalExpenditures": "1577000",
            "operatingCashflow": "20788000",
            "grossProfit": "56011000",
            "totalRevenue": "74344000",
            "sentiment": 0,
            "surprise": "0.02",
            "closePrice": "6.91285557839606"
        },
        {
            "fiscalDateEnding": "2010-12-31",
            "totalCurrentAssets": "279005000",
            "cashAndShortTermInvestments": "33203000",
            "totalCurrentLiabilities": "54432000",
            "currentDebt": "None",
            "netIncome": "19764000",
            "capitalExpenditures": "2545000",
            "operatingCashflow": "29585000",
            "grossProfit": "60903000",
            "totalRevenue": "84663000",
            "sentiment": 0,
            "surprise": "0.02",
            "closePrice": "7.7624268996505"
        },
        {
            "fiscalDateEnding": "2010-09-30",
            "totalCurrentAssets": "257389000",
            "cashAndShortTermInvestments": "38213000",
            "totalCurrentLiabilities": "59361000",
            "currentDebt": "None",
            "netIncome": "18145000",
            "capitalExpenditures": "1076000",
            "operatingCashflow": "25471000",
            "grossProfit": "56080000",
            "totalRevenue": "75095000",
            "sentiment": 0,
            "surprise": "0.03",
            "closePrice": "5.90576105828182"
        },
        {
            "fiscalDateEnding": "2010-06-30",
            "totalCurrentAssets": "228165000",
            "cashAndShortTermInvestments": "37942000",
            "totalCurrentLiabilities": "54674000",
            "currentDebt": "None",
            "netIncome": "14927000",
            "capitalExpenditures": "1150000",
            "operatingCashflow": "11566000",
            "grossProfit": "53094000",
            "totalRevenue": "71803000",
            "sentiment": 0,
            "surprise": "0.05",
            "closePrice": "4.24647266837086"
        }
    ]
}