{
    "CHKP": [
        {
            "fiscalDateEnding": "2023-12-31",
            "totalCurrentAssets": "2257700000",
            "cashAndShortTermInvestments": "537700000",
            "totalCurrentLiabilities": "1916100000",
            "currentDebt": "None",
            "netIncome": "249200000",
            "capitalExpenditures": "4485544",
            "operatingCashflow": "224678900",
            "grossProfit": "574300000",
            "totalRevenue": "663500000",
            "sentiment": 0.1462047377971133,
            "surprise": "0.09",
            "closePrice": "162.45"
        },
        {
            "fiscalDateEnding": "2023-09-30",
            "totalCurrentAssets": "1864900000",
            "cashAndShortTermInvestments": "294400000",
            "totalCurrentLiabilities": "1721500000",
            "currentDebt": "None",
            "netIncome": "205000000",
            "capitalExpenditures": "6100000",
            "operatingCashflow": "222300000",
            "grossProfit": "529200000",
            "totalRevenue": "596300000",
            "sentiment": 0,
            "surprise": "0.05",
            "closePrice": "129.45"
        },
        {
            "fiscalDateEnding": "2023-06-30",
            "totalCurrentAssets": "2053900000",
            "cashAndShortTermInvestments": "286000000",
            "totalCurrentLiabilities": "1760900000",
            "currentDebt": "None",
            "netIncome": "202000000",
            "capitalExpenditures": "3600000",
            "operatingCashflow": "191000000",
            "grossProfit": "522800000",
            "totalRevenue": "588700000",
            "sentiment": 0,
            "surprise": "0.1",
            "closePrice": "132.11"
        },
        {
            "fiscalDateEnding": "2023-03-31",
            "totalCurrentAssets": "2331800000",
            "cashAndShortTermInvestments": "196000000",
            "totalCurrentLiabilities": "1839200000",
            "currentDebt": "None",
            "netIncome": "269900000",
            "capitalExpenditures": "6500000",
            "operatingCashflow": "230000000",
            "grossProfit": "554700000",
            "totalRevenue": "638500000",
            "sentiment": 0,
            "surprise": "0.06",
            "closePrice": "118.52"
        },
        {
            "fiscalDateEnding": "2022-12-31",
            "totalCurrentAssets": "2331800000",
            "cashAndShortTermInvestments": "196000000",
            "totalCurrentLiabilities": "1839200000",
            "currentDebt": "None",
            "netIncome": "269900000",
            "capitalExpenditures": "6500000",
            "operatingCashflow": "230000000",
            "grossProfit": "554700000",
            "totalRevenue": "638500000",
            "sentiment": 0,
            "surprise": "0.1",
            "closePrice": "128.26"
        },
        {
            "fiscalDateEnding": "2022-09-30",
            "totalCurrentAssets": "1973000000",
            "cashAndShortTermInvestments": "426800000",
            "totalCurrentLiabilities": "1607100000",
            "currentDebt": "None",
            "netIncome": "184000000",
            "capitalExpenditures": "4200000",
            "operatingCashflow": "240300000",
            "grossProfit": "501900000",
            "totalRevenue": "577600000",
            "sentiment": 0,
            "surprise": "0.1",
            "closePrice": "127.29"
        },
        {
            "fiscalDateEnding": "2022-06-30",
            "totalCurrentAssets": "2070600000",
            "cashAndShortTermInvestments": "242800000",
            "totalCurrentLiabilities": "1668000000",
            "currentDebt": "None",
            "netIncome": "173600000",
            "capitalExpenditures": "6700000",
            "operatingCashflow": "211700000",
            "grossProfit": "496300000",
            "totalRevenue": "571100000",
            "sentiment": 0,
            "surprise": "0.02",
            "closePrice": "119.03"
        },
        {
            "fiscalDateEnding": "2022-03-31",
            "totalCurrentAssets": "2337900000",
            "cashAndShortTermInvestments": "271900000",
            "totalCurrentLiabilities": "1712100000",
            "currentDebt": "None",
            "netIncome": "259700000",
            "capitalExpenditures": "4500000",
            "operatingCashflow": "294200000",
            "grossProfit": "520000000",
            "totalRevenue": "599100000",
            "sentiment": 0,
            "surprise": "0.04",
            "closePrice": "126.9"
        },
        {
            "fiscalDateEnding": "2021-12-31",
            "totalCurrentAssets": "2337900000",
            "cashAndShortTermInvestments": "271900000",
            "totalCurrentLiabilities": "1712100000",
            "currentDebt": "None",
            "netIncome": "259700000",
            "capitalExpenditures": "4500000",
            "operatingCashflow": "294200000",
            "grossProfit": "520000000",
            "totalRevenue": "599100000",
            "sentiment": 0,
            "surprise": "0.13",
            "closePrice": "126.68"
        },
        {
            "fiscalDateEnding": "2021-09-30",
            "totalCurrentAssets": "2109800000",
            "cashAndShortTermInvestments": "314900000",
            "totalCurrentLiabilities": "1471700000",
            "currentDebt": "None",
            "netIncome": "187000000",
            "capitalExpenditures": "4300000",
            "operatingCashflow": "250700000",
            "grossProfit": "470800000",
            "totalRevenue": "534000000",
            "sentiment": 0,
            "surprise": "0.05",
            "closePrice": "118.73"
        },
        {
            "fiscalDateEnding": "2021-06-30",
            "totalCurrentAssets": "2277900000",
            "cashAndShortTermInvestments": "356600000",
            "totalCurrentLiabilities": "1521900000",
            "currentDebt": "None",
            "netIncome": "186000000",
            "capitalExpenditures": "3300000",
            "operatingCashflow": "263600000",
            "grossProfit": "466900000",
            "totalRevenue": "526100000",
            "sentiment": 0,
            "surprise": "0.05",
            "closePrice": "121.1"
        },
        {
            "fiscalDateEnding": "2021-03-31",
            "totalCurrentAssets": "2278600000",
            "cashAndShortTermInvestments": "255700000",
            "totalCurrentLiabilities": "1543800000",
            "currentDebt": "None",
            "netIncome": "270800000",
            "capitalExpenditures": "2500000",
            "operatingCashflow": "292600000",
            "grossProfit": "497500000",
            "totalRevenue": "563800000",
            "sentiment": 0,
            "surprise": "0.04",
            "closePrice": "117.36"
        },
        {
            "fiscalDateEnding": "2020-12-31",
            "totalCurrentAssets": "2278600000",
            "cashAndShortTermInvestments": "255700000",
            "totalCurrentLiabilities": "1543800000",
            "currentDebt": "None",
            "netIncome": "270800000",
            "capitalExpenditures": "2500000",
            "operatingCashflow": "292600000",
            "grossProfit": "497500000",
            "totalRevenue": "563800000",
            "sentiment": 0,
            "surprise": "0.06",
            "closePrice": "120.03"
        },
        {
            "fiscalDateEnding": "2020-09-30",
            "totalCurrentAssets": "1962800000",
            "cashAndShortTermInvestments": "248100000",
            "totalCurrentLiabilities": "1340000000",
            "currentDebt": "None",
            "netIncome": "200700000",
            "capitalExpenditures": "4500000",
            "operatingCashflow": "247600000",
            "grossProfit": "455200000",
            "totalRevenue": "509000000",
            "sentiment": 0,
            "surprise": "0.11",
            "closePrice": "121.0"
        },
        {
            "fiscalDateEnding": "2020-06-30",
            "totalCurrentAssets": "1979700000",
            "cashAndShortTermInvestments": "342000000",
            "totalCurrentLiabilities": "1375000000",
            "currentDebt": "None",
            "netIncome": "196400000",
            "capitalExpenditures": "3900000",
            "operatingCashflow": "252400000",
            "grossProfit": "451400000",
            "totalRevenue": "505600000",
            "sentiment": 0,
            "surprise": "0.14",
            "closePrice": "123.02"
        },
        {
            "fiscalDateEnding": "2020-03-31",
            "totalCurrentAssets": "2134200000",
            "cashAndShortTermInvestments": "279200000",
            "totalCurrentLiabilities": "1396700000",
            "currentDebt": "None",
            "netIncome": "272300000",
            "capitalExpenditures": "5800000",
            "operatingCashflow": "246400000",
            "grossProfit": "482200000",
            "totalRevenue": "543800000",
            "sentiment": 0,
            "surprise": "0.04",
            "closePrice": "108.09"
        },
        {
            "fiscalDateEnding": "2019-12-31",
            "totalCurrentAssets": "2134200000",
            "cashAndShortTermInvestments": "279200000",
            "totalCurrentLiabilities": "1396700000",
            "currentDebt": "None",
            "netIncome": "272300000",
            "capitalExpenditures": "5800000",
            "operatingCashflow": "246400000",
            "grossProfit": "482200000",
            "totalRevenue": "543800000",
            "sentiment": 0,
            "surprise": "0.03",
            "closePrice": "113.58"
        },
        {
            "fiscalDateEnding": "2019-09-30",
            "totalCurrentAssets": "2045365000",
            "cashAndShortTermInvestments": "302335000",
            "totalCurrentLiabilities": "1254914000",
            "currentDebt": "None",
            "netIncome": "187865000",
            "capitalExpenditures": "5531000",
            "operatingCashflow": "244339000",
            "grossProfit": "438457000",
            "totalRevenue": "490908000",
            "sentiment": 0,
            "surprise": "0.04",
            "closePrice": "109.02"
        },
        {
            "fiscalDateEnding": "2019-06-30",
            "totalCurrentAssets": "2016882000",
            "cashAndShortTermInvestments": "249101000",
            "totalCurrentLiabilities": "1298058000",
            "currentDebt": "None",
            "netIncome": "185534000",
            "capitalExpenditures": "5121000",
            "operatingCashflow": "232797000",
            "grossProfit": "435734000",
            "totalRevenue": "488116000",
            "sentiment": 0,
            "surprise": "0.01",
            "closePrice": "113.25"
        },
        {
            "fiscalDateEnding": "2019-03-31",
            "totalCurrentAssets": "2321907000",
            "cashAndShortTermInvestments": "303627000",
            "totalCurrentLiabilities": "1331870000",
            "currentDebt": "None",
            "netIncome": "238249000",
            "capitalExpenditures": "4033000",
            "operatingCashflow": "249120000",
            "grossProfit": "466238000",
            "totalRevenue": "525556000",
            "sentiment": 0,
            "surprise": "0.01",
            "closePrice": "119.99"
        },
        {
            "fiscalDateEnding": "2018-12-31",
            "totalCurrentAssets": "2321907000",
            "cashAndShortTermInvestments": "303627000",
            "totalCurrentLiabilities": "1331870000",
            "currentDebt": "None",
            "netIncome": "238249000",
            "capitalExpenditures": "4033000",
            "operatingCashflow": "249120000",
            "grossProfit": "466238000",
            "totalRevenue": "525556000",
            "sentiment": 0,
            "surprise": "0.05",
            "closePrice": "110.93"
        },
        {
            "fiscalDateEnding": "2018-09-30",
            "totalCurrentAssets": "2134509000",
            "cashAndShortTermInvestments": "324481000",
            "totalCurrentLiabilities": "1175369000",
            "currentDebt": "None",
            "netIncome": "198230000",
            "capitalExpenditures": "3677000",
            "operatingCashflow": "249024000",
            "grossProfit": "421611000",
            "totalRevenue": "470823000",
            "sentiment": 0,
            "surprise": "0.02",
            "closePrice": "108.33"
        },
        {
            "fiscalDateEnding": "2018-06-30",
            "totalCurrentAssets": "2057363000",
            "cashAndShortTermInvestments": "236270000",
            "totalCurrentLiabilities": "1201913000",
            "currentDebt": "None",
            "netIncome": "197686000",
            "capitalExpenditures": "4767000",
            "operatingCashflow": "213108000",
            "grossProfit": "419163000",
            "totalRevenue": "467770000",
            "sentiment": 0,
            "surprise": "0.07",
            "closePrice": "116.81"
        },
        {
            "fiscalDateEnding": "2018-03-31",
            "totalCurrentAssets": "1964431000",
            "cashAndShortTermInvestments": "245014000",
            "totalCurrentLiabilities": "1206925000",
            "currentDebt": "None",
            "netIncome": "239308000",
            "capitalExpenditures": "6297000",
            "operatingCashflow": "248066000",
            "grossProfit": "447569000",
            "totalRevenue": "506008000",
            "sentiment": 0,
            "surprise": "0.02",
            "closePrice": "96.33"
        },
        {
            "fiscalDateEnding": "2017-12-31",
            "totalCurrentAssets": "1964431000",
            "cashAndShortTermInvestments": "245014000",
            "totalCurrentLiabilities": "1206925000",
            "currentDebt": "None",
            "netIncome": "239308000",
            "capitalExpenditures": "6297000",
            "operatingCashflow": "248066000",
            "grossProfit": "447569000",
            "totalRevenue": "506008000",
            "sentiment": 0,
            "surprise": "0.08",
            "closePrice": "103.41"
        },
        {
            "fiscalDateEnding": "2017-09-30",
            "totalCurrentAssets": "1885333000",
            "cashAndShortTermInvestments": "261027000",
            "totalCurrentLiabilities": "1098367000",
            "currentDebt": "None",
            "netIncome": "192702000",
            "capitalExpenditures": "8412000",
            "operatingCashflow": "259823000",
            "grossProfit": "402793000",
            "totalRevenue": "454627000",
            "sentiment": 0,
            "surprise": "0.06",
            "closePrice": "117.71"
        },
        {
            "fiscalDateEnding": "2017-06-30",
            "totalCurrentAssets": "2020585000",
            "cashAndShortTermInvestments": "278937000",
            "totalCurrentLiabilities": "1127597000",
            "currentDebt": "None",
            "netIncome": "188362000",
            "capitalExpenditures": "6122000",
            "operatingCashflow": "226296000",
            "grossProfit": "405180000",
            "totalRevenue": "458573000",
            "sentiment": 0,
            "surprise": "0.04",
            "closePrice": "107.41"
        },
        {
            "fiscalDateEnding": "2017-03-31",
            "totalCurrentAssets": "1892455000",
            "cashAndShortTermInvestments": "187428000",
            "totalCurrentLiabilities": "1165858000",
            "currentDebt": "None",
            "netIncome": "221954000",
            "capitalExpenditures": "6257000",
            "operatingCashflow": "182726000",
            "grossProfit": "427981000",
            "totalRevenue": "486707000",
            "sentiment": 0,
            "surprise": "0.01",
            "closePrice": "104.39"
        },
        {
            "fiscalDateEnding": "2016-12-31",
            "totalCurrentAssets": "1892455000",
            "cashAndShortTermInvestments": "187428000",
            "totalCurrentLiabilities": "1165858000",
            "currentDebt": "None",
            "netIncome": "221954000",
            "capitalExpenditures": "6257000",
            "operatingCashflow": "182726000",
            "grossProfit": "427981000",
            "totalRevenue": "486707000",
            "sentiment": 0,
            "surprise": "0.21",
            "closePrice": "96.34"
        },
        {
            "fiscalDateEnding": "2016-09-30",
            "totalCurrentAssets": "1529398000",
            "cashAndShortTermInvestments": "224327000",
            "totalCurrentLiabilities": "1001372000",
            "currentDebt": "None",
            "netIncome": "169652000",
            "capitalExpenditures": "7143000",
            "operatingCashflow": "213924000",
            "grossProfit": "377404000",
            "totalRevenue": "427574000",
            "sentiment": 0,
            "surprise": "0.05",
            "closePrice": "84.56"
        },
        {
            "fiscalDateEnding": "2016-06-30",
            "totalCurrentAssets": "1643808000",
            "cashAndShortTermInvestments": "209728000",
            "totalCurrentLiabilities": "1022169000",
            "currentDebt": "None",
            "netIncome": "165819000",
            "capitalExpenditures": "5942000",
            "operatingCashflow": "202450000",
            "grossProfit": "374651000",
            "totalRevenue": "422749000",
            "sentiment": 0,
            "surprise": "0.02",
            "closePrice": "80.53"
        },
        {
            "fiscalDateEnding": "2016-03-31",
            "totalCurrentAssets": "1780752000",
            "cashAndShortTermInvestments": "192312000",
            "totalCurrentLiabilities": "1056853000",
            "currentDebt": "None",
            "netIncome": "194604000",
            "capitalExpenditures": "7142000",
            "operatingCashflow": "211979000",
            "grossProfit": "403352000",
            "totalRevenue": "458072000",
            "sentiment": 0,
            "surprise": "0.03",
            "closePrice": "86.06"
        },
        {
            "fiscalDateEnding": "2015-12-31",
            "totalCurrentAssets": "1780752000",
            "cashAndShortTermInvestments": "192312000",
            "totalCurrentLiabilities": "1056853000",
            "currentDebt": "None",
            "netIncome": "194604000",
            "capitalExpenditures": "7142000",
            "operatingCashflow": "211979000",
            "grossProfit": "403352000",
            "totalRevenue": "458072000",
            "sentiment": 0,
            "surprise": "0.05",
            "closePrice": "76.84"
        },
        {
            "fiscalDateEnding": "2015-09-30",
            "totalCurrentAssets": "1593408000",
            "cashAndShortTermInvestments": "258030000",
            "totalCurrentLiabilities": "908701000",
            "currentDebt": "None",
            "netIncome": "167743000",
            "capitalExpenditures": "4361000",
            "operatingCashflow": "227827000",
            "grossProfit": "356452000",
            "totalRevenue": "403856000",
            "sentiment": 0,
            "surprise": "0.06",
            "closePrice": "80.98"
        },
        {
            "fiscalDateEnding": "2015-06-30",
            "totalCurrentAssets": "1548668000",
            "cashAndShortTermInvestments": "215991000",
            "totalCurrentLiabilities": "911130000",
            "currentDebt": "None",
            "netIncome": "162636000",
            "capitalExpenditures": "3164000",
            "operatingCashflow": "192726000",
            "grossProfit": "349731000",
            "totalRevenue": "395334000",
            "sentiment": 0,
            "surprise": "0.04",
            "closePrice": "84.23"
        },
        {
            "fiscalDateEnding": "2015-03-31",
            "totalCurrentAssets": "1747835000",
            "cashAndShortTermInvestments": "261970000",
            "totalCurrentLiabilities": "932835000",
            "currentDebt": "None",
            "netIncome": "185783000",
            "capitalExpenditures": "4621000",
            "operatingCashflow": "210369000",
            "grossProfit": "368719000",
            "totalRevenue": "420642000",
            "sentiment": 0,
            "surprise": "0.04",
            "closePrice": "85.88"
        },
        {
            "fiscalDateEnding": "2014-12-31",
            "totalCurrentAssets": "1747835000",
            "cashAndShortTermInvestments": "261970000",
            "totalCurrentLiabilities": "932835000",
            "currentDebt": "None",
            "netIncome": "185783000",
            "capitalExpenditures": "4621000",
            "operatingCashflow": "210369000",
            "grossProfit": "368719000",
            "totalRevenue": "420642000",
            "sentiment": 0,
            "surprise": "0.02",
            "closePrice": "78.5"
        },
        {
            "fiscalDateEnding": "2014-09-30",
            "totalCurrentAssets": "1522378000",
            "cashAndShortTermInvestments": "249861000",
            "totalCurrentLiabilities": "798838000",
            "currentDebt": "None",
            "netIncome": "161047000",
            "capitalExpenditures": "3584000",
            "operatingCashflow": "202461000",
            "grossProfit": "325641000",
            "totalRevenue": "370370000",
            "sentiment": 0,
            "surprise": "0.02",
            "closePrice": "71.0"
        },
        {
            "fiscalDateEnding": "2014-06-30",
            "totalCurrentAssets": "1538860000",
            "cashAndShortTermInvestments": "317544000",
            "totalCurrentLiabilities": "816416000",
            "currentDebt": "None",
            "netIncome": "159656000",
            "capitalExpenditures": "2328000",
            "operatingCashflow": "167972000",
            "grossProfit": "321587000",
            "totalRevenue": "362598000",
            "sentiment": 0,
            "surprise": "0.02",
            "closePrice": "66.15"
        },
        {
            "fiscalDateEnding": "2014-03-31",
            "totalCurrentAssets": "1494633000",
            "cashAndShortTermInvestments": "401534000",
            "totalCurrentLiabilities": "826647000",
            "currentDebt": "None",
            "netIncome": "153085000",
            "capitalExpenditures": "2203000",
            "operatingCashflow": "172058000",
            "grossProfit": "303328000",
            "totalRevenue": "342206000",
            "sentiment": 0,
            "surprise": "0.01",
            "closePrice": "63.11"
        },
        {
            "fiscalDateEnding": "2013-12-31",
            "totalCurrentAssets": "1600318000",
            "cashAndShortTermInvestments": "408432000",
            "totalCurrentLiabilities": "986854000",
            "currentDebt": "None",
            "netIncome": "194130000",
            "capitalExpenditures": "2178000",
            "operatingCashflow": "58247000",
            "grossProfit": "340880000",
            "totalRevenue": "387075000",
            "sentiment": 0,
            "surprise": "0.03",
            "closePrice": "65.93"
        },
        {
            "fiscalDateEnding": "2013-09-30",
            "totalCurrentAssets": "1575598000",
            "cashAndShortTermInvestments": "221082000",
            "totalCurrentLiabilities": "941475000",
            "currentDebt": "None",
            "netIncome": "159701000",
            "capitalExpenditures": "2759000",
            "operatingCashflow": "195478000",
            "grossProfit": "303998000",
            "totalRevenue": "344127000",
            "sentiment": 0,
            "surprise": "0.01",
            "closePrice": "59.67"
        },
        {
            "fiscalDateEnding": "2013-06-30",
            "totalCurrentAssets": "1559448000",
            "cashAndShortTermInvestments": "166490000",
            "totalCurrentLiabilities": "939219000",
            "currentDebt": "None",
            "netIncome": "151008000",
            "capitalExpenditures": "2044000",
            "operatingCashflow": "204659000",
            "grossProfit": "300859000",
            "totalRevenue": "340172000",
            "sentiment": 0,
            "surprise": "0.02",
            "closePrice": "56.4"
        },
        {
            "fiscalDateEnding": "2013-03-31",
            "totalCurrentAssets": "1712065000",
            "cashAndShortTermInvestments": "252771000",
            "totalCurrentLiabilities": "928231000",
            "currentDebt": "None",
            "netIncome": "147960000",
            "capitalExpenditures": "2582000",
            "operatingCashflow": "331442000",
            "grossProfit": "285733000",
            "totalRevenue": "322730000",
            "sentiment": 0,
            "surprise": "0.01",
            "closePrice": "45.59"
        },
        {
            "fiscalDateEnding": "2012-12-31",
            "totalCurrentAssets": "1924919000",
            "cashAndShortTermInvestments": "574802000",
            "totalCurrentLiabilities": "871195000",
            "currentDebt": "None",
            "netIncome": "173986000",
            "capitalExpenditures": "3319000",
            "operatingCashflow": "202448000",
            "grossProfit": "324146000",
            "totalRevenue": "368574000",
            "sentiment": 0,
            "surprise": "0.03",
            "closePrice": "48.66"
        },
        {
            "fiscalDateEnding": "2012-09-30",
            "totalCurrentAssets": "1741446000",
            "cashAndShortTermInvestments": "330391000",
            "totalCurrentLiabilities": "750914000",
            "currentDebt": "None",
            "netIncome": "152407000",
            "capitalExpenditures": "1175000",
            "operatingCashflow": "180447000",
            "grossProfit": "294076000",
            "totalRevenue": "332356000",
            "sentiment": 0,
            "surprise": "0.01",
            "closePrice": "41.15"
        },
        {
            "fiscalDateEnding": "2012-06-30",
            "totalCurrentAssets": "1672153000",
            "cashAndShortTermInvestments": "291062000",
            "totalCurrentLiabilities": "750390000",
            "currentDebt": "None",
            "netIncome": "149981000",
            "capitalExpenditures": "1283000",
            "operatingCashflow": "157527000",
            "grossProfit": "290697000",
            "totalRevenue": "328649000",
            "sentiment": 0,
            "surprise": "0.01",
            "closePrice": "48.75"
        },
        {
            "fiscalDateEnding": "2012-03-31",
            "totalCurrentAssets": "1770003000",
            "cashAndShortTermInvestments": "493546000",
            "totalCurrentLiabilities": "762470000",
            "currentDebt": "None",
            "netIncome": "159811000",
            "capitalExpenditures": "1722000",
            "operatingCashflow": "201317000",
            "grossProfit": "306004000",
            "totalRevenue": "356758000",
            "sentiment": 0,
            "surprise": "0.02",
            "closePrice": "60.76"
        },
        {
            "fiscalDateEnding": "2011-12-31",
            "totalCurrentAssets": "1770003000",
            "cashAndShortTermInvestments": "493546000",
            "totalCurrentLiabilities": "762470000",
            "currentDebt": "None",
            "netIncome": "159811000",
            "capitalExpenditures": "1722000",
            "operatingCashflow": "201317000",
            "grossProfit": "306004000",
            "totalRevenue": "356758000",
            "sentiment": 0,
            "surprise": "0.02",
            "closePrice": "54.88"
        },
        {
            "fiscalDateEnding": "2011-09-30",
            "totalCurrentAssets": "1460612000",
            "cashAndShortTermInvestments": "420711000",
            "totalCurrentLiabilities": "635973000",
            "currentDebt": "None",
            "netIncome": "134074000",
            "capitalExpenditures": "1989000",
            "operatingCashflow": "154533000",
            "grossProfit": "265635000",
            "totalRevenue": "308310000",
            "sentiment": 0,
            "surprise": "0.02",
            "closePrice": "59.66"
        },
        {
            "fiscalDateEnding": "2011-06-30",
            "totalCurrentAssets": "1399745000",
            "cashAndShortTermInvestments": "359018000",
            "totalCurrentLiabilities": "636902000",
            "currentDebt": "None",
            "netIncome": "127991000",
            "capitalExpenditures": "1623000",
            "operatingCashflow": "175509000",
            "grossProfit": "258188000",
            "totalRevenue": "300644000",
            "sentiment": 0,
            "surprise": "0.02",
            "closePrice": "61.17"
        },
        {
            "fiscalDateEnding": "2011-03-31",
            "totalCurrentAssets": "1416934000",
            "cashAndShortTermInvestments": "551777000",
            "totalCurrentLiabilities": "663262000",
            "currentDebt": "None",
            "netIncome": "137409000",
            "capitalExpenditures": "1325000",
            "operatingCashflow": "177261000",
            "grossProfit": "271353000",
            "totalRevenue": "318506000",
            "sentiment": 0,
            "surprise": "0.02",
            "closePrice": "53.56"
        },
        {
            "fiscalDateEnding": "2010-12-31",
            "totalCurrentAssets": "1416934000",
            "cashAndShortTermInvestments": "551777000",
            "totalCurrentLiabilities": "663262000",
            "currentDebt": "None",
            "netIncome": "137400000",
            "capitalExpenditures": "1325000",
            "operatingCashflow": "177261000",
            "grossProfit": "271400000",
            "totalRevenue": "318500000",
            "sentiment": 0,
            "surprise": "0.04",
            "closePrice": "44.55"
        },
        {
            "fiscalDateEnding": "2010-09-30",
            "totalCurrentAssets": "1158210000",
            "cashAndShortTermInvestments": "438785000",
            "totalCurrentLiabilities": "558500000",
            "currentDebt": "None",
            "netIncome": "114515000",
            "capitalExpenditures": "1441000",
            "operatingCashflow": "144576000",
            "grossProfit": "231174000",
            "totalRevenue": "273194000",
            "sentiment": 0,
            "surprise": "0.04",
            "closePrice": "40.19"
        },
        {
            "fiscalDateEnding": "2010-06-30",
            "totalCurrentAssets": "1179145000",
            "cashAndShortTermInvestments": "457677000",
            "totalCurrentLiabilities": "551582000",
            "currentDebt": "None",
            "netIncome": "102861000",
            "capitalExpenditures": "1248000",
            "operatingCashflow": "148934000",
            "grossProfit": "223107000",
            "totalRevenue": "261091000",
            "sentiment": 0,
            "surprise": "0.02",
            "closePrice": "32.96"
        },
        {
            "fiscalDateEnding": "2010-03-31",
            "totalCurrentAssets": "1261984000",
            "cashAndShortTermInvestments": "588266000",
            "totalCurrentLiabilities": "546386000",
            "currentDebt": "None",
            "netIncome": "98041000",
            "capitalExpenditures": "896000",
            "operatingCashflow": "217805000",
            "grossProfit": "208261000",
            "totalRevenue": "245077000",
            "sentiment": 0,
            "surprise": "0.02",
            "closePrice": "35.53"
        },
        {
            "fiscalDateEnding": "2009-12-31",
            "totalCurrentAssets": "1202210000",
            "cashAndShortTermInvestments": "414085000",
            "totalCurrentLiabilities": "553266000",
            "currentDebt": "None",
            "netIncome": "109536000",
            "capitalExpenditures": "639000",
            "operatingCashflow": "146481000",
            "grossProfit": "231052000",
            "totalRevenue": "272123000",
            "sentiment": 0,
            "surprise": "0.04",
            "closePrice": "33.55"
        },
        {
            "fiscalDateEnding": "2009-09-30",
            "totalCurrentAssets": "1182752000",
            "cashAndShortTermInvestments": "608221000",
            "totalCurrentLiabilities": "467955000",
            "currentDebt": "None",
            "netIncome": "91463000",
            "capitalExpenditures": "1043000",
            "operatingCashflow": "126132000",
            "grossProfit": "197539000",
            "totalRevenue": "233641000",
            "sentiment": 0,
            "surprise": "0.03",
            "closePrice": "31.61"
        },
        {
            "fiscalDateEnding": "2009-06-30",
            "totalCurrentAssets": "1247792000",
            "cashAndShortTermInvestments": "714094000",
            "totalCurrentLiabilities": "471457000",
            "currentDebt": "None",
            "netIncome": "75603000",
            "capitalExpenditures": "1207000",
            "operatingCashflow": "112707000",
            "grossProfit": "188799000",
            "totalRevenue": "223641000",
            "sentiment": 0,
            "surprise": "0.02",
            "closePrice": "26.09"
        },
        {
            "fiscalDateEnding": "2009-03-31",
            "totalCurrentAssets": "1205151000",
            "cashAndShortTermInvestments": "670665000",
            "totalCurrentLiabilities": "401013000",
            "currentDebt": "None",
            "netIncome": "80921000",
            "capitalExpenditures": "1394000",
            "operatingCashflow": "171787000",
            "grossProfit": "173757000",
            "totalRevenue": "195012000",
            "sentiment": 0,
            "surprise": "0.02",
            "closePrice": "23.59"
        },
        {
            "fiscalDateEnding": "2008-12-31",
            "totalCurrentAssets": "1194530000",
            "cashAndShortTermInvestments": "543190000",
            "totalCurrentLiabilities": "402554000",
            "currentDebt": "None",
            "netIncome": "86474000",
            "capitalExpenditures": "1363000",
            "operatingCashflow": "122325000",
            "grossProfit": "174703000",
            "totalRevenue": "217567000",
            "sentiment": 0,
            "surprise": "0.03",
            "closePrice": "22.84"
        },
        {
            "fiscalDateEnding": "2008-09-30",
            "totalCurrentAssets": "992436000",
            "cashAndShortTermInvestments": "523420000",
            "totalCurrentLiabilities": "360989000",
            "currentDebt": "None",
            "netIncome": "80061000",
            "capitalExpenditures": "2412000",
            "operatingCashflow": "86269000",
            "grossProfit": "182512000",
            "totalRevenue": "199720000",
            "sentiment": 0,
            "surprise": "0.01",
            "closePrice": "19.25"
        },
        {
            "fiscalDateEnding": "2008-06-30",
            "totalCurrentAssets": "940555000",
            "cashAndShortTermInvestments": "472970000",
            "totalCurrentLiabilities": "360592000",
            "currentDebt": "None",
            "netIncome": "79173000",
            "capitalExpenditures": "2591000",
            "operatingCashflow": "83119000",
            "grossProfit": "182812000",
            "totalRevenue": "199606000",
            "sentiment": 0,
            "surprise": "0",
            "closePrice": "23.62"
        },
        {
            "fiscalDateEnding": "2008-03-31",
            "totalCurrentAssets": "1037357000",
            "cashAndShortTermInvestments": "607360000",
            "totalCurrentLiabilities": "377678000",
            "currentDebt": "None",
            "netIncome": "78258000",
            "capitalExpenditures": "1935000",
            "operatingCashflow": "142316000",
            "grossProfit": "168700000",
            "totalRevenue": "191597000",
            "sentiment": 0,
            "surprise": "0.03",
            "closePrice": "22.89"
        },
        {
            "fiscalDateEnding": "2007-12-31",
            "totalCurrentAssets": "1065129000",
            "cashAndShortTermInvestments": "509664000",
            "totalCurrentLiabilities": "390099000",
            "currentDebt": "None",
            "netIncome": "87917000",
            "capitalExpenditures": "4089000",
            "operatingCashflow": "87958000",
            "grossProfit": "183077000",
            "totalRevenue": "206704000",
            "sentiment": 0,
            "surprise": "0.01",
            "closePrice": "21.2"
        },
        {
            "fiscalDateEnding": "2007-09-30",
            "totalCurrentAssets": "876679000",
            "cashAndShortTermInvestments": "327803000",
            "totalCurrentLiabilities": "398483000",
            "currentDebt": "None",
            "netIncome": "76738000",
            "capitalExpenditures": "2652000",
            "operatingCashflow": "91837000",
            "grossProfit": "162098000",
            "totalRevenue": "184012000",
            "sentiment": 0,
            "surprise": "0.03",
            "closePrice": "25.9"
        },
        {
            "fiscalDateEnding": "2007-06-30",
            "totalCurrentAssets": "870962000",
            "cashAndShortTermInvestments": "262164000",
            "totalCurrentLiabilities": "405386000",
            "currentDebt": "None",
            "netIncome": "69461000",
            "capitalExpenditures": "5564000",
            "operatingCashflow": "77076000",
            "grossProfit": "156392000",
            "totalRevenue": "176192000",
            "sentiment": 0,
            "surprise": "0.02",
            "closePrice": "25.36"
        },
        {
            "fiscalDateEnding": "2007-03-31",
            "totalCurrentAssets": "851343000",
            "cashAndShortTermInvestments": "246068000",
            "totalCurrentLiabilities": "413556000",
            "currentDebt": "None",
            "netIncome": "46948000",
            "capitalExpenditures": "4422000",
            "operatingCashflow": "118134000",
            "grossProfit": "147009000",
            "totalRevenue": "163969000",
            "sentiment": 0,
            "surprise": "0.01",
            "closePrice": "24.16"
        },
        {
            "fiscalDateEnding": "2006-12-31",
            "totalCurrentAssets": "1255353000",
            "cashAndShortTermInvestments": "519443000",
            "totalCurrentLiabilities": "358049000",
            "currentDebt": "None",
            "netIncome": "79541000",
            "capitalExpenditures": "2975000",
            "operatingCashflow": "85111000",
            "grossProfit": "145975000",
            "totalRevenue": "160095000",
            "sentiment": 0,
            "surprise": "0.01",
            "closePrice": "24.08"
        },
        {
            "fiscalDateEnding": "2006-09-30",
            "totalCurrentAssets": "1300447000",
            "cashAndShortTermInvestments": "205180000",
            "totalCurrentLiabilities": "309695000",
            "currentDebt": "None",
            "netIncome": "71137000",
            "capitalExpenditures": "1905000",
            "operatingCashflow": "83217000",
            "grossProfit": "134454000",
            "totalRevenue": "142518000",
            "sentiment": 0,
            "surprise": "0.02",
            "closePrice": "20.63"
        },
        {
            "fiscalDateEnding": "2006-06-30",
            "totalCurrentAssets": "1281654000",
            "cashAndShortTermInvestments": "223055000",
            "totalCurrentLiabilities": "311410000",
            "currentDebt": "None",
            "netIncome": "65716000",
            "capitalExpenditures": "38837000",
            "operatingCashflow": "87170000",
            "grossProfit": "131402000",
            "totalRevenue": "138936000",
            "sentiment": 0,
            "surprise": "0",
            "closePrice": "17.3"
        },
        {
            "fiscalDateEnding": "2006-03-31",
            "totalCurrentAssets": "1521491000",
            "cashAndShortTermInvestments": "354625000",
            "totalCurrentLiabilities": "314408000",
            "currentDebt": "None",
            "netIncome": "61633000",
            "capitalExpenditures": "1173000",
            "operatingCashflow": "112024000",
            "grossProfit": "126879000",
            "totalRevenue": "133592000",
            "sentiment": 0,
            "surprise": "0",
            "closePrice": "19.3"
        },
        {
            "fiscalDateEnding": "2005-12-31",
            "totalCurrentAssets": "1493978000",
            "cashAndShortTermInvestments": "298531000",
            "totalCurrentLiabilities": "307859000",
            "currentDebt": "None",
            "netIncome": "89237000",
            "capitalExpenditures": "1392000",
            "operatingCashflow": "92553000",
            "grossProfit": "143892000",
            "totalRevenue": "156058000",
            "sentiment": 0,
            "surprise": "0.02",
            "closePrice": "21.51"
        },
        {
            "fiscalDateEnding": "2005-09-30",
            "totalCurrentAssets": "1164441000",
            "cashAndShortTermInvestments": "143295000",
            "totalCurrentLiabilities": "278441000",
            "currentDebt": "None",
            "netIncome": "78744000",
            "capitalExpenditures": "1301000",
            "operatingCashflow": "83477000",
            "grossProfit": "134751000",
            "totalRevenue": "141068000",
            "sentiment": 0,
            "surprise": "0",
            "closePrice": "22.17"
        },
        {
            "fiscalDateEnding": "2005-06-30",
            "totalCurrentAssets": "1138812000",
            "cashAndShortTermInvestments": "127532000",
            "totalCurrentLiabilities": "291844000",
            "currentDebt": "None",
            "netIncome": "77997000",
            "capitalExpenditures": "1038000",
            "operatingCashflow": "84902000",
            "grossProfit": "138058000",
            "totalRevenue": "144563000",
            "sentiment": 0,
            "surprise": "0.02",
            "closePrice": "23.04"
        },
        {
            "fiscalDateEnding": "2005-03-31",
            "totalCurrentAssets": "1070766000",
            "cashAndShortTermInvestments": "157655000",
            "totalCurrentLiabilities": "279046000",
            "currentDebt": "None",
            "netIncome": "76444000",
            "capitalExpenditures": "1169000",
            "operatingCashflow": "91054000",
            "grossProfit": "132829000",
            "totalRevenue": "143049000",
            "sentiment": 0,
            "surprise": "0.01",
            "closePrice": "21.37"
        },
        {
            "fiscalDateEnding": "2004-12-31",
            "totalCurrentAssets": "1070766000",
            "cashAndShortTermInvestments": "157655000",
            "totalCurrentLiabilities": "279046000",
            "currentDebt": "None",
            "netIncome": "76444000",
            "capitalExpenditures": "1169000",
            "operatingCashflow": "91054000",
            "grossProfit": "132829000",
            "totalRevenue": "143049000",
            "sentiment": 0,
            "surprise": "0.02",
            "closePrice": "22.97"
        },
        {
            "fiscalDateEnding": "2004-09-30",
            "totalCurrentAssets": "1099287000",
            "cashAndShortTermInvestments": "117643000",
            "totalCurrentLiabilities": "264397000",
            "currentDebt": "None",
            "netIncome": "66758000",
            "capitalExpenditures": "1004000",
            "operatingCashflow": "64421000",
            "grossProfit": "123143000",
            "totalRevenue": "129330000",
            "sentiment": 0,
            "surprise": "0.02",
            "closePrice": "21.1"
        },
        {
            "fiscalDateEnding": "2004-06-30",
            "totalCurrentAssets": "1176072000",
            "cashAndShortTermInvestments": "231077000",
            "totalCurrentLiabilities": "270421000",
            "currentDebt": "None",
            "netIncome": "63263000",
            "capitalExpenditures": "966000",
            "operatingCashflow": "81891000",
            "grossProfit": "120476000",
            "totalRevenue": "126919000",
            "sentiment": 0,
            "surprise": "0",
            "closePrice": "18.49"
        },
        {
            "fiscalDateEnding": "2004-03-31",
            "totalCurrentAssets": "1146716000",
            "cashAndShortTermInvestments": "352057000",
            "totalCurrentLiabilities": "265774000",
            "currentDebt": "None",
            "netIncome": "41928000",
            "capitalExpenditures": "1361000",
            "operatingCashflow": "64674000",
            "grossProfit": "111128000",
            "totalRevenue": "116062000",
            "sentiment": 0,
            "surprise": "0.02",
            "closePrice": "23.68"
        },
        {
            "fiscalDateEnding": "2003-12-31",
            "totalCurrentAssets": "1228767000",
            "cashAndShortTermInvestments": "327188000",
            "totalCurrentLiabilities": "245234000",
            "currentDebt": "None",
            "netIncome": "65256000",
            "capitalExpenditures": "624000",
            "operatingCashflow": "87878000",
            "grossProfit": "110708000",
            "totalRevenue": "115300000",
            "sentiment": 0,
            "surprise": "0.02",
            "closePrice": "21.07"
        }
    ]
}