{
    "CLS": [
        {
            "fiscalDateEnding": "2023-12-31",
            "totalCurrentAssets": "4489512184",
            "cashAndShortTermInvestments": "368504922",
            "totalCurrentLiabilities": "3203028072",
            "currentDebt": "None",
            "netIncome": "86527155",
            "capitalExpenditures": "33697189",
            "operatingCashflow": "129929345",
            "grossProfit": "219298042",
            "totalRevenue": "2199660062",
            "sentiment": 0.31072491392723584,
            "surprise": "0.08",
            "closePrice": "33.09"
        },
        {
            "fiscalDateEnding": "2023-09-30",
            "totalCurrentAssets": "4425700000",
            "cashAndShortTermInvestments": "353100000",
            "totalCurrentLiabilities": "3096600000",
            "currentDebt": "None",
            "netIncome": "80200000",
            "capitalExpenditures": "27000000",
            "operatingCashflow": "88400000",
            "grossProfit": "206700000",
            "totalRevenue": "2043300000",
            "sentiment": 0.3124818150481106,
            "surprise": "0.05",
            "closePrice": "25.31"
        },
        {
            "fiscalDateEnding": "2023-06-30",
            "totalCurrentAssets": "4196600000",
            "cashAndShortTermInvestments": "360700000",
            "totalCurrentLiabilities": "2936000000",
            "currentDebt": "None",
            "netIncome": "55500000",
            "capitalExpenditures": "32100000",
            "operatingCashflow": "130200000",
            "grossProfit": "184600000",
            "totalRevenue": "1939400000",
            "sentiment": 0.33791764171104877,
            "surprise": "0.07",
            "closePrice": "16.46"
        },
        {
            "fiscalDateEnding": "2023-03-31",
            "totalCurrentAssets": "4175900000",
            "cashAndShortTermInvestments": "318700000",
            "totalCurrentLiabilities": "2925000000",
            "currentDebt": "None",
            "netIncome": "24700000",
            "capitalExpenditures": "33100000",
            "operatingCashflow": "72300000",
            "grossProfit": "164000000",
            "totalRevenue": "1837800000",
            "sentiment": 0.30386412954651254,
            "surprise": "0.01",
            "closePrice": "11.76"
        },
        {
            "fiscalDateEnding": "2022-12-31",
            "totalCurrentAssets": "4327000000",
            "cashAndShortTermInvestments": "374500000",
            "totalCurrentLiabilities": "3055200000",
            "currentDebt": "None",
            "netIncome": "42400000",
            "capitalExpenditures": "32300000",
            "operatingCashflow": "101300000",
            "grossProfit": "186200000",
            "totalRevenue": "2042600000",
            "sentiment": 0.2063619653036739,
            "surprise": "0.02",
            "closePrice": "13.15"
        },
        {
            "fiscalDateEnding": "2022-09-30",
            "totalCurrentAssets": "4071700000",
            "cashAndShortTermInvestments": "363300000",
            "totalCurrentLiabilities": "2848900000",
            "currentDebt": "None",
            "netIncome": "45700000",
            "capitalExpenditures": "38700000",
            "operatingCashflow": "74400000",
            "grossProfit": "167700000",
            "totalRevenue": "1923300000",
            "sentiment": 0.22861403774382544,
            "surprise": "0.07",
            "closePrice": "9.5"
        },
        {
            "fiscalDateEnding": "2022-06-30",
            "totalCurrentAssets": "3897500000",
            "cashAndShortTermInvestments": "365500000",
            "totalCurrentLiabilities": "2681600000",
            "currentDebt": "None",
            "netIncome": "35600000",
            "capitalExpenditures": "21600000",
            "operatingCashflow": "86900000",
            "grossProfit": "149900000",
            "totalRevenue": "1717200000",
            "sentiment": 0.10608934164772744,
            "surprise": "0.02",
            "closePrice": "10.58"
        },
        {
            "fiscalDateEnding": "2022-03-31",
            "totalCurrentAssets": "3630400000",
            "cashAndShortTermInvestments": "346600000",
            "totalCurrentLiabilities": "2407000000",
            "currentDebt": "None",
            "netIncome": "21800000",
            "capitalExpenditures": "16400000",
            "operatingCashflow": "35300000",
            "grossProfit": "132500000",
            "totalRevenue": "1566900000",
            "sentiment": 0.11635775290254799,
            "surprise": "0.04",
            "closePrice": "10.62"
        },
        {
            "fiscalDateEnding": "2021-12-31",
            "totalCurrentAssets": "3435300000",
            "cashAndShortTermInvestments": "394000000",
            "totalCurrentLiabilities": "2253500000",
            "currentDebt": "None",
            "netIncome": "31900000",
            "capitalExpenditures": "14400000",
            "operatingCashflow": "65800000",
            "grossProfit": "142100000",
            "totalRevenue": "1512100000",
            "sentiment": 0,
            "surprise": "0.06",
            "closePrice": "10.97"
        },
        {
            "fiscalDateEnding": "2021-09-30",
            "totalCurrentAssets": "3103200000",
            "cashAndShortTermInvestments": "477200000",
            "totalCurrentLiabilities": "1856500000",
            "currentDebt": "None",
            "netIncome": "35200000",
            "capitalExpenditures": "15700000",
            "operatingCashflow": "55700000",
            "grossProfit": "125400000",
            "totalRevenue": "1467400000",
            "sentiment": 0,
            "surprise": "0.03",
            "closePrice": "9.45"
        },
        {
            "fiscalDateEnding": "2021-06-30",
            "totalCurrentAssets": "2840700000",
            "cashAndShortTermInvestments": "467200000",
            "totalCurrentLiabilities": "1656700000",
            "currentDebt": "None",
            "netIncome": "26300000",
            "capitalExpenditures": "9500000",
            "operatingCashflow": "56500000",
            "grossProfit": "118000000",
            "totalRevenue": "1420300000",
            "sentiment": 0,
            "surprise": "0.06",
            "closePrice": "7.46"
        },
        {
            "fiscalDateEnding": "2021-03-31",
            "totalCurrentAssets": "2640800000",
            "cashAndShortTermInvestments": "449400000",
            "totalCurrentLiabilities": "1490600000",
            "currentDebt": "None",
            "netIncome": "10500000",
            "capitalExpenditures": "12600000",
            "operatingCashflow": "48800000",
            "grossProfit": "101500000",
            "totalRevenue": "1234900000",
            "sentiment": 0,
            "surprise": "0.02",
            "closePrice": "8.25"
        },
        {
            "fiscalDateEnding": "2020-12-31",
            "totalCurrentAssets": "2737200000",
            "cashAndShortTermInvestments": "463800000",
            "totalCurrentLiabilities": "1578200000",
            "currentDebt": "None",
            "netIncome": "20100000",
            "capitalExpenditures": "19200000",
            "operatingCashflow": "49700000",
            "grossProfit": "113800000",
            "totalRevenue": "1386600000",
            "sentiment": 0,
            "surprise": "0.01",
            "closePrice": "8.38"
        },
        {
            "fiscalDateEnding": "2020-09-30",
            "totalCurrentAssets": "2860100000",
            "cashAndShortTermInvestments": "451400000",
            "totalCurrentLiabilities": "1713500000",
            "currentDebt": "None",
            "netIncome": "30400000",
            "capitalExpenditures": "10100000",
            "operatingCashflow": "42000000",
            "grossProfit": "124200000",
            "totalRevenue": "1550500000",
            "sentiment": 0,
            "surprise": "0.07",
            "closePrice": "6.04"
        },
        {
            "fiscalDateEnding": "2020-06-30",
            "totalCurrentAssets": "2850100000",
            "cashAndShortTermInvestments": "435900000",
            "totalCurrentLiabilities": "1760400000",
            "currentDebt": "None",
            "netIncome": "13300000",
            "capitalExpenditures": "11200000",
            "operatingCashflow": "64600000",
            "grossProfit": "108600000",
            "totalRevenue": "1492400000",
            "sentiment": 0,
            "surprise": "0.11",
            "closePrice": "7.99"
        },
        {
            "fiscalDateEnding": "2020-03-31",
            "totalCurrentAssets": "2590600000",
            "cashAndShortTermInvestments": "472100000",
            "totalCurrentLiabilities": "1473100000",
            "currentDebt": "None",
            "netIncome": "-3200000",
            "capitalExpenditures": "12300000",
            "operatingCashflow": "83300000",
            "grossProfit": "91000000",
            "totalRevenue": "1318600000",
            "sentiment": 0,
            "surprise": "0.06",
            "closePrice": "6.13"
        },
        {
            "fiscalDateEnding": "2019-12-31",
            "totalCurrentAssets": "2592000000",
            "cashAndShortTermInvestments": "479500000",
            "totalCurrentLiabilities": "1474300000",
            "currentDebt": "None",
            "netIncome": "-7000000",
            "capitalExpenditures": "16000000",
            "operatingCashflow": "76500000",
            "grossProfit": "101800000",
            "totalRevenue": "1491700000",
            "sentiment": 0,
            "surprise": "0.03",
            "closePrice": "8.85"
        },
        {
            "fiscalDateEnding": "2019-09-30",
            "totalCurrentAssets": "2579100000",
            "cashAndShortTermInvestments": "448900000",
            "totalCurrentLiabilities": "1971500000",
            "currentDebt": "None",
            "netIncome": "-6900000",
            "capitalExpenditures": "21600000",
            "operatingCashflow": "106900000",
            "grossProfit": "97700000",
            "totalRevenue": "1517900000",
            "sentiment": 0,
            "surprise": "0.01",
            "closePrice": "6.88"
        },
        {
            "fiscalDateEnding": "2019-06-30",
            "totalCurrentAssets": "2629500000",
            "cashAndShortTermInvestments": "436500000",
            "totalCurrentLiabilities": "1439100000",
            "currentDebt": "None",
            "netIncome": "-6100000",
            "capitalExpenditures": "23200000",
            "operatingCashflow": "90300000",
            "grossProfit": "97800000",
            "totalRevenue": "1445600000",
            "sentiment": 0,
            "surprise": "0",
            "closePrice": "7.1"
        },
        {
            "fiscalDateEnding": "2019-03-31",
            "totalCurrentAssets": "2675400000",
            "cashAndShortTermInvestments": "457800000",
            "totalCurrentLiabilities": "1477900000",
            "currentDebt": "None",
            "netIncome": "90300000",
            "capitalExpenditures": "19700000",
            "operatingCashflow": "71300000",
            "grossProfit": "87400000",
            "totalRevenue": "1433100000",
            "sentiment": 0,
            "surprise": "-0.04",
            "closePrice": "7.31"
        },
        {
            "fiscalDateEnding": "2018-12-31",
            "totalCurrentAssets": "2823500000",
            "cashAndShortTermInvestments": "422000000",
            "totalCurrentLiabilities": "1620300000",
            "currentDebt": "None",
            "netIncome": "60100000",
            "capitalExpenditures": "18800000",
            "operatingCashflow": "-1900000",
            "grossProfit": "120000000",
            "totalRevenue": "1727000000",
            "sentiment": 0,
            "surprise": "-0.02",
            "closePrice": "9.93"
        },
        {
            "fiscalDateEnding": "2018-09-30",
            "totalCurrentAssets": "2751300000",
            "cashAndShortTermInvestments": "457700000",
            "totalCurrentLiabilities": "1534300000",
            "currentDebt": "None",
            "netIncome": "8600000",
            "capitalExpenditures": "21100000",
            "operatingCashflow": "55300000",
            "grossProfit": "112200000",
            "totalRevenue": "1711300000",
            "sentiment": 0,
            "surprise": "-0.04",
            "closePrice": "11.06"
        },
        {
            "fiscalDateEnding": "2018-06-30",
            "totalCurrentAssets": "2652500000",
            "cashAndShortTermInvestments": "401400000",
            "totalCurrentLiabilities": "1422100000",
            "currentDebt": "None",
            "netIncome": "16100000",
            "capitalExpenditures": "25100000",
            "operatingCashflow": "-14900000",
            "grossProfit": "104800000",
            "totalRevenue": "1695200000",
            "sentiment": 0,
            "surprise": "0.01",
            "closePrice": "11.81"
        },
        {
            "fiscalDateEnding": "2018-03-31",
            "totalCurrentAssets": "2486700000",
            "cashAndShortTermInvestments": "435700000",
            "totalCurrentLiabilities": "1304900000",
            "currentDebt": "None",
            "netIncome": "14100000",
            "capitalExpenditures": "17200000",
            "operatingCashflow": "-5400000",
            "grossProfit": "93500000",
            "totalRevenue": "1499700000",
            "sentiment": 0,
            "surprise": "0",
            "closePrice": "11.23"
        },
        {
            "fiscalDateEnding": "2017-12-31",
            "totalCurrentAssets": "2455500000",
            "cashAndShortTermInvestments": "515200000",
            "totalCurrentLiabilities": "1266800000",
            "currentDebt": "None",
            "netIncome": "14400000",
            "capitalExpenditures": "20800000",
            "operatingCashflow": "43700000",
            "grossProfit": "102400000",
            "totalRevenue": "1553900000",
            "sentiment": 0,
            "surprise": "-0.03",
            "closePrice": "11.03"
        },
        {
            "fiscalDateEnding": "2017-09-30",
            "totalCurrentAssets": "2392600000",
            "cashAndShortTermInvestments": "527000000",
            "totalCurrentLiabilities": "1191600000",
            "currentDebt": "None",
            "netIncome": "33400000",
            "capitalExpenditures": "32200000",
            "operatingCashflow": "-7500000",
            "grossProfit": "104100000",
            "totalRevenue": "1528200000",
            "sentiment": 0,
            "surprise": "-0.01",
            "closePrice": "11.9"
        },
        {
            "fiscalDateEnding": "2017-06-30",
            "totalCurrentAssets": "2387000000",
            "cashAndShortTermInvestments": "582700000",
            "totalCurrentLiabilities": "1208400000",
            "currentDebt": "None",
            "netIncome": "34400000",
            "capitalExpenditures": "24100000",
            "operatingCashflow": "55200000",
            "grossProfit": "108400000",
            "totalRevenue": "1558500000",
            "sentiment": 0,
            "surprise": "0",
            "closePrice": "13.44"
        },
        {
            "fiscalDateEnding": "2017-03-31",
            "totalCurrentAssets": "2356400000",
            "cashAndShortTermInvestments": "558000000",
            "totalCurrentLiabilities": "1206500000",
            "currentDebt": "None",
            "netIncome": "22800000",
            "capitalExpenditures": "25500000",
            "operatingCashflow": "35600000",
            "grossProfit": "102900000",
            "totalRevenue": "1469900000",
            "sentiment": 0,
            "surprise": "0.01",
            "closePrice": "14.2"
        },
        {
            "fiscalDateEnding": "2016-12-31",
            "totalCurrentAssets": "2346500000",
            "cashAndShortTermInvestments": "557200000",
            "totalCurrentLiabilities": "1245700000",
            "currentDebt": "None",
            "netIncome": "20900000",
            "capitalExpenditures": "17900000",
            "operatingCashflow": "87500000",
            "grossProfit": "111900000",
            "totalRevenue": "1623700000",
            "sentiment": 0,
            "surprise": "0.09",
            "closePrice": "12.77"
        },
        {
            "fiscalDateEnding": "2016-09-30",
            "totalCurrentAssets": "2345400000",
            "cashAndShortTermInvestments": "542000000",
            "totalCurrentLiabilities": "1248600000",
            "currentDebt": "None",
            "netIncome": "53600000",
            "capitalExpenditures": "11900000",
            "operatingCashflow": "108600000",
            "grossProfit": "111100000",
            "totalRevenue": "1554000000",
            "sentiment": 0,
            "surprise": "0.13",
            "closePrice": "10.44"
        },
        {
            "fiscalDateEnding": "2016-06-30",
            "totalCurrentAssets": "2246800000",
            "cashAndShortTermInvestments": "472900000",
            "totalCurrentLiabilities": "1206600000",
            "currentDebt": "None",
            "netIncome": "36200000",
            "capitalExpenditures": "18200000",
            "operatingCashflow": "-4500000",
            "grossProfit": "111800000",
            "totalRevenue": "1485500000",
            "sentiment": 0,
            "surprise": "0.01",
            "closePrice": "10.08"
        },
        {
            "fiscalDateEnding": "2016-03-31",
            "totalCurrentAssets": "2137900000",
            "cashAndShortTermInvestments": "511500000",
            "totalCurrentLiabilities": "1122800000",
            "currentDebt": "None",
            "netIncome": "25600000",
            "capitalExpenditures": "16100000",
            "operatingCashflow": "-18300000",
            "grossProfit": "92800000",
            "totalRevenue": "1353300000",
            "sentiment": 0,
            "surprise": "0.02",
            "closePrice": "11.0"
        },
        {
            "fiscalDateEnding": "2015-12-31",
            "totalCurrentAssets": "2124000000",
            "cashAndShortTermInvestments": "545300000",
            "totalCurrentLiabilities": "1133400000",
            "currentDebt": "None",
            "netIncome": "12100000",
            "capitalExpenditures": "16000000",
            "operatingCashflow": "92000000",
            "grossProfit": "101300000",
            "totalRevenue": "1514900000",
            "sentiment": 0,
            "surprise": "-0.03",
            "closePrice": "9.83"
        },
        {
            "fiscalDateEnding": "2015-09-30",
            "totalCurrentAssets": "2091800000",
            "cashAndShortTermInvestments": "495700000",
            "totalCurrentLiabilities": "1138100000",
            "currentDebt": "None",
            "netIncome": "10900000",
            "capitalExpenditures": "15600000",
            "operatingCashflow": "24800000",
            "grossProfit": "101100000",
            "totalRevenue": "1408500000",
            "sentiment": 0,
            "surprise": "-0.09",
            "closePrice": "13.11"
        },
        {
            "fiscalDateEnding": "2015-06-30",
            "totalCurrentAssets": "2128400000",
            "cashAndShortTermInvestments": "496800000",
            "totalCurrentLiabilities": "1173300000",
            "currentDebt": "None",
            "netIncome": "24200000",
            "capitalExpenditures": "18500000",
            "operatingCashflow": "44400000",
            "grossProfit": "97300000",
            "totalRevenue": "1417300000",
            "sentiment": 0,
            "surprise": "0.02",
            "closePrice": "11.68"
        },
        {
            "fiscalDateEnding": "2015-03-31",
            "totalCurrentAssets": "2099400000",
            "cashAndShortTermInvestments": "569200000",
            "totalCurrentLiabilities": "1044800000",
            "currentDebt": "None",
            "netIncome": "19700000",
            "capitalExpenditures": "12700000",
            "operatingCashflow": "35100000",
            "grossProfit": "91400000",
            "totalRevenue": "1298500000",
            "sentiment": 0,
            "surprise": "-0.03",
            "closePrice": "11.94"
        },
        {
            "fiscalDateEnding": "2014-12-31",
            "totalCurrentAssets": "2104200000",
            "cashAndShortTermInvestments": "565000000",
            "totalCurrentLiabilities": "1054300000",
            "currentDebt": "None",
            "netIncome": "-4400000",
            "capitalExpenditures": "16600000",
            "operatingCashflow": "78000000",
            "grossProfit": "104500000",
            "totalRevenue": "1424300000",
            "sentiment": 0,
            "surprise": "0.01",
            "closePrice": "11.31"
        },
        {
            "fiscalDateEnding": "2014-09-30",
            "totalCurrentAssets": "2149000000",
            "cashAndShortTermInvestments": "578200000",
            "totalCurrentLiabilities": "1071700000",
            "currentDebt": "None",
            "netIncome": "34400000",
            "capitalExpenditures": "9700000",
            "operatingCashflow": "103100000",
            "grossProfit": "105600000",
            "totalRevenue": "1423100000",
            "sentiment": 0,
            "surprise": "0.02",
            "closePrice": "9.99"
        },
        {
            "fiscalDateEnding": "2014-06-30",
            "totalCurrentAssets": "2147200000",
            "cashAndShortTermInvestments": "519100000",
            "totalCurrentLiabilities": "1077200000",
            "currentDebt": "None",
            "netIncome": "40900000",
            "capitalExpenditures": "20900000",
            "operatingCashflow": "62200000",
            "grossProfit": "104900000",
            "totalRevenue": "1471500000",
            "sentiment": 0,
            "surprise": "0.02",
            "closePrice": "11.18"
        },
        {
            "fiscalDateEnding": "2014-03-31",
            "totalCurrentAssets": "2066800000",
            "cashAndShortTermInvestments": "489200000",
            "totalCurrentLiabilities": "1035700000",
            "currentDebt": "None",
            "netIncome": "37300000",
            "capitalExpenditures": "14100000",
            "operatingCashflow": "-1800000",
            "grossProfit": "90400000",
            "totalRevenue": "1312400000",
            "sentiment": 0,
            "surprise": "0",
            "closePrice": "11.08"
        },
        {
            "fiscalDateEnding": "2013-12-31",
            "totalCurrentAssets": "2120500000",
            "cashAndShortTermInvestments": "544300000",
            "totalCurrentLiabilities": "1109200000",
            "currentDebt": "None",
            "netIncome": "22100000",
            "capitalExpenditures": "11100000",
            "operatingCashflow": "34100000",
            "grossProfit": "103600000",
            "totalRevenue": "1436700000",
            "sentiment": 0,
            "surprise": "0.01",
            "closePrice": "10.05"
        },
        {
            "fiscalDateEnding": "2013-09-30",
            "totalCurrentAssets": "2189900000",
            "cashAndShortTermInvestments": "546800000",
            "totalCurrentLiabilities": "1177500000",
            "currentDebt": "None",
            "netIncome": "57400000",
            "capitalExpenditures": "16600000",
            "operatingCashflow": "27400000",
            "grossProfit": "103300000",
            "totalRevenue": "1491900000",
            "sentiment": 0,
            "surprise": "0.01",
            "closePrice": "10.49"
        },
        {
            "fiscalDateEnding": "2013-06-30",
            "totalCurrentAssets": "2178900000",
            "cashAndShortTermInvestments": "553500000",
            "totalCurrentLiabilities": "1214800000",
            "currentDebt": "None",
            "netIncome": "28000000",
            "capitalExpenditures": "18100000",
            "operatingCashflow": "68200000",
            "grossProfit": "95800000",
            "totalRevenue": "1495100000",
            "sentiment": 0,
            "surprise": "0.04",
            "closePrice": "10.11"
        },
        {
            "fiscalDateEnding": "2013-03-31",
            "totalCurrentAssets": "2111500000",
            "cashAndShortTermInvestments": "531300000",
            "totalCurrentLiabilities": "1165700000",
            "currentDebt": "None",
            "netIncome": "10500000",
            "capitalExpenditures": "10600000",
            "operatingCashflow": "23300000",
            "grossProfit": "86800000",
            "totalRevenue": "1372400000",
            "sentiment": 0,
            "surprise": "0.01",
            "closePrice": "8.08"
        },
        {
            "fiscalDateEnding": "2012-12-31",
            "totalCurrentAssets": "2110700000",
            "cashAndShortTermInvestments": "550500000",
            "totalCurrentLiabilities": "1198900000",
            "currentDebt": "None",
            "netIncome": "7200000",
            "capitalExpenditures": "17300000",
            "operatingCashflow": "104600000",
            "grossProfit": "99800000",
            "totalRevenue": "1496200000",
            "sentiment": 0,
            "surprise": "0.06",
            "closePrice": "8.63"
        },
        {
            "fiscalDateEnding": "2012-09-30",
            "totalCurrentAssets": "2305100000",
            "cashAndShortTermInvestments": "598200000",
            "totalCurrentLiabilities": "1209600000",
            "currentDebt": "None",
            "netIncome": "43700000",
            "capitalExpenditures": "25800000",
            "operatingCashflow": "84700000",
            "grossProfit": "109400000",
            "totalRevenue": "1575400000",
            "sentiment": 0,
            "surprise": "0.06",
            "closePrice": "7.02"
        },
        {
            "fiscalDateEnding": "2012-06-30",
            "totalCurrentAssets": "2441500000",
            "cashAndShortTermInvestments": "630600000",
            "totalCurrentLiabilities": "1332100000",
            "currentDebt": "None",
            "netIncome": "23600000",
            "capitalExpenditures": "24000000",
            "operatingCashflow": "39000000",
            "grossProfit": "117100000",
            "totalRevenue": "1744700000",
            "sentiment": 0,
            "surprise": "-0.02",
            "closePrice": "7.86"
        },
        {
            "fiscalDateEnding": "2012-03-31",
            "totalCurrentAssets": "2429400000",
            "cashAndShortTermInvestments": "646700000",
            "totalCurrentLiabilities": "1317800000",
            "currentDebt": "None",
            "netIncome": "43200000",
            "capitalExpenditures": "38800000",
            "operatingCashflow": "84100000",
            "grossProfit": "112100000",
            "totalRevenue": "1690900000",
            "sentiment": 0,
            "surprise": "0.04",
            "closePrice": "8.94"
        },
        {
            "fiscalDateEnding": "2011-12-31",
            "totalCurrentAssets": "2462600000",
            "cashAndShortTermInvestments": "658900000",
            "totalCurrentLiabilities": "1346600000",
            "currentDebt": "None",
            "netIncome": "69200000",
            "capitalExpenditures": "14800000",
            "operatingCashflow": "96800000",
            "grossProfit": "122100000",
            "totalRevenue": "1753400000",
            "sentiment": 0,
            "surprise": "0.08",
            "closePrice": "7.67"
        },
        {
            "fiscalDateEnding": "2011-09-30",
            "totalCurrentAssets": "2423000000",
            "cashAndShortTermInvestments": "586100000",
            "totalCurrentLiabilities": "1348600000",
            "currentDebt": "None",
            "netIncome": "50200000",
            "capitalExpenditures": "19000000",
            "operatingCashflow": "124400000",
            "grossProfit": "126500000",
            "totalRevenue": "1830100000",
            "sentiment": 0,
            "surprise": "0.01",
            "closePrice": "7.86"
        },
        {
            "fiscalDateEnding": "2011-06-30",
            "totalCurrentAssets": "2521800000",
            "cashAndShortTermInvestments": "552600000",
            "totalCurrentLiabilities": "1462300000",
            "currentDebt": "None",
            "netIncome": "45700000",
            "capitalExpenditures": "9900000",
            "operatingCashflow": "5300000",
            "grossProfit": "125900000",
            "totalRevenue": "1829400000",
            "sentiment": 0,
            "surprise": "0.03",
            "closePrice": "9.35"
        },
        {
            "fiscalDateEnding": "2011-03-31",
            "totalCurrentAssets": "2542700000",
            "cashAndShortTermInvestments": "584000000",
            "totalCurrentLiabilities": "1483100000",
            "currentDebt": "None",
            "netIncome": "30000000",
            "capitalExpenditures": "18600000",
            "operatingCashflow": "-30200000",
            "grossProfit": "116900000",
            "totalRevenue": "1800100000",
            "sentiment": 0,
            "surprise": "0.02",
            "closePrice": "11.04"
        },
        {
            "fiscalDateEnding": "2010-12-31",
            "totalCurrentAssets": "2531400000",
            "cashAndShortTermInvestments": "632800000",
            "totalCurrentLiabilities": "1562500000",
            "currentDebt": "None",
            "netIncome": "25600000",
            "capitalExpenditures": "25300000",
            "operatingCashflow": "54000000",
            "grossProfit": "122600000",
            "totalRevenue": "1876100000",
            "sentiment": 0,
            "surprise": "0.03",
            "closePrice": "9.99"
        },
        {
            "fiscalDateEnding": "2010-09-30",
            "totalCurrentAssets": "2350600000",
            "cashAndShortTermInvestments": "705600000",
            "totalCurrentLiabilities": "1300500000",
            "currentDebt": "None",
            "netIncome": "35400000",
            "capitalExpenditures": "16000000",
            "operatingCashflow": "89700000",
            "grossProfit": "107400000",
            "totalRevenue": "1546500000",
            "sentiment": 0,
            "surprise": "-0.02",
            "closePrice": "8.41"
        },
        {
            "fiscalDateEnding": "2010-06-30",
            "totalCurrentAssets": "2236600000",
            "cashAndShortTermInvestments": "683900000",
            "totalCurrentLiabilities": "1182800000",
            "currentDebt": "None",
            "netIncome": "-6100000",
            "capitalExpenditures": "11900000",
            "operatingCashflow": "-4300000",
            "grossProfit": "107600000",
            "totalRevenue": "1585400000",
            "sentiment": 0,
            "surprise": "0",
            "closePrice": "8.8"
        },
        {
            "fiscalDateEnding": "2010-03-31",
            "totalCurrentAssets": "2335800000",
            "cashAndShortTermInvestments": "712200000",
            "totalCurrentLiabilities": "1269600000",
            "currentDebt": "None",
            "netIncome": "25900000",
            "capitalExpenditures": "7600000",
            "operatingCashflow": "11500000",
            "grossProfit": "105700000",
            "totalRevenue": "1518100000",
            "sentiment": 0,
            "surprise": "0",
            "closePrice": "10.55"
        },
        {
            "fiscalDateEnding": "2009-12-31",
            "totalCurrentAssets": "2542800000",
            "cashAndShortTermInvestments": "937700000",
            "totalCurrentLiabilities": "1519800000",
            "currentDebt": "None",
            "netIncome": "31100000",
            "capitalExpenditures": "21000000",
            "operatingCashflow": "45000000",
            "grossProfit": "109100000",
            "totalRevenue": "1664400000",
            "sentiment": 0,
            "surprise": "0.03",
            "closePrice": "9.91"
        },
        {
            "fiscalDateEnding": "2009-09-30",
            "totalCurrentAssets": "2894400000",
            "cashAndShortTermInvestments": "1261400000",
            "totalCurrentLiabilities": "1673900000",
            "currentDebt": "None",
            "netIncome": "-600000",
            "capitalExpenditures": "9900000",
            "operatingCashflow": "146400000",
            "grossProfit": "107800000",
            "totalRevenue": "1556200000",
            "sentiment": 0,
            "surprise": "0.02",
            "closePrice": "9.15"
        },
        {
            "fiscalDateEnding": "2009-06-30",
            "totalCurrentAssets": "2654400000",
            "cashAndShortTermInvestments": "1119300000",
            "totalCurrentLiabilities": "1114000000",
            "currentDebt": "None",
            "netIncome": "5300000",
            "capitalExpenditures": "14000000",
            "operatingCashflow": "54500000",
            "grossProfit": "101700000",
            "totalRevenue": "1402200000",
            "sentiment": 0,
            "surprise": "0.01",
            "closePrice": "8.15"
        },
        {
            "fiscalDateEnding": "2009-03-31",
            "totalCurrentAssets": "2596500000",
            "cashAndShortTermInvestments": "1081300000",
            "totalCurrentLiabilities": "1098800000",
            "currentDebt": "None",
            "netIncome": "19200000",
            "capitalExpenditures": "32400000",
            "operatingCashflow": "47600000",
            "grossProfit": "111200000",
            "totalRevenue": "1469400000",
            "sentiment": 0,
            "surprise": "0.04",
            "closePrice": "5.3"
        },
        {
            "fiscalDateEnding": "2008-12-31",
            "totalCurrentAssets": "3171800000",
            "cashAndShortTermInvestments": "1201000000",
            "totalCurrentLiabilities": "1568400000",
            "currentDebt": "None",
            "netIncome": "-822200000",
            "capitalExpenditures": "25600000",
            "operatingCashflow": "4800000",
            "grossProfit": "140600000",
            "totalRevenue": "1935400000",
            "sentiment": 0,
            "surprise": "0.08",
            "closePrice": "4.39"
        },
        {
            "fiscalDateEnding": "2008-09-30",
            "totalCurrentAssets": "3264200000",
            "cashAndShortTermInvestments": "1258200000",
            "totalCurrentLiabilities": "1606300000",
            "currentDebt": "None",
            "netIncome": "32100000",
            "capitalExpenditures": "30800000",
            "operatingCashflow": "87800000",
            "grossProfit": "150000000",
            "totalRevenue": "2030800000",
            "sentiment": 0,
            "surprise": "0.05",
            "closePrice": "3.66"
        },
        {
            "fiscalDateEnding": "2008-06-30",
            "totalCurrentAssets": "3044600000",
            "cashAndShortTermInvestments": "1203000000",
            "totalCurrentLiabilities": "1409900000",
            "currentDebt": "None",
            "netIncome": "39800000",
            "capitalExpenditures": "16500000",
            "operatingCashflow": "68200000",
            "grossProfit": "125500000",
            "totalRevenue": "1876300000",
            "sentiment": 0,
            "surprise": "0",
            "closePrice": "8.5"
        },
        {
            "fiscalDateEnding": "2008-03-31",
            "totalCurrentAssets": "2924300000",
            "cashAndShortTermInvestments": "1149300000",
            "totalCurrentLiabilities": "1335500000",
            "currentDebt": "None",
            "netIncome": "29800000",
            "capitalExpenditures": "15900000",
            "operatingCashflow": "47400000",
            "grossProfit": "115000000",
            "totalRevenue": "1835700000",
            "sentiment": 0,
            "surprise": "0.07",
            "closePrice": "8.79"
        },
        {
            "fiscalDateEnding": "2007-12-31",
            "totalCurrentAssets": "2999600000",
            "cashAndShortTermInvestments": "1116700000",
            "totalCurrentLiabilities": "1446600000",
            "currentDebt": "None",
            "netIncome": "-11700000",
            "capitalExpenditures": "15000000",
            "operatingCashflow": "179100000",
            "grossProfit": "132000000",
            "totalRevenue": "2210500000",
            "sentiment": 0,
            "surprise": "0.03",
            "closePrice": "5.63"
        },
        {
            "fiscalDateEnding": "2007-09-30",
            "totalCurrentAssets": "3013900000",
            "cashAndShortTermInvestments": "953100000",
            "totalCurrentLiabilities": "1488000000",
            "currentDebt": "None",
            "netIncome": "7400000",
            "capitalExpenditures": "12700000",
            "operatingCashflow": "217800000",
            "grossProfit": "121200000",
            "totalRevenue": "2080600000",
            "sentiment": 0,
            "surprise": "0.06",
            "closePrice": "6.44"
        },
        {
            "fiscalDateEnding": "2007-06-30",
            "totalCurrentAssets": "2776000000",
            "cashAndShortTermInvestments": "747000000",
            "totalCurrentLiabilities": "1344000000",
            "currentDebt": "None",
            "netIncome": "24900000",
            "capitalExpenditures": "22700000",
            "operatingCashflow": "55800000",
            "grossProfit": "90600000",
            "totalRevenue": "1937000000",
            "sentiment": 0,
            "surprise": "0.01",
            "closePrice": "5.7"
        },
        {
            "fiscalDateEnding": "2007-03-31",
            "totalCurrentAssets": "2760000000",
            "cashAndShortTermInvestments": "704100000",
            "totalCurrentLiabilities": "1355400000",
            "currentDebt": "None",
            "netIncome": "-34300000",
            "capitalExpenditures": "13300000",
            "operatingCashflow": "-101300000",
            "grossProfit": "78600000",
            "totalRevenue": "1842300000",
            "sentiment": 0,
            "surprise": "0.05",
            "closePrice": "6.53"
        },
        {
            "fiscalDateEnding": "2006-12-31",
            "totalCurrentAssets": "3120800000",
            "cashAndShortTermInvestments": "803700000",
            "totalCurrentLiabilities": "1725900000",
            "currentDebt": "None",
            "netIncome": "-60800000",
            "capitalExpenditures": "27200000",
            "operatingCashflow": "47700000",
            "grossProfit": "87100000",
            "totalRevenue": "2261800000",
            "sentiment": 0,
            "surprise": "0",
            "closePrice": "5.96"
        },
        {
            "fiscalDateEnding": "2006-09-30",
            "totalCurrentAssets": "3308100000",
            "cashAndShortTermInvestments": "778800000",
            "totalCurrentLiabilities": "1915800000",
            "currentDebt": "None",
            "netIncome": "-42100000",
            "capitalExpenditures": "37400000",
            "operatingCashflow": "88100000",
            "grossProfit": "134200000",
            "totalRevenue": "2392400000",
            "sentiment": 0,
            "surprise": "0.02",
            "closePrice": "11.74"
        },
        {
            "fiscalDateEnding": "2006-06-30",
            "totalCurrentAssets": "3239900000",
            "cashAndShortTermInvestments": "748100000",
            "totalCurrentLiabilities": "1820700000",
            "currentDebt": "None",
            "netIncome": "-30300000",
            "capitalExpenditures": "50300000",
            "operatingCashflow": "21200000",
            "grossProfit": "124700000",
            "totalRevenue": "2223500000",
            "sentiment": 0,
            "surprise": "0.01",
            "closePrice": "7.87"
        },
        {
            "fiscalDateEnding": "2006-03-31",
            "totalCurrentAssets": "3153300000",
            "cashAndShortTermInvestments": "776000000",
            "totalCurrentLiabilities": "1712800000",
            "currentDebt": "None",
            "netIncome": "-17400000",
            "capitalExpenditures": "74200000",
            "operatingCashflow": "-117800000",
            "grossProfit": "105800000",
            "totalRevenue": "1934000000",
            "sentiment": 0,
            "surprise": "-0.01",
            "closePrice": "11.9"
        },
        {
            "fiscalDateEnding": "2005-12-31",
            "totalCurrentAssets": "3258400000",
            "cashAndShortTermInvestments": "969000000",
            "totalCurrentLiabilities": "1770300000",
            "currentDebt": "None",
            "netIncome": "-28200000",
            "capitalExpenditures": "46700000",
            "operatingCashflow": "99900000",
            "grossProfit": "118900000",
            "totalRevenue": "2075300000",
            "sentiment": 0,
            "surprise": "-0.01",
            "closePrice": "10.28"
        },
        {
            "fiscalDateEnding": "2005-09-30",
            "totalCurrentAssets": "3079200000",
            "cashAndShortTermInvestments": "895500000",
            "totalCurrentLiabilities": "1575800000",
            "currentDebt": "None",
            "netIncome": "-19600000",
            "capitalExpenditures": "42500000",
            "operatingCashflow": "-16500000",
            "grossProfit": "108300000",
            "totalRevenue": "1994400000",
            "sentiment": 0,
            "surprise": "-0.02",
            "closePrice": "10.57"
        },
        {
            "fiscalDateEnding": "2005-06-30",
            "totalCurrentAssets": "3559200000",
            "cashAndShortTermInvestments": "1298500000",
            "totalCurrentLiabilities": "1815000000",
            "currentDebt": "None",
            "netIncome": "12600000",
            "capitalExpenditures": "30900000",
            "operatingCashflow": "124300000",
            "grossProfit": "132900000",
            "totalRevenue": "2250700000",
            "sentiment": 0,
            "surprise": "0",
            "closePrice": "14.37"
        },
        {
            "fiscalDateEnding": "2005-03-31",
            "totalCurrentAssets": "3256400000",
            "cashAndShortTermInvestments": "951400000",
            "totalCurrentLiabilities": "1785900000",
            "currentDebt": "None",
            "netIncome": "-11600000",
            "capitalExpenditures": "38400000",
            "operatingCashflow": "10600000",
            "grossProfit": "124600000",
            "totalRevenue": "2150600000",
            "sentiment": 0,
            "surprise": "0.01",
            "closePrice": "11.53"
        },
        {
            "fiscalDateEnding": "2004-12-31",
            "totalCurrentAssets": "3273300000",
            "cashAndShortTermInvestments": "968800000",
            "totalCurrentLiabilities": "1815000000",
            "currentDebt": "None",
            "netIncome": "-797900000",
            "capitalExpenditures": "27900000",
            "operatingCashflow": "-6200000",
            "grossProfit": "94400000",
            "totalRevenue": "2332700000",
            "sentiment": 0,
            "surprise": "0.04",
            "closePrice": "13.32"
        },
        {
            "fiscalDateEnding": "2004-09-30",
            "totalCurrentAssets": "3306400000",
            "cashAndShortTermInvestments": "974500000",
            "totalCurrentLiabilities": "1594100000",
            "currentDebt": "None",
            "netIncome": "-22300000",
            "capitalExpenditures": "17300000",
            "operatingCashflow": "131300000",
            "grossProfit": "103100000",
            "totalRevenue": "2176000000",
            "sentiment": 0,
            "surprise": "0.03",
            "closePrice": "12.76"
        },
        {
            "fiscalDateEnding": "2004-06-30",
            "totalCurrentAssets": "3284400000",
            "cashAndShortTermInvestments": "802800000",
            "totalCurrentLiabilities": "1604900000",
            "currentDebt": "None",
            "netIncome": "-25500000",
            "capitalExpenditures": "40600000",
            "operatingCashflow": "-188000000",
            "grossProfit": "122500000",
            "totalRevenue": "2314200000",
            "sentiment": 0,
            "surprise": "0.01",
            "closePrice": "17.77"
        },
        {
            "fiscalDateEnding": "2004-03-31",
            "totalCurrentAssets": "3030100000",
            "cashAndShortTermInvestments": "1028800000",
            "totalCurrentLiabilities": "1516500000",
            "currentDebt": "None",
            "netIncome": "-164800000",
            "capitalExpenditures": "88800000",
            "operatingCashflow": "48500000",
            "grossProfit": "72200000",
            "totalRevenue": "1914800000",
            "sentiment": 0,
            "surprise": "0.05",
            "closePrice": "16.75"
        },
        {
            "fiscalDateEnding": "2003-12-31",
            "totalCurrentAssets": "3030100000",
            "cashAndShortTermInvestments": "1028800000",
            "totalCurrentLiabilities": "1516500000",
            "currentDebt": "None",
            "netIncome": "-164800000",
            "capitalExpenditures": "88800000",
            "operatingCashflow": "48500000",
            "grossProfit": "72200000",
            "totalRevenue": "1914800000",
            "sentiment": 0,
            "surprise": "0",
            "closePrice": "19.07"
        }
    ]
}