{
    "CNXC": [
        {
            "fiscalDateEnding": "2023-11-30",
            "totalCurrentAssets": "2858649000",
            "cashAndShortTermInvestments": "295336000",
            "totalCurrentLiabilities": "2074039000",
            "currentDebt": "2313000",
            "netIncome": "69487000",
            "capitalExpenditures": "64815000",
            "operatingCashflow": "229264000",
            "grossProfit": "822857000",
            "totalRevenue": "2230762000",
            "sentiment": 0.2746669932473683,
            "surprise": "0.28",
            "closePrice": "103.541918026717"
        },
        {
            "fiscalDateEnding": "2023-08-31",
            "totalCurrentAssets": "3701965000",
            "cashAndShortTermInvestments": "2112792000",
            "totalCurrentLiabilities": "1045572000",
            "currentDebt": "None",
            "netIncome": "77635000",
            "capitalExpenditures": "43936000",
            "operatingCashflow": "211416000",
            "grossProfit": "593692000",
            "totalRevenue": "1632834000",
            "sentiment": 0.21344243163720017,
            "surprise": "-0.14",
            "closePrice": "73.42163473967"
        },
        {
            "fiscalDateEnding": "2023-05-31",
            "totalCurrentAssets": "1752057000",
            "cashAndShortTermInvestments": "152896000",
            "totalCurrentLiabilities": "1007484000",
            "currentDebt": "None",
            "netIncome": "78850000",
            "capitalExpenditures": "32184000",
            "operatingCashflow": "133435000",
            "grossProfit": "580225000",
            "totalRevenue": "1614706000",
            "sentiment": 0.27129186585956605,
            "surprise": "-0.06",
            "closePrice": "82.5849802422859"
        },
        {
            "fiscalDateEnding": "2023-02-28",
            "totalCurrentAssets": "1748137000",
            "cashAndShortTermInvestments": "178386000",
            "totalCurrentLiabilities": "993966000",
            "currentDebt": "None",
            "netIncome": "87870000",
            "capitalExpenditures": "39597000",
            "operatingCashflow": "103893000",
            "grossProfit": "581161000",
            "totalRevenue": "1636404000",
            "sentiment": 0.3711247268334374,
            "surprise": "-0.04",
            "closePrice": "120.12302412895"
        },
        {
            "fiscalDateEnding": "2022-11-30",
            "totalCurrentAssets": "1754332000",
            "cashAndShortTermInvestments": "145382000",
            "totalCurrentLiabilities": "1132123000",
            "currentDebt": "None",
            "netIncome": "104944000",
            "capitalExpenditures": "42742000",
            "operatingCashflow": "235679000",
            "grossProfit": "593365000",
            "totalRevenue": "1640718000",
            "sentiment": 0.4641991815387394,
            "surprise": "-0.32",
            "closePrice": "140.747904809385"
        },
        {
            "fiscalDateEnding": "2022-08-31",
            "totalCurrentAssets": "1717403000",
            "cashAndShortTermInvestments": "176082000",
            "totalCurrentLiabilities": "1028213000",
            "currentDebt": "6250000",
            "netIncome": "106690000",
            "capitalExpenditures": "26110000",
            "operatingCashflow": "152557000",
            "grossProfit": "566848000",
            "totalRevenue": "1579602000",
            "sentiment": 0.1740671502062618,
            "surprise": "-0.02",
            "closePrice": "115.387630290965"
        },
        {
            "fiscalDateEnding": "2022-05-31",
            "totalCurrentAssets": "1628983000",
            "cashAndShortTermInvestments": "163364000",
            "totalCurrentLiabilities": "1023022000",
            "currentDebt": "105000000",
            "netIncome": "113142000",
            "capitalExpenditures": "25773000",
            "operatingCashflow": "167469000",
            "grossProfit": "558916000",
            "totalRevenue": "1568101000",
            "sentiment": 0.11324124571829808,
            "surprise": "0.11",
            "closePrice": "144.712584697372"
        },
        {
            "fiscalDateEnding": "2022-02-28",
            "totalCurrentAssets": "1630840000",
            "cashAndShortTermInvestments": "142157000",
            "totalCurrentLiabilities": "1036276000",
            "currentDebt": "78750000",
            "netIncome": "110273000",
            "capitalExpenditures": "45393000",
            "operatingCashflow": "45015000",
            "grossProfit": "538134000",
            "totalRevenue": "1536052000",
            "sentiment": 0,
            "surprise": "0.14",
            "closePrice": "192.603036213702"
        },
        {
            "fiscalDateEnding": "2021-11-30",
            "totalCurrentAssets": "1543065000",
            "cashAndShortTermInvestments": "182038000",
            "totalCurrentLiabilities": "968214000",
            "currentDebt": "None",
            "netIncome": "124108000",
            "capitalExpenditures": "36210000",
            "operatingCashflow": "182053000",
            "grossProfit": "519368000",
            "totalRevenue": "1466608000",
            "sentiment": 0,
            "surprise": "0.28",
            "closePrice": "160.711031230625"
        },
        {
            "fiscalDateEnding": "2021-08-31",
            "totalCurrentAssets": "1460826000",
            "cashAndShortTermInvestments": "154193000",
            "totalCurrentLiabilities": "888792000",
            "currentDebt": "None",
            "netIncome": "109754000",
            "capitalExpenditures": "42111000",
            "operatingCashflow": "93010000",
            "grossProfit": "481341000",
            "totalRevenue": "1397251000",
            "sentiment": 0,
            "surprise": "0.25",
            "closePrice": "163.409179127752"
        },
        {
            "fiscalDateEnding": "2021-05-31",
            "totalCurrentAssets": "1476872000",
            "cashAndShortTermInvestments": "131249000",
            "totalCurrentLiabilities": "889613000",
            "currentDebt": "None",
            "netIncome": "82904000",
            "capitalExpenditures": "28808000",
            "operatingCashflow": "203231000",
            "grossProfit": "482729000",
            "totalRevenue": "1369878000",
            "sentiment": 0,
            "surprise": "0.1",
            "closePrice": "153.139362744312"
        },
        {
            "fiscalDateEnding": "2021-02-28",
            "totalCurrentAssets": "1407304000",
            "cashAndShortTermInvestments": "117576000",
            "totalCurrentLiabilities": "877576000",
            "currentDebt": "None",
            "netIncome": "88811000",
            "capitalExpenditures": "41950000",
            "operatingCashflow": "35884000",
            "grossProfit": "486050000",
            "totalRevenue": "1353278000",
            "sentiment": 0,
            "surprise": "0.18",
            "closePrice": "125.590482673907"
        }
    ]
}