{
    "CNXN": [
        {
            "fiscalDateEnding": "2023-12-31",
            "totalCurrentAssets": "1048639000",
            "cashAndShortTermInvestments": "297186000",
            "totalCurrentLiabilities": "327965000",
            "currentDebt": "None",
            "netIncome": "23778000",
            "capitalExpenditures": "2240000",
            "operatingCashflow": "12289000",
            "grossProfit": "129775000",
            "totalRevenue": "696457000",
            "sentiment": 0.31120799067283195,
            "surprise": "0.02",
            "closePrice": "65.3058315334773"
        },
        {
            "fiscalDateEnding": "2023-09-30",
            "totalCurrentAssets": "1040699000",
            "cashAndShortTermInvestments": "289403000",
            "totalCurrentLiabilities": "339963000",
            "currentDebt": "None",
            "netIncome": "25598000",
            "capitalExpenditures": "2495000",
            "operatingCashflow": "50220000",
            "grossProfit": "131888000",
            "totalRevenue": "693086000",
            "sentiment": 0.3452712423065487,
            "surprise": "0.16",
            "closePrice": "53.5690276355864"
        },
        {
            "fiscalDateEnding": "2023-06-30",
            "totalCurrentAssets": "1021933000",
            "cashAndShortTermInvestments": "243983000",
            "totalCurrentLiabilities": "347305000",
            "currentDebt": "None",
            "netIncome": "19697000",
            "capitalExpenditures": "2978000",
            "operatingCashflow": "115940000",
            "grossProfit": "127777000",
            "totalRevenue": "733547000",
            "sentiment": -0.013494973879669648,
            "surprise": "0.06",
            "closePrice": "49.3538901645536"
        },
        {
            "fiscalDateEnding": "2023-03-31",
            "totalCurrentAssets": "974116000",
            "cashAndShortTermInvestments": "134810000",
            "totalCurrentLiabilities": "318309000",
            "currentDebt": "None",
            "netIncome": "14198000",
            "capitalExpenditures": "1882000",
            "operatingCashflow": "19505000",
            "grossProfit": "122296000",
            "totalRevenue": "727071000",
            "sentiment": 0.37112998456645224,
            "surprise": "-0.11",
            "closePrice": "39.351788749083"
        },
        {
            "fiscalDateEnding": "2022-12-31",
            "totalCurrentAssets": "953792000",
            "cashAndShortTermInvestments": "122930000",
            "totalCurrentLiabilities": "310517000",
            "currentDebt": "None",
            "netIncome": "18823000",
            "capitalExpenditures": "2102000",
            "operatingCashflow": "19200000",
            "grossProfit": "124344000",
            "totalRevenue": "732450000",
            "sentiment": 0.368983115697264,
            "surprise": "-0.03",
            "closePrice": "47.9189665629667"
        },
        {
            "fiscalDateEnding": "2022-09-30",
            "totalCurrentAssets": "986257000",
            "cashAndShortTermInvestments": "116190000",
            "totalCurrentLiabilities": "352920000",
            "currentDebt": "None",
            "netIncome": "23206000",
            "capitalExpenditures": "2410000",
            "operatingCashflow": "24084000",
            "grossProfit": "136626000",
            "totalRevenue": "775692000",
            "sentiment": 0.38033398352512254,
            "surprise": "0.05",
            "closePrice": "51.0044632242862"
        },
        {
            "fiscalDateEnding": "2022-06-30",
            "totalCurrentAssets": "975375000",
            "cashAndShortTermInvestments": "94896000",
            "totalCurrentLiabilities": "366883000",
            "currentDebt": "None",
            "netIncome": "25398000",
            "capitalExpenditures": "2114000",
            "operatingCashflow": "29890000",
            "grossProfit": "136901000",
            "totalRevenue": "828509000",
            "sentiment": 0.042048072104209494,
            "surprise": "0.2",
            "closePrice": "45.2573426097213"
        },
        {
            "fiscalDateEnding": "2022-03-31",
            "totalCurrentAssets": "950740000",
            "cashAndShortTermInvestments": "67409000",
            "totalCurrentLiabilities": "369803000",
            "currentDebt": "None",
            "netIncome": "21792000",
            "capitalExpenditures": "2451000",
            "operatingCashflow": "-38285000",
            "grossProfit": "128306000",
            "totalRevenue": "788334000",
            "sentiment": 0.22759666559895386,
            "surprise": "0.27",
            "closePrice": "48.4512827111261"
        },
        {
            "fiscalDateEnding": "2021-12-31",
            "totalCurrentAssets": "932413000",
            "cashAndShortTermInvestments": "108310000",
            "totalCurrentLiabilities": "374632000",
            "currentDebt": "None",
            "netIncome": "22385000",
            "capitalExpenditures": "3210000",
            "operatingCashflow": "48920000",
            "grossProfit": "127035000",
            "totalRevenue": "800212000",
            "sentiment": 0,
            "surprise": "0.15",
            "closePrice": "42.4478582612633"
        },
        {
            "fiscalDateEnding": "2021-09-30",
            "totalCurrentAssets": "862279000",
            "cashAndShortTermInvestments": "89728000",
            "totalCurrentLiabilities": "293348000",
            "currentDebt": "None",
            "netIncome": "20045000",
            "capitalExpenditures": "2481000",
            "operatingCashflow": "-22986000",
            "grossProfit": "120697000",
            "totalRevenue": "751368000",
            "sentiment": 0,
            "surprise": "0.06",
            "closePrice": "45.1819153878096"
        },
        {
            "fiscalDateEnding": "2021-06-30",
            "totalCurrentAssets": "877988000",
            "cashAndShortTermInvestments": "115665000",
            "totalCurrentLiabilities": "330494000",
            "currentDebt": "None",
            "netIncome": "17292000",
            "capitalExpenditures": "2208000",
            "operatingCashflow": "25858000",
            "grossProfit": "116327000",
            "totalRevenue": "704161000",
            "sentiment": 0,
            "surprise": "0.01",
            "closePrice": "45.2784167021792"
        },
        {
            "fiscalDateEnding": "2021-03-31",
            "totalCurrentAssets": "802851000",
            "cashAndShortTermInvestments": "92257000",
            "totalCurrentLiabilities": "274944000",
            "currentDebt": "None",
            "netIncome": "10184000",
            "capitalExpenditures": "2403000",
            "operatingCashflow": "5962000",
            "grossProfit": "100520000",
            "totalRevenue": "636892000",
            "sentiment": 0,
            "surprise": "-0.04",
            "closePrice": "47.0347406237044"
        },
        {
            "fiscalDateEnding": "2020-12-31",
            "totalCurrentAssets": "858980000",
            "cashAndShortTermInvestments": "95655000",
            "totalCurrentLiabilities": "342260000",
            "currentDebt": "None",
            "netIncome": "16296000",
            "capitalExpenditures": "1422000",
            "operatingCashflow": "-10301000",
            "grossProfit": "108859000",
            "totalRevenue": "675686000",
            "sentiment": 0,
            "surprise": "0",
            "closePrice": "52.96957145743"
        },
        {
            "fiscalDateEnding": "2020-09-30",
            "totalCurrentAssets": "843716000",
            "cashAndShortTermInvestments": "108051000",
            "totalCurrentLiabilities": "338360000",
            "currentDebt": "None",
            "netIncome": "16930000",
            "capitalExpenditures": "1397000",
            "operatingCashflow": "-56012000",
            "grossProfit": "107830000",
            "totalRevenue": "652752000",
            "sentiment": 0,
            "surprise": "-0.02",
            "closePrice": "50.1858546314943"
        },
        {
            "fiscalDateEnding": "2020-06-30",
            "totalCurrentAssets": "791741000",
            "cashAndShortTermInvestments": "165943000",
            "totalCurrentLiabilities": "308207000",
            "currentDebt": "3999000",
            "netIncome": "7643000",
            "capitalExpenditures": "3619000",
            "operatingCashflow": "57855000",
            "grossProfit": "89000000",
            "totalRevenue": "550002000",
            "sentiment": 0,
            "surprise": "-0.35",
            "closePrice": "45.7751757758413"
        },
        {
            "fiscalDateEnding": "2020-03-31",
            "totalCurrentAssets": "748983000",
            "cashAndShortTermInvestments": "111323000",
            "totalCurrentLiabilities": "277309000",
            "currentDebt": "4062000",
            "netIncome": "14896000",
            "capitalExpenditures": "4595000",
            "operatingCashflow": "44556000",
            "grossProfit": "113118000",
            "totalRevenue": "711850000",
            "sentiment": 0,
            "surprise": "0.03",
            "closePrice": "43.3205371083475"
        },
        {
            "fiscalDateEnding": "2019-12-31",
            "totalCurrentAssets": "776411000",
            "cashAndShortTermInvestments": "90060000",
            "totalCurrentLiabilities": "308923000",
            "currentDebt": "4316000",
            "netIncome": "21966000",
            "capitalExpenditures": "5035000",
            "operatingCashflow": "-3419000",
            "grossProfit": "116113000",
            "totalRevenue": "716627000",
            "sentiment": 0,
            "surprise": "0.03",
            "closePrice": "50.4543307357514"
        },
        {
            "fiscalDateEnding": "2019-09-30",
            "totalCurrentAssets": "710355000",
            "cashAndShortTermInvestments": "98489000",
            "totalCurrentLiabilities": "257470000",
            "currentDebt": "None",
            "netIncome": "23750000",
            "capitalExpenditures": "6744000",
            "operatingCashflow": "36693000",
            "grossProfit": "118863000",
            "totalRevenue": "729410000",
            "sentiment": 0,
            "surprise": "0.33",
            "closePrice": "42.1001010181624"
        },
        {
            "fiscalDateEnding": "2019-06-30",
            "totalCurrentAssets": "753665000",
            "cashAndShortTermInvestments": "69739000",
            "totalCurrentLiabilities": "321235000",
            "currentDebt": "None",
            "netIncome": "23668000",
            "capitalExpenditures": "7305000",
            "operatingCashflow": "-14769000",
            "grossProfit": "116987000",
            "totalRevenue": "741076000",
            "sentiment": 0,
            "surprise": "0.17",
            "closePrice": "31.0366747433578"
        },
        {
            "fiscalDateEnding": "2019-03-31",
            "totalCurrentAssets": "672344000",
            "cashAndShortTermInvestments": "93470000",
            "totalCurrentLiabilities": "258881000",
            "currentDebt": "None",
            "netIncome": "12727000",
            "capitalExpenditures": "6572000",
            "operatingCashflow": "18098000",
            "grossProfit": "99347000",
            "totalRevenue": "633119000",
            "sentiment": 0,
            "surprise": "0.03",
            "closePrice": "34.8197757176019"
        },
        {
            "fiscalDateEnding": "2018-12-31",
            "totalCurrentAssets": "669179000",
            "cashAndShortTermInvestments": "91703000",
            "totalCurrentLiabilities": "259799000",
            "currentDebt": "None",
            "netIncome": "21300000",
            "capitalExpenditures": "5597000",
            "operatingCashflow": "5586000",
            "grossProfit": "106802000",
            "totalRevenue": "709520000",
            "sentiment": 0,
            "surprise": "0.17",
            "closePrice": "32.0277137895074"
        },
        {
            "fiscalDateEnding": "2018-09-30",
            "totalCurrentAssets": "617083000",
            "cashAndShortTermInvestments": "102243000",
            "totalCurrentLiabilities": "209024000",
            "currentDebt": "None",
            "netIncome": "13766000",
            "capitalExpenditures": "5714000",
            "operatingCashflow": "39735000",
            "grossProfit": "100444000",
            "totalRevenue": "658618000",
            "sentiment": 0,
            "surprise": "0.01",
            "closePrice": "30.9982577240038"
        },
        {
            "fiscalDateEnding": "2018-06-30",
            "totalCurrentAssets": "647335000",
            "cashAndShortTermInvestments": "68680000",
            "totalCurrentLiabilities": "253313000",
            "currentDebt": "None",
            "netIncome": "18226000",
            "capitalExpenditures": "4920000",
            "operatingCashflow": "4274000",
            "grossProfit": "107468000",
            "totalRevenue": "706570000",
            "sentiment": 0,
            "surprise": "0.06",
            "closePrice": "32.4496811625859"
        },
        {
            "fiscalDateEnding": "2018-03-31",
            "totalCurrentAssets": "571700000",
            "cashAndShortTermInvestments": "70967000",
            "totalCurrentLiabilities": "193615000",
            "currentDebt": "859000",
            "netIncome": "11300000",
            "capitalExpenditures": "5007000",
            "operatingCashflow": "37244000",
            "grossProfit": "96372000",
            "totalRevenue": "624895000",
            "sentiment": 0,
            "surprise": "0.06",
            "closePrice": "26.2010205146642"
        },
        {
            "fiscalDateEnding": "2017-12-31",
            "totalCurrentAssets": "616095000",
            "cashAndShortTermInvestments": "49990000",
            "totalCurrentLiabilities": "248015000",
            "currentDebt": "None",
            "netIncome": "20723000",
            "capitalExpenditures": "3859000",
            "operatingCashflow": "-9041000",
            "grossProfit": "99530000",
            "totalRevenue": "762267000",
            "sentiment": 0,
            "surprise": "0.01",
            "closePrice": "23.8165391512793"
        },
        {
            "fiscalDateEnding": "2017-09-30",
            "totalCurrentAssets": "561492000",
            "cashAndShortTermInvestments": "62338000",
            "totalCurrentLiabilities": "200115000",
            "currentDebt": "None",
            "netIncome": "13117000",
            "capitalExpenditures": "3413000",
            "operatingCashflow": "38119000",
            "grossProfit": "96143000",
            "totalRevenue": "729230000",
            "sentiment": 0,
            "surprise": "0",
            "closePrice": "25.2722324986271"
        },
        {
            "fiscalDateEnding": "2017-06-30",
            "totalCurrentAssets": "582917000",
            "cashAndShortTermInvestments": "28131000",
            "totalCurrentLiabilities": "234370000",
            "currentDebt": "None",
            "netIncome": "13585000",
            "capitalExpenditures": "3044000",
            "operatingCashflow": "-35183000",
            "grossProfit": "99670000",
            "totalRevenue": "749792000",
            "sentiment": 0,
            "surprise": "0.03",
            "closePrice": "24.9558643451096"
        },
        {
            "fiscalDateEnding": "2017-03-31",
            "totalCurrentAssets": "550738000",
            "cashAndShortTermInvestments": "65755000",
            "totalCurrentLiabilities": "211517000",
            "currentDebt": "None",
            "netIncome": "7432000",
            "capitalExpenditures": "1487000",
            "operatingCashflow": "25425000",
            "grossProfit": "86733000",
            "totalRevenue": "670594000",
            "sentiment": 0,
            "surprise": "-0.03",
            "closePrice": "26.0910677194957"
        },
        {
            "fiscalDateEnding": "2016-12-31",
            "totalCurrentAssets": "559171000",
            "cashAndShortTermInvestments": "49180000",
            "totalCurrentLiabilities": "230254000",
            "currentDebt": "None",
            "netIncome": "12997000",
            "capitalExpenditures": "3139000",
            "operatingCashflow": "-6196000",
            "grossProfit": "98123000",
            "totalRevenue": "735548000",
            "sentiment": 0,
            "surprise": "-0.03",
            "closePrice": "25.7933094573616"
        },
        {
            "fiscalDateEnding": "2016-09-30",
            "totalCurrentAssets": "532601000",
            "cashAndShortTermInvestments": "66883000",
            "totalCurrentLiabilities": "202805000",
            "currentDebt": "None",
            "netIncome": "13593000",
            "capitalExpenditures": "2964000",
            "operatingCashflow": "22780000",
            "grossProfit": "96967000",
            "totalRevenue": "708485000",
            "sentiment": 0,
            "surprise": "-0.03",
            "closePrice": "22.3657874748671"
        },
        {
            "fiscalDateEnding": "2016-06-30",
            "totalCurrentAssets": "555235000",
            "cashAndShortTermInvestments": "47299000",
            "totalCurrentLiabilities": "238525000",
            "currentDebt": "None",
            "netIncome": "12458000",
            "capitalExpenditures": "3704000",
            "operatingCashflow": "-34777000",
            "grossProfit": "93874000",
            "totalRevenue": "676165000",
            "sentiment": 0,
            "surprise": "0.03",
            "closePrice": "23.6711478618096"
        },
        {
            "fiscalDateEnding": "2016-03-31",
            "totalCurrentAssets": "484392000",
            "cashAndShortTermInvestments": "90980000",
            "totalCurrentLiabilities": "152180000",
            "currentDebt": "None",
            "netIncome": "9063000",
            "capitalExpenditures": "2078000",
            "operatingCashflow": "4544000",
            "grossProfit": "82193000",
            "totalRevenue": "572394000",
            "sentiment": 0,
            "surprise": "-0.01",
            "closePrice": "22.8621921290565"
        },
        {
            "fiscalDateEnding": "2015-12-31",
            "totalCurrentAssets": "552851000",
            "cashAndShortTermInvestments": "80188000",
            "totalCurrentLiabilities": "222003000",
            "currentDebt": "None",
            "netIncome": "13613000",
            "capitalExpenditures": "2718000",
            "operatingCashflow": "-12743000",
            "grossProfit": "91851000",
            "totalRevenue": "684323000",
            "sentiment": 0,
            "surprise": "0.06",
            "closePrice": "18.6611379260091"
        },
        {
            "fiscalDateEnding": "2015-09-30",
            "totalCurrentAssets": "523840000",
            "cashAndShortTermInvestments": "76867000",
            "totalCurrentLiabilities": "199834000",
            "currentDebt": "None",
            "netIncome": "13001000",
            "capitalExpenditures": "4317000",
            "operatingCashflow": "13001000",
            "grossProfit": "88568000",
            "totalRevenue": "680769000",
            "sentiment": 0,
            "surprise": "0.02",
            "closePrice": "18.4029453260467"
        },
        {
            "fiscalDateEnding": "2015-06-30",
            "totalCurrentAssets": "519006000",
            "cashAndShortTermInvestments": "72497000",
            "totalCurrentLiabilities": "205898000",
            "currentDebt": "None",
            "netIncome": "11629000",
            "capitalExpenditures": "3474000",
            "operatingCashflow": "11629000",
            "grossProfit": "82987000",
            "totalRevenue": "627622000",
            "sentiment": 0,
            "surprise": "0",
            "closePrice": "20.0734776544661"
        },
        {
            "fiscalDateEnding": "2015-03-31",
            "totalCurrentAssets": "452257000",
            "cashAndShortTermInvestments": "79882000",
            "totalCurrentLiabilities": "150013000",
            "currentDebt": "None",
            "netIncome": "8584000",
            "capitalExpenditures": "2278000",
            "operatingCashflow": "45590000",
            "grossProfit": "77613000",
            "totalRevenue": "581259000",
            "sentiment": 0,
            "surprise": "0.04",
            "closePrice": "21.9336379769223"
        },
        {
            "fiscalDateEnding": "2014-12-31",
            "totalCurrentAssets": "458146000",
            "cashAndShortTermInvestments": "60909000",
            "totalCurrentLiabilities": "164697000",
            "currentDebt": "None",
            "netIncome": "11944000",
            "capitalExpenditures": "2087000",
            "operatingCashflow": "11944000",
            "grossProfit": "83124000",
            "totalRevenue": "630765000",
            "sentiment": 0,
            "surprise": "0.04",
            "closePrice": "20.8951989619589"
        },
        {
            "fiscalDateEnding": "2014-09-30",
            "totalCurrentAssets": "438770000",
            "cashAndShortTermInvestments": "66434000",
            "totalCurrentLiabilities": "150186000",
            "currentDebt": "None",
            "netIncome": "12177000",
            "capitalExpenditures": "2029000",
            "operatingCashflow": "12177000",
            "grossProfit": "83652000",
            "totalRevenue": "639570000",
            "sentiment": 0,
            "surprise": "0.04",
            "closePrice": "19.5231285345011"
        },
        {
            "fiscalDateEnding": "2014-06-30",
            "totalCurrentAssets": "464501000",
            "cashAndShortTermInvestments": "60289000",
            "totalCurrentLiabilities": "188522000",
            "currentDebt": "None",
            "netIncome": "11429000",
            "capitalExpenditures": "2027000",
            "operatingCashflow": "11429000",
            "grossProfit": "83766000",
            "totalRevenue": "633244000",
            "sentiment": 0,
            "surprise": "0.04",
            "closePrice": "18.1298870890844"
        },
        {
            "fiscalDateEnding": "2014-03-31",
            "totalCurrentAssets": "408591000",
            "cashAndShortTermInvestments": "64881000",
            "totalCurrentLiabilities": "144455000",
            "currentDebt": "None",
            "netIncome": "7131000",
            "capitalExpenditures": "1466000",
            "operatingCashflow": "23775000",
            "grossProfit": "72847000",
            "totalRevenue": "559760000",
            "sentiment": 0,
            "surprise": "0.02",
            "closePrice": "17.3933326943737"
        },
        {
            "fiscalDateEnding": "2013-12-31",
            "totalCurrentAssets": "418494000",
            "cashAndShortTermInvestments": "42547000",
            "totalCurrentLiabilities": "162118000",
            "currentDebt": "None",
            "netIncome": "9841000",
            "capitalExpenditures": "2664000",
            "operatingCashflow": "-21751000",
            "grossProfit": "75693000",
            "totalRevenue": "578572000",
            "sentiment": 0,
            "surprise": "0.01",
            "closePrice": "19.5497509825026"
        },
        {
            "fiscalDateEnding": "2013-09-30",
            "totalCurrentAssets": "414320000",
            "cashAndShortTermInvestments": "77181000",
            "totalCurrentLiabilities": "163037000",
            "currentDebt": "187000",
            "netIncome": "10589000",
            "capitalExpenditures": "686000",
            "operatingCashflow": "14432000",
            "grossProfit": "76553000",
            "totalRevenue": "580356000",
            "sentiment": 0,
            "surprise": "0.02",
            "closePrice": "15.2970070409195"
        },
        {
            "fiscalDateEnding": "2013-06-30",
            "totalCurrentAssets": "407765000",
            "cashAndShortTermInvestments": "64219000",
            "totalCurrentLiabilities": "168099000",
            "currentDebt": "462000",
            "netIncome": "9154000",
            "capitalExpenditures": "2512000",
            "operatingCashflow": "7944000",
            "grossProfit": "73916000",
            "totalRevenue": "557287000",
            "sentiment": 0,
            "surprise": "0.01",
            "closePrice": "15.2185161267985"
        },
        {
            "fiscalDateEnding": "2013-03-31",
            "totalCurrentAssets": "364992000",
            "cashAndShortTermInvestments": "58529000",
            "totalCurrentLiabilities": "134550000",
            "currentDebt": "729000",
            "netIncome": "6098000",
            "capitalExpenditures": "1745000",
            "operatingCashflow": "19031000",
            "grossProfit": "66838000",
            "totalRevenue": "505423000",
            "sentiment": 0,
            "surprise": "0.01",
            "closePrice": "13.3783402512945"
        },
        {
            "fiscalDateEnding": "2012-12-31",
            "totalCurrentAssets": "386472000",
            "cashAndShortTermInvestments": "39907000",
            "totalCurrentLiabilities": "163485000",
            "currentDebt": "989000",
            "netIncome": "8869000",
            "capitalExpenditures": "2240000",
            "operatingCashflow": "5978000",
            "grossProfit": "71701000",
            "totalRevenue": "556247000",
            "sentiment": 0,
            "surprise": "0.03",
            "closePrice": "10.7706976599405"
        },
        {
            "fiscalDateEnding": "2012-09-30",
            "totalCurrentAssets": "398491000",
            "cashAndShortTermInvestments": "53528000",
            "totalCurrentLiabilities": "169081000",
            "currentDebt": "1055000",
            "netIncome": "9901000",
            "capitalExpenditures": "1830000",
            "operatingCashflow": "-8346000",
            "grossProfit": "72206000",
            "totalRevenue": "561294000",
            "sentiment": 0,
            "surprise": "0.02",
            "closePrice": "8.90973293900715"
        },
        {
            "fiscalDateEnding": "2012-06-30",
            "totalCurrentAssets": "402611000",
            "cashAndShortTermInvestments": "63424000",
            "totalCurrentLiabilities": "183096000",
            "currentDebt": "1026000",
            "netIncome": "8826000",
            "capitalExpenditures": "2357000",
            "operatingCashflow": "16866000",
            "grossProfit": "71571000",
            "totalRevenue": "542569000",
            "sentiment": 0,
            "surprise": "0.01",
            "closePrice": "8.79183477157228"
        },
        {
            "fiscalDateEnding": "2012-03-31",
            "totalCurrentAssets": "366560000",
            "cashAndShortTermInvestments": "49752000",
            "totalCurrentLiabilities": "155673000",
            "currentDebt": "998000",
            "netIncome": "5475000",
            "capitalExpenditures": "2823000",
            "operatingCashflow": "55161000",
            "grossProfit": "66611000",
            "totalRevenue": "498763000",
            "sentiment": 0,
            "surprise": "0.02",
            "closePrice": "6.58545478100529"
        },
        {
            "fiscalDateEnding": "2011-12-31",
            "totalCurrentAssets": "388316000",
            "cashAndShortTermInvestments": "4615000",
            "totalCurrentLiabilities": "181004000",
            "currentDebt": "6238000",
            "netIncome": "7427000",
            "capitalExpenditures": "2372000",
            "operatingCashflow": "-27662000",
            "grossProfit": "68735000",
            "totalRevenue": "553162000",
            "sentiment": 0,
            "surprise": "-0.08",
            "closePrice": "10.7203119388999"
        },
        {
            "fiscalDateEnding": "2011-09-30",
            "totalCurrentAssets": "391347000",
            "cashAndShortTermInvestments": "39760000",
            "totalCurrentLiabilities": "180163000",
            "currentDebt": "945000",
            "netIncome": "9386000",
            "capitalExpenditures": "2363000",
            "operatingCashflow": "-10506000",
            "grossProfit": "70436000",
            "totalRevenue": "575646000",
            "sentiment": 0,
            "surprise": "0.08",
            "closePrice": "7.16876394684132"
        },
        {
            "fiscalDateEnding": "2011-06-30",
            "totalCurrentAssets": "382761000",
            "cashAndShortTermInvestments": "55292000",
            "totalCurrentLiabilities": "178431000",
            "currentDebt": "919000",
            "netIncome": "7480000",
            "capitalExpenditures": "5450000",
            "operatingCashflow": "3747000",
            "grossProfit": "66894000",
            "totalRevenue": "512561000",
            "sentiment": 0,
            "surprise": "0.03",
            "closePrice": "6.42184856393146"
        }
    ]
}