{
    "COHR": [
        {
            "fiscalDateEnding": "2023-12-31",
            "totalCurrentAssets": "3421603000",
            "cashAndShortTermInvestments": "856255000",
            "totalCurrentLiabilities": "1187773000",
            "currentDebt": "74569000",
            "netIncome": "-26991000",
            "capitalExpenditures": "91470000",
            "operatingCashflow": "67168000",
            "grossProfit": "-57219000",
            "totalRevenue": "1070756000",
            "sentiment": 0,
            "surprise": "0.1",
            "closePrice": "58.0"
        },
        {
            "fiscalDateEnding": "2023-09-30",
            "totalCurrentAssets": "3243731000",
            "cashAndShortTermInvestments": "941081000",
            "totalCurrentLiabilities": "1083136000",
            "currentDebt": "74730000",
            "netIncome": "-67534000",
            "capitalExpenditures": "62197000",
            "operatingCashflow": "198803000",
            "grossProfit": "-113175000",
            "totalRevenue": "983388000",
            "sentiment": 0,
            "surprise": "0.04",
            "closePrice": "44.11"
        },
        {
            "fiscalDateEnding": "2023-06-30",
            "totalCurrentAssets": "3251998000",
            "cashAndShortTermInvestments": "821310000",
            "totalCurrentLiabilities": "1078748000",
            "currentDebt": "74836000",
            "netIncome": "-178234000",
            "capitalExpenditures": "93061000",
            "operatingCashflow": "181532000",
            "grossProfit": "-275542000",
            "totalRevenue": "1121299000",
            "sentiment": 0,
            "surprise": "0.03",
            "closePrice": "47.01"
        },
        {
            "fiscalDateEnding": "2023-03-31",
            "totalCurrentAssets": "3406644000",
            "cashAndShortTermInvestments": "901028000",
            "totalCurrentLiabilities": "1107456000",
            "currentDebt": "74910000",
            "netIncome": "2546000",
            "capitalExpenditures": "97145000",
            "operatingCashflow": "152425000",
            "grossProfit": "-53354000",
            "totalRevenue": "1165011000",
            "sentiment": 0,
            "surprise": "-0.24",
            "closePrice": "30.31"
        },
        {
            "fiscalDateEnding": "2022-12-31",
            "totalCurrentAssets": "3416400000",
            "cashAndShortTermInvestments": "896641000",
            "totalCurrentLiabilities": "1132916000",
            "currentDebt": "74927000",
            "netIncome": "-45072000",
            "capitalExpenditures": "106864000",
            "operatingCashflow": "220491000",
            "grossProfit": "-85776000",
            "totalRevenue": "1327381000",
            "sentiment": 0,
            "surprise": "0.02",
            "closePrice": "42.7"
        },
        {
            "fiscalDateEnding": "2022-09-30",
            "totalCurrentAssets": "3394630000",
            "cashAndShortTermInvestments": "898501000",
            "totalCurrentLiabilities": "1183084000",
            "currentDebt": "129011000",
            "netIncome": "-38698000",
            "capitalExpenditures": "138990000",
            "operatingCashflow": "79577000",
            "grossProfit": "-7177000",
            "totalRevenue": "1321119000",
            "sentiment": 0,
            "surprise": "0.21",
            "closePrice": "32.21"
        },
        {
            "fiscalDateEnding": "2022-06-30",
            "totalCurrentAssets": "4305192000",
            "cashAndShortTermInvestments": "2582371000",
            "totalCurrentLiabilities": "1266959000",
            "currentDebt": "403212000",
            "netIncome": "43636000",
            "capitalExpenditures": "118341000",
            "operatingCashflow": "137325000",
            "grossProfit": "87728000",
            "totalRevenue": "837764000",
            "sentiment": 0,
            "surprise": "0.04",
            "closePrice": "54.88"
        },
        {
            "fiscalDateEnding": "2022-03-31",
            "totalCurrentAssets": "4233799000",
            "cashAndShortTermInvestments": "2600315000",
            "totalCurrentLiabilities": "2123881000",
            "currentDebt": "1383959000",
            "netIncome": "49002000",
            "capitalExpenditures": "94302000",
            "operatingCashflow": "35922000",
            "grossProfit": "89348000",
            "totalRevenue": "786225000",
            "sentiment": 0,
            "surprise": "-0.58",
            "closePrice": "63.93"
        },
        {
            "fiscalDateEnding": "2021-12-31",
            "totalCurrentAssets": "4165795000",
            "cashAndShortTermInvestments": "2649716000",
            "totalCurrentLiabilities": "2083240000",
            "currentDebt": "1378118000",
            "netIncome": "67657000",
            "capitalExpenditures": "54124000",
            "operatingCashflow": "187749000",
            "grossProfit": "105605000",
            "totalRevenue": "789900000",
            "sentiment": 0,
            "surprise": "0.05",
            "closePrice": "68.25"
        },
        {
            "fiscalDateEnding": "2021-09-30",
            "totalCurrentAssets": "3050951000",
            "cashAndShortTermInvestments": "1560175000",
            "totalCurrentLiabilities": "1028657000",
            "currentDebt": "420029000",
            "netIncome": "74464000",
            "capitalExpenditures": "47565000",
            "operatingCashflow": "52336000",
            "grossProfit": "107383000",
            "totalRevenue": "788170000",
            "sentiment": 0,
            "surprise": "0.04",
            "closePrice": "64.21"
        },
        {
            "fiscalDateEnding": "2021-06-30",
            "totalCurrentAssets": "3027394000",
            "cashAndShortTermInvestments": "1591892000",
            "totalCurrentLiabilities": "729589000",
            "currentDebt": "62050000",
            "netIncome": "82294000",
            "capitalExpenditures": "41006000",
            "operatingCashflow": "127501000",
            "grossProfit": "166895000",
            "totalRevenue": "793940000",
            "sentiment": 0,
            "surprise": "0.13",
            "closePrice": "64.38"
        },
        {
            "fiscalDateEnding": "2021-03-31",
            "totalCurrentAssets": "2888766000",
            "cashAndShortTermInvestments": "1535310000",
            "totalCurrentLiabilities": "678837000",
            "currentDebt": "62050000",
            "netIncome": "81092000",
            "capitalExpenditures": "26002000",
            "operatingCashflow": "91153000",
            "grossProfit": "87661000",
            "totalRevenue": "770566000",
            "sentiment": 0,
            "surprise": "0.27",
            "closePrice": "60.42"
        },
        {
            "fiscalDateEnding": "2020-12-31",
            "totalCurrentAssets": "2137723000",
            "cashAndShortTermInvestments": "834540000",
            "totalCurrentLiabilities": "664474000",
            "currentDebt": "62050000",
            "netIncome": "87900000",
            "capitalExpenditures": "45537000",
            "operatingCashflow": "221372000",
            "grossProfit": "121156000",
            "totalRevenue": "771352000",
            "sentiment": 0,
            "surprise": "0.22",
            "closePrice": "94.4"
        },
        {
            "fiscalDateEnding": "2020-09-30",
            "totalCurrentAssets": "1991742000",
            "cashAndShortTermInvestments": "683985000",
            "totalCurrentLiabilities": "644893000",
            "currentDebt": "62050000",
            "netIncome": "46266000",
            "capitalExpenditures": "33792000",
            "operatingCashflow": "134327000",
            "grossProfit": "93144000",
            "totalRevenue": "706535000",
            "sentiment": 0,
            "surprise": "0.21",
            "closePrice": "56.87"
        },
        {
            "fiscalDateEnding": "2020-06-30",
            "totalCurrentAssets": "1788969000",
            "cashAndShortTermInvestments": "493046000",
            "totalCurrentLiabilities": "672893000",
            "currentDebt": "69250000",
            "netIncome": "51261000",
            "capitalExpenditures": "32652000",
            "operatingCashflow": "176800000",
            "grossProfit": "142464000",
            "totalRevenue": "720769000",
            "sentiment": 0,
            "surprise": "0.41",
            "closePrice": "49.85"
        },
        {
            "fiscalDateEnding": "2020-03-31",
            "totalCurrentAssets": "1591088000",
            "cashAndShortTermInvestments": "388107000",
            "totalCurrentLiabilities": "569171000",
            "currentDebt": "91683000",
            "netIncome": "5921000",
            "capitalExpenditures": "27687000",
            "operatingCashflow": "64232000",
            "grossProfit": "97246000",
            "totalRevenue": "598511000",
            "sentiment": 0,
            "surprise": "0.09",
            "closePrice": "45.85"
        },
        {
            "fiscalDateEnding": "2019-12-31",
            "totalCurrentAssets": "1589189000",
            "cashAndShortTermInvestments": "376840000",
            "totalCurrentLiabilities": "571599000",
            "currentDebt": "98495000",
            "netIncome": "-98213000",
            "capitalExpenditures": "54652000",
            "operatingCashflow": "81875000",
            "grossProfit": "-81420000",
            "totalRevenue": "637941000",
            "sentiment": 0,
            "surprise": "0",
            "closePrice": "35.37"
        },
        {
            "fiscalDateEnding": "2019-09-30",
            "totalCurrentAssets": "1756199000",
            "cashAndShortTermInvestments": "439551000",
            "totalCurrentLiabilities": "545777000",
            "currentDebt": "73532000",
            "netIncome": "-25998000",
            "capitalExpenditures": "25636000",
            "operatingCashflow": "-25615000",
            "grossProfit": "-17402000",
            "totalRevenue": "332310000",
            "sentiment": 0,
            "surprise": "-0.03",
            "closePrice": "32.48"
        },
        {
            "fiscalDateEnding": "2019-06-30",
            "totalCurrentAssets": "812911000",
            "cashAndShortTermInvestments": "204872000",
            "totalCurrentLiabilities": "270563000",
            "currentDebt": "23834000",
            "netIncome": "28028000",
            "capitalExpenditures": "28952000",
            "operatingCashflow": "64083000",
            "grossProfit": "71315000",
            "totalRevenue": "357122000",
            "sentiment": 0,
            "surprise": "0.01",
            "closePrice": "39.39"
        },
        {
            "fiscalDateEnding": "2019-03-31",
            "totalCurrentAssets": "816871000",
            "cashAndShortTermInvestments": "221210000",
            "totalCurrentLiabilities": "239775000",
            "currentDebt": "23834000",
            "netIncome": "24638000",
            "capitalExpenditures": "33802000",
            "operatingCashflow": "26186000",
            "grossProfit": "38348000",
            "totalRevenue": "336849000",
            "sentiment": 0,
            "surprise": "-0.03",
            "closePrice": "37.27"
        },
        {
            "fiscalDateEnding": "2018-12-31",
            "totalCurrentAssets": "792225000",
            "cashAndShortTermInvestments": "230256000",
            "totalCurrentLiabilities": "250025000",
            "currentDebt": "20000000",
            "netIncome": "28702000",
            "capitalExpenditures": "38466000",
            "operatingCashflow": "69201000",
            "grossProfit": "45461000",
            "totalRevenue": "337259000",
            "sentiment": 0,
            "surprise": "0.04",
            "closePrice": "37.96"
        },
        {
            "fiscalDateEnding": "2018-09-30",
            "totalCurrentAssets": "817359000",
            "cashAndShortTermInvestments": "271343000",
            "totalCurrentLiabilities": "225300000",
            "currentDebt": "20000000",
            "netIncome": "26149000",
            "capitalExpenditures": "35902000",
            "operatingCashflow": "19005000",
            "grossProfit": "41218000",
            "totalRevenue": "307437000",
            "sentiment": 0,
            "surprise": "0.26",
            "closePrice": "45.44"
        },
        {
            "fiscalDateEnding": "2018-06-30",
            "totalCurrentAssets": "761837000",
            "cashAndShortTermInvestments": "247038000",
            "totalCurrentLiabilities": "236467000",
            "currentDebt": "20000000",
            "netIncome": "27167000",
            "capitalExpenditures": "36961000",
            "operatingCashflow": "47069000",
            "grossProfit": "71571000",
            "totalRevenue": "321075000",
            "sentiment": 0,
            "surprise": "0.08",
            "closePrice": "45.4"
        },
        {
            "fiscalDateEnding": "2018-03-31",
            "totalCurrentAssets": "746145000",
            "cashAndShortTermInvestments": "263244000",
            "totalCurrentLiabilities": "202586000",
            "currentDebt": "21120000",
            "netIncome": "30098000",
            "capitalExpenditures": "38854000",
            "operatingCashflow": "54276000",
            "grossProfit": "45374000",
            "totalRevenue": "294746000",
            "sentiment": 0,
            "surprise": "-0.05",
            "closePrice": "41.35"
        },
        {
            "fiscalDateEnding": "2017-12-31",
            "totalCurrentAssets": "723415000",
            "cashAndShortTermInvestments": "254456000",
            "totalCurrentLiabilities": "180183000",
            "currentDebt": "21103000",
            "netIncome": "9596000",
            "capitalExpenditures": "40197000",
            "operatingCashflow": "47286000",
            "grossProfit": "40902000",
            "totalRevenue": "281470000",
            "sentiment": 0,
            "surprise": "0.02",
            "closePrice": "39.75"
        },
        {
            "fiscalDateEnding": "2017-09-30",
            "totalCurrentAssets": "693688000",
            "cashAndShortTermInvestments": "241285000",
            "totalCurrentLiabilities": "178475000",
            "currentDebt": "21084000",
            "netIncome": "21141000",
            "capitalExpenditures": "37426000",
            "operatingCashflow": "12383000",
            "grossProfit": "36535000",
            "totalRevenue": "261503000",
            "sentiment": 0,
            "surprise": "0.27",
            "closePrice": "41.4"
        },
        {
            "fiscalDateEnding": "2017-06-30",
            "totalCurrentAssets": "702296000",
            "cashAndShortTermInvestments": "271888000",
            "totalCurrentLiabilities": "184952000",
            "currentDebt": "21074000",
            "netIncome": "32647000",
            "capitalExpenditures": "39382000",
            "operatingCashflow": "40244000",
            "grossProfit": "61641000",
            "totalRevenue": "273717000",
            "sentiment": 0,
            "surprise": "0.15",
            "closePrice": "38.15"
        },
        {
            "fiscalDateEnding": "2017-03-31",
            "totalCurrentAssets": "638821000",
            "cashAndShortTermInvestments": "247581000",
            "totalCurrentLiabilities": "166042000",
            "currentDebt": "21057000",
            "netIncome": "22430000",
            "capitalExpenditures": "41313000",
            "operatingCashflow": "19680000",
            "grossProfit": "39495000",
            "totalRevenue": "244987000",
            "sentiment": 0,
            "surprise": "0.47",
            "closePrice": "31.3"
        },
        {
            "fiscalDateEnding": "2016-12-31",
            "totalCurrentAssets": "610147000",
            "cashAndShortTermInvestments": "246195000",
            "totalCurrentLiabilities": "160698000",
            "currentDebt": "21036000",
            "netIncome": "23903000",
            "capitalExpenditures": "27828000",
            "operatingCashflow": "39179000",
            "grossProfit": "35852000",
            "totalRevenue": "231822000",
            "sentiment": 0,
            "surprise": "0.81",
            "closePrice": "36.6"
        },
        {
            "fiscalDateEnding": "2016-09-30",
            "totalCurrentAssets": "584564000",
            "cashAndShortTermInvestments": "220096000",
            "totalCurrentLiabilities": "154226000",
            "currentDebt": "20000000",
            "netIncome": "16294000",
            "capitalExpenditures": "29994000",
            "operatingCashflow": "19513000",
            "grossProfit": "30641000",
            "totalRevenue": "221520000",
            "sentiment": 0,
            "surprise": "0.13",
            "closePrice": "27.0"
        },
        {
            "fiscalDateEnding": "2016-06-30",
            "totalCurrentAssets": "582963000",
            "cashAndShortTermInvestments": "218445000",
            "totalCurrentLiabilities": "171242000",
            "currentDebt": "20000000",
            "netIncome": "14343000",
            "capitalExpenditures": "41659000",
            "operatingCashflow": "41734000",
            "grossProfit": "49016000",
            "totalRevenue": "241470000",
            "sentiment": 0,
            "surprise": "0.16",
            "closePrice": "21.33"
        },
        {
            "fiscalDateEnding": "2016-03-31",
            "totalCurrentAssets": "540386000",
            "cashAndShortTermInvestments": "187373000",
            "totalCurrentLiabilities": "147896000",
            "currentDebt": "20000000",
            "netIncome": "14938000",
            "capitalExpenditures": "7156000",
            "operatingCashflow": "18936000",
            "grossProfit": "27344000",
            "totalRevenue": "205105000",
            "sentiment": 0,
            "surprise": "0.05",
            "closePrice": "21.26"
        },
        {
            "fiscalDateEnding": "2015-12-31",
            "totalCurrentAssets": "495626000",
            "cashAndShortTermInvestments": "177084000",
            "totalCurrentLiabilities": "130893000",
            "currentDebt": "20000000",
            "netIncome": "18991000",
            "capitalExpenditures": "3475000",
            "operatingCashflow": "40121000",
            "grossProfit": "-88214000",
            "totalRevenue": "191434000",
            "sentiment": 0,
            "surprise": "0.1",
            "closePrice": "19.79"
        },
        {
            "fiscalDateEnding": "2015-09-30",
            "totalCurrentAssets": "497153000",
            "cashAndShortTermInvestments": "163779000",
            "totalCurrentLiabilities": "124798000",
            "currentDebt": "20000000",
            "netIncome": "17214000",
            "capitalExpenditures": "5880000",
            "operatingCashflow": "22179000",
            "grossProfit": "31175000",
            "totalRevenue": "189207000",
            "sentiment": 0,
            "surprise": "0.27",
            "closePrice": "18.11"
        },
        {
            "fiscalDateEnding": "2015-06-30",
            "totalCurrentAssets": "512968000",
            "cashAndShortTermInvestments": "173634000",
            "totalCurrentLiabilities": "139156000",
            "currentDebt": "20000000",
            "netIncome": "17069000",
            "capitalExpenditures": "42649000",
            "operatingCashflow": "43663000",
            "grossProfit": "35811000",
            "totalRevenue": "196683000",
            "sentiment": 0,
            "surprise": "0.04",
            "closePrice": "17.03"
        },
        {
            "fiscalDateEnding": "2015-03-31",
            "totalCurrentAssets": "488847000",
            "cashAndShortTermInvestments": "154703000",
            "totalCurrentLiabilities": "130299000",
            "currentDebt": "20000000",
            "netIncome": "14508000",
            "capitalExpenditures": "2994000",
            "operatingCashflow": "36259000",
            "grossProfit": "25300000",
            "totalRevenue": "182709000",
            "sentiment": 0,
            "surprise": "0.08",
            "closePrice": "18.97"
        },
        {
            "fiscalDateEnding": "2014-12-31",
            "totalCurrentAssets": "489725000",
            "cashAndShortTermInvestments": "154949000",
            "totalCurrentLiabilities": "125876000",
            "currentDebt": "20000000",
            "netIncome": "22096000",
            "capitalExpenditures": "3372000",
            "operatingCashflow": "48588000",
            "grossProfit": "26008000",
            "totalRevenue": "176736000",
            "sentiment": 0,
            "surprise": "0.1",
            "closePrice": "17.49"
        },
        {
            "fiscalDateEnding": "2014-09-30",
            "totalCurrentAssets": "502930000",
            "cashAndShortTermInvestments": "145415000",
            "totalCurrentLiabilities": "135216000",
            "currentDebt": "20000000",
            "netIncome": "12302000",
            "capitalExpenditures": "2893000",
            "operatingCashflow": "856000",
            "grossProfit": "28806000",
            "totalRevenue": "185833000",
            "sentiment": 0,
            "surprise": "0.03",
            "closePrice": "13.19"
        },
        {
            "fiscalDateEnding": "2014-06-30",
            "totalCurrentAssets": "505731000",
            "cashAndShortTermInvestments": "174660000",
            "totalCurrentLiabilities": "135065000",
            "currentDebt": "20453000",
            "netIncome": "12655000",
            "capitalExpenditures": "8453000",
            "operatingCashflow": "26857000",
            "grossProfit": "26026000",
            "totalRevenue": "187921000",
            "sentiment": 0,
            "surprise": "0.03",
            "closePrice": "14.2"
        },
        {
            "fiscalDateEnding": "2014-03-31",
            "totalCurrentAssets": "515709000",
            "cashAndShortTermInvestments": "185691000",
            "totalCurrentLiabilities": "135089000",
            "currentDebt": "20000000",
            "netIncome": "8531000",
            "capitalExpenditures": "2352000",
            "operatingCashflow": "12731000",
            "grossProfit": "18561000",
            "totalRevenue": "173555000",
            "sentiment": 0,
            "surprise": "0.06",
            "closePrice": "14.56"
        },
        {
            "fiscalDateEnding": "2013-12-31",
            "totalCurrentAssets": "533539000",
            "cashAndShortTermInvestments": "212683000",
            "totalCurrentLiabilities": "126325000",
            "currentDebt": "19555000",
            "netIncome": "7569000",
            "capitalExpenditures": "3021000",
            "operatingCashflow": "31487000",
            "grossProfit": "18411000",
            "totalRevenue": "171765000",
            "sentiment": 0,
            "surprise": "-0.13",
            "closePrice": "15.14"
        },
        {
            "fiscalDateEnding": "2013-09-30",
            "totalCurrentAssets": "492777000",
            "cashAndShortTermInvestments": "195207000",
            "totalCurrentLiabilities": "106548000",
            "currentDebt": "20000000",
            "netIncome": "9694000",
            "capitalExpenditures": "6573000",
            "operatingCashflow": "24387000",
            "grossProfit": "9398000",
            "totalRevenue": "150020000",
            "sentiment": 0,
            "surprise": "0.16",
            "closePrice": "16.87"
        },
        {
            "fiscalDateEnding": "2013-06-30",
            "totalCurrentAssets": "461144000",
            "cashAndShortTermInvestments": "185433000",
            "totalCurrentLiabilities": "94434000",
            "currentDebt": "None",
            "netIncome": "10026000",
            "capitalExpenditures": "7775000",
            "operatingCashflow": "39488000",
            "grossProfit": "20867000",
            "totalRevenue": "154030000",
            "sentiment": 0,
            "surprise": "-0.07",
            "closePrice": "17.72"
        },
        {
            "fiscalDateEnding": "2013-03-31",
            "totalCurrentAssets": "440908000",
            "cashAndShortTermInvestments": "155594000",
            "totalCurrentLiabilities": "81057000",
            "currentDebt": "None",
            "netIncome": "15869000",
            "capitalExpenditures": "4321000",
            "operatingCashflow": "7142000",
            "grossProfit": "12925000",
            "totalRevenue": "143940000",
            "sentiment": 0,
            "surprise": "-0.07",
            "closePrice": "14.89"
        },
        {
            "fiscalDateEnding": "2012-12-31",
            "totalCurrentAssets": "436920000",
            "cashAndShortTermInvestments": "162810000",
            "totalCurrentLiabilities": "82460000",
            "currentDebt": "None",
            "netIncome": "12200000",
            "capitalExpenditures": "7248000",
            "operatingCashflow": "37792000",
            "grossProfit": "9499000",
            "totalRevenue": "125107000",
            "sentiment": 0,
            "surprise": "0.02",
            "closePrice": "17.49"
        },
        {
            "fiscalDateEnding": "2012-09-30",
            "totalCurrentAssets": "417821000",
            "cashAndShortTermInvestments": "152611000",
            "totalCurrentLiabilities": "70756000",
            "currentDebt": "None",
            "netIncome": "12718000",
            "capitalExpenditures": "5929000",
            "operatingCashflow": "23185000",
            "grossProfit": "13107000",
            "totalRevenue": "127998000",
            "sentiment": 0,
            "surprise": "-0.14",
            "closePrice": "16.5008"
        },
        {
            "fiscalDateEnding": "2012-06-30",
            "totalCurrentAssets": "410373000",
            "cashAndShortTermInvestments": "134944000",
            "totalCurrentLiabilities": "83728000",
            "currentDebt": "None",
            "netIncome": "14446000",
            "capitalExpenditures": "10069000",
            "operatingCashflow": "30367000",
            "grossProfit": "23225000",
            "totalRevenue": "136910000",
            "sentiment": 0,
            "surprise": "-0.02",
            "closePrice": "16.43"
        },
        {
            "fiscalDateEnding": "2012-03-31",
            "totalCurrentAssets": "392261000",
            "cashAndShortTermInvestments": "119870000",
            "totalCurrentLiabilities": "74309000",
            "currentDebt": "None",
            "netIncome": "13994000",
            "capitalExpenditures": "9703000",
            "operatingCashflow": "14789000",
            "grossProfit": "13943000",
            "totalRevenue": "132590000",
            "sentiment": 0,
            "surprise": "-0.1",
            "closePrice": "20.73"
        },
        {
            "fiscalDateEnding": "2011-12-31",
            "totalCurrentAssets": "378739000",
            "cashAndShortTermInvestments": "124427000",
            "totalCurrentLiabilities": "81809000",
            "currentDebt": "None",
            "netIncome": "13287000",
            "capitalExpenditures": "10356000",
            "operatingCashflow": "28623000",
            "grossProfit": "10732000",
            "totalRevenue": "126757000",
            "sentiment": 0,
            "surprise": "0",
            "closePrice": "23.18"
        },
        {
            "fiscalDateEnding": "2011-09-30",
            "totalCurrentAssets": "365795000",
            "cashAndShortTermInvestments": "111351000",
            "totalCurrentLiabilities": "78198000",
            "currentDebt": "None",
            "netIncome": "18579000",
            "capitalExpenditures": "12712000",
            "operatingCashflow": "14290000",
            "grossProfit": "19888000",
            "totalRevenue": "138373000",
            "sentiment": 0,
            "surprise": "0.11",
            "closePrice": "19.34"
        },
        {
            "fiscalDateEnding": "2011-06-30",
            "totalCurrentAssets": "395540000",
            "cashAndShortTermInvestments": "149460000",
            "totalCurrentLiabilities": "90967000",
            "currentDebt": "None",
            "netIncome": "22039000",
            "capitalExpenditures": "12003000",
            "operatingCashflow": "13818000",
            "grossProfit": "30740000",
            "totalRevenue": "131783000",
            "sentiment": 0,
            "surprise": "-0.02",
            "closePrice": "22.02"
        },
        {
            "fiscalDateEnding": "2011-03-31",
            "totalCurrentAssets": "357925000",
            "cashAndShortTermInvestments": "128477000",
            "totalCurrentLiabilities": "90011000",
            "currentDebt": "None",
            "netIncome": "23119000",
            "capitalExpenditures": "14188000",
            "operatingCashflow": "26664000",
            "grossProfit": "29562000",
            "totalRevenue": "129997000",
            "sentiment": 0,
            "surprise": "0.05",
            "closePrice": "28.15"
        },
        {
            "fiscalDateEnding": "2010-12-31",
            "totalCurrentAssets": "328964000",
            "cashAndShortTermInvestments": "119274000",
            "totalCurrentLiabilities": "77926000",
            "currentDebt": "None",
            "netIncome": "19157000",
            "capitalExpenditures": "9387000",
            "operatingCashflow": "21952000",
            "grossProfit": "28045000",
            "totalRevenue": "120887000",
            "sentiment": 0,
            "surprise": "0.16",
            "closePrice": "24.665"
        },
        {
            "fiscalDateEnding": "2010-09-30",
            "totalCurrentAssets": "314784000",
            "cashAndShortTermInvestments": "113192000",
            "totalCurrentLiabilities": "74761000",
            "currentDebt": "None",
            "netIncome": "18367000",
            "capitalExpenditures": "5281000",
            "operatingCashflow": "11060000",
            "grossProfit": "26507000",
            "totalRevenue": "120134000",
            "sentiment": 0,
            "surprise": "-0.05",
            "closePrice": "20.66"
        }
    ]
}