{
    "COHU": [
        {
            "fiscalDateEnding": "2023-12-31",
            "totalCurrentAssets": "638818000",
            "cashAndShortTermInvestments": "335698000",
            "totalCurrentLiabilities": "103421000",
            "currentDebt": "8097000",
            "netIncome": "-2028000",
            "capitalExpenditures": "3905000",
            "operatingCashflow": "2701000",
            "grossProfit": "39694000",
            "totalRevenue": "133552000",
            "sentiment": 0.3344580561554786,
            "surprise": "0",
            "closePrice": "34.43"
        },
        {
            "fiscalDateEnding": "2023-09-30",
            "totalCurrentAssets": "718567000",
            "cashAndShortTermInvestments": "387566000",
            "totalCurrentLiabilities": "128444000",
            "currentDebt": "7847000",
            "netIncome": "3915000",
            "capitalExpenditures": "4008000",
            "operatingCashflow": "29139000",
            "grossProfit": "19954000",
            "totalRevenue": "148838000",
            "sentiment": 0.20843224328799548,
            "surprise": "0.03",
            "closePrice": "31.25"
        },
        {
            "fiscalDateEnding": "2023-06-30",
            "totalCurrentAssets": "722291000",
            "cashAndShortTermInvestments": "372317000",
            "totalCurrentLiabilities": "138402000",
            "currentDebt": "7993000",
            "netIncome": "10584000",
            "capitalExpenditures": "3065000",
            "operatingCashflow": "53145000",
            "grossProfit": "29676000",
            "totalRevenue": "167602000",
            "sentiment": 0.12426854384351427,
            "surprise": "0.04",
            "closePrice": "40.13"
        },
        {
            "fiscalDateEnding": "2023-03-31",
            "totalCurrentAssets": "709496000",
            "cashAndShortTermInvestments": "324295000",
            "totalCurrentLiabilities": "145028000",
            "currentDebt": "None",
            "netIncome": "15685000",
            "capitalExpenditures": "5075000",
            "operatingCashflow": "16485000",
            "grossProfit": "86218000",
            "totalRevenue": "179371000",
            "sentiment": 0.12222710287255456,
            "surprise": "0.02",
            "closePrice": "33.7"
        },
        {
            "fiscalDateEnding": "2022-12-31",
            "totalCurrentAssets": "764851000",
            "cashAndShortTermInvestments": "385576000",
            "totalCurrentLiabilities": "160872000",
            "currentDebt": "8218000",
            "netIncome": "21628000",
            "capitalExpenditures": "4070000",
            "operatingCashflow": "27566000",
            "grossProfit": "46597000",
            "totalRevenue": "187527000",
            "sentiment": 0.2950870083107154,
            "surprise": "0.1",
            "closePrice": "36.59"
        },
        {
            "fiscalDateEnding": "2022-09-30",
            "totalCurrentAssets": "749331000",
            "cashAndShortTermInvestments": "369381000",
            "totalCurrentLiabilities": "170757000",
            "currentDebt": "7773000",
            "netIncome": "24882000",
            "capitalExpenditures": "4976000",
            "operatingCashflow": "39496000",
            "grossProfit": "57320000",
            "totalRevenue": "206939000",
            "sentiment": 0.3244951240549545,
            "surprise": "0.06",
            "closePrice": "29.52"
        },
        {
            "fiscalDateEnding": "2022-06-30",
            "totalCurrentAssets": "767296000",
            "cashAndShortTermInvestments": "368081000",
            "totalCurrentLiabilities": "194268000",
            "currentDebt": "18027000",
            "netIncome": "28768000",
            "capitalExpenditures": "3055000",
            "operatingCashflow": "43808000",
            "grossProfit": "60510000",
            "totalRevenue": "217688000",
            "sentiment": 0.05124732351454493,
            "surprise": "0.1",
            "closePrice": "28.97"
        },
        {
            "fiscalDateEnding": "2022-03-31",
            "totalCurrentAssets": "752156000",
            "cashAndShortTermInvestments": "358570000",
            "totalCurrentLiabilities": "176469000",
            "currentDebt": "8406000",
            "netIncome": "21569000",
            "capitalExpenditures": "2669000",
            "operatingCashflow": "1991000",
            "grossProfit": "50846000",
            "totalRevenue": "197836000",
            "sentiment": 0.023648992884900213,
            "surprise": "0.1",
            "closePrice": "27.23"
        },
        {
            "fiscalDateEnding": "2021-12-31",
            "totalCurrentAssets": "750793000",
            "cashAndShortTermInvestments": "379905000",
            "totalCurrentLiabilities": "192459000",
            "currentDebt": "17456000",
            "netIncome": "20889000",
            "capitalExpenditures": "3076000",
            "operatingCashflow": "27812000",
            "grossProfit": "60969000",
            "totalRevenue": "186626000",
            "sentiment": 0,
            "surprise": "0.18",
            "closePrice": "32.64"
        },
        {
            "fiscalDateEnding": "2021-09-30",
            "totalCurrentAssets": "743507000",
            "cashAndShortTermInvestments": "364805000",
            "totalCurrentLiabilities": "202152000",
            "currentDebt": "10609000",
            "netIncome": "23733000",
            "capitalExpenditures": "3375000",
            "operatingCashflow": "34391000",
            "grossProfit": "46876000",
            "totalRevenue": "222530000",
            "sentiment": 0,
            "surprise": "0.01",
            "closePrice": "33.01"
        },
        {
            "fiscalDateEnding": "2021-06-30",
            "totalCurrentAssets": "826597000",
            "cashAndShortTermInvestments": "353896000",
            "totalCurrentLiabilities": "321312000",
            "currentDebt": "108794000",
            "netIncome": "95096000",
            "capitalExpenditures": "2849000",
            "operatingCashflow": "29524000",
            "grossProfit": "129083000",
            "totalRevenue": "318747000",
            "sentiment": 0,
            "surprise": "0.09",
            "closePrice": "34.42"
        },
        {
            "fiscalDateEnding": "2021-03-31",
            "totalCurrentAssets": "675718000",
            "cashAndShortTermInvestments": "143119000",
            "totalCurrentLiabilities": "208033000",
            "currentDebt": "13869000",
            "netIncome": "27607000",
            "capitalExpenditures": "2700000",
            "operatingCashflow": "6188000",
            "grossProfit": "47181000",
            "totalRevenue": "220909000",
            "sentiment": 0,
            "surprise": "0.1",
            "closePrice": "38.85"
        },
        {
            "fiscalDateEnding": "2020-12-31",
            "totalCurrentAssets": "485046000",
            "cashAndShortTermInvestments": "170027000",
            "totalCurrentLiabilities": "174453000",
            "currentDebt": "13703000",
            "netIncome": "14861000",
            "capitalExpenditures": "5101000",
            "operatingCashflow": "21860000",
            "grossProfit": "91241000",
            "totalRevenue": "202355000",
            "sentiment": 0,
            "surprise": "0.12",
            "closePrice": "50.48"
        },
        {
            "fiscalDateEnding": "2020-09-30",
            "totalCurrentAssets": "444818000",
            "cashAndShortTermInvestments": "169926000",
            "totalCurrentLiabilities": "146903000",
            "currentDebt": "13572000",
            "netIncome": "-6646000",
            "capitalExpenditures": "5596000",
            "operatingCashflow": "14731000",
            "grossProfit": "7475000",
            "totalRevenue": "150934000",
            "sentiment": 0,
            "surprise": "0.08",
            "closePrice": "20.67"
        },
        {
            "fiscalDateEnding": "2020-06-30",
            "totalCurrentAssets": "456250000",
            "cashAndShortTermInvestments": "162728000",
            "totalCurrentLiabilities": "159041000",
            "currentDebt": "15275000",
            "netIncome": "-4740000",
            "capitalExpenditures": "6379000",
            "operatingCashflow": "-4524000",
            "grossProfit": "15795744",
            "totalRevenue": "140019000",
            "sentiment": 0,
            "surprise": "0.1",
            "closePrice": "19.43"
        },
        {
            "fiscalDateEnding": "2020-03-31",
            "totalCurrentAssets": "453799000",
            "cashAndShortTermInvestments": "171474000",
            "totalCurrentLiabilities": "163717000",
            "currentDebt": "9810000",
            "netIncome": "-17276000",
            "capitalExpenditures": "1584000",
            "operatingCashflow": "17813000",
            "grossProfit": "-3243000",
            "totalRevenue": "134122000",
            "sentiment": 0,
            "surprise": "-0.3763",
            "closePrice": "15.41"
        },
        {
            "fiscalDateEnding": "2019-12-31",
            "totalCurrentAssets": "439696000",
            "cashAndShortTermInvestments": "155194000",
            "totalCurrentLiabilities": "148885000",
            "currentDebt": "9712000",
            "netIncome": "-17266000",
            "capitalExpenditures": "4653000",
            "operatingCashflow": "13831000",
            "grossProfit": "54075000",
            "totalRevenue": "142011000",
            "sentiment": 0,
            "surprise": "-0.04",
            "closePrice": "25.8282217090069"
        },
        {
            "fiscalDateEnding": "2019-09-30",
            "totalCurrentAssets": "431595000",
            "cashAndShortTermInvestments": "145094000",
            "totalCurrentLiabilities": "139349000",
            "currentDebt": "9623000",
            "netIncome": "-10468000",
            "capitalExpenditures": "4950000",
            "operatingCashflow": "8211000",
            "grossProfit": "11101000",
            "totalRevenue": "140159000",
            "sentiment": 0,
            "surprise": "0.1175",
            "closePrice": "18.9704940613659"
        },
        {
            "fiscalDateEnding": "2019-06-30",
            "totalCurrentAssets": "442807000",
            "cashAndShortTermInvestments": "143014000",
            "totalCurrentLiabilities": "146931000",
            "currentDebt": "9731000",
            "netIncome": "-19323000",
            "capitalExpenditures": "4871000",
            "operatingCashflow": "-9493000",
            "grossProfit": "1631000",
            "totalRevenue": "144217000",
            "sentiment": 0,
            "surprise": "0.01",
            "closePrice": "14.1601725101195"
        },
        {
            "fiscalDateEnding": "2019-03-31",
            "totalCurrentAssets": "444846000",
            "cashAndShortTermInvestments": "159521000",
            "totalCurrentLiabilities": "138089000",
            "currentDebt": "9742000",
            "netIncome": "-22643000",
            "capitalExpenditures": "3526000",
            "operatingCashflow": "4720000",
            "grossProfit": "-545000",
            "totalRevenue": "142556000",
            "sentiment": 0,
            "surprise": "-0.01",
            "closePrice": "15.2524290034115"
        },
        {
            "fiscalDateEnding": "2018-12-31",
            "totalCurrentAssets": "485239000",
            "cashAndShortTermInvestments": "164921000",
            "totalCurrentLiabilities": "160589000",
            "currentDebt": "9791000",
            "netIncome": "-56754000",
            "capitalExpenditures": "2495000",
            "operatingCashflow": "5230000",
            "grossProfit": "30319000",
            "totalRevenue": "170637000",
            "sentiment": 0,
            "surprise": "0.05",
            "closePrice": "17.3623319166177"
        },
        {
            "fiscalDateEnding": "2018-09-30",
            "totalCurrentAssets": "322286000",
            "cashAndShortTermInvestments": "170695000",
            "totalCurrentLiabilities": "89925000",
            "currentDebt": "4101000",
            "netIncome": "4803000",
            "capitalExpenditures": "612000",
            "operatingCashflow": "23292000",
            "grossProfit": "16667000",
            "totalRevenue": "85964000",
            "sentiment": 0,
            "surprise": "-0.08",
            "closePrice": "21.0299021226178"
        },
        {
            "fiscalDateEnding": "2018-06-30",
            "totalCurrentAssets": "316446000",
            "cashAndShortTermInvestments": "127008000",
            "totalCurrentLiabilities": "86548000",
            "currentDebt": "4345000",
            "netIncome": "11648000",
            "capitalExpenditures": "786000",
            "operatingCashflow": "15192000",
            "grossProfit": "26849000",
            "totalRevenue": "102817000",
            "sentiment": 0,
            "surprise": "0.17",
            "closePrice": "24.8020969356426"
        },
        {
            "fiscalDateEnding": "2018-03-31",
            "totalCurrentAssets": "297506000",
            "cashAndShortTermInvestments": "115136000",
            "totalCurrentLiabilities": "78151000",
            "currentDebt": "4584000",
            "netIncome": "8122000",
            "capitalExpenditures": "1074000",
            "operatingCashflow": "-9277000",
            "grossProfit": "19088000",
            "totalRevenue": "93550000",
            "sentiment": 0,
            "surprise": "0.03",
            "closePrice": "21.321355093699"
        },
        {
            "fiscalDateEnding": "2017-12-31",
            "totalCurrentAssets": "297438000",
            "cashAndShortTermInvestments": "155615000",
            "totalCurrentLiabilities": "85267000",
            "currentDebt": "4388000",
            "netIncome": "6895000",
            "capitalExpenditures": "1354000",
            "operatingCashflow": "16141000",
            "grossProfit": "34423000",
            "totalRevenue": "84090000",
            "sentiment": 0,
            "surprise": "-0.03",
            "closePrice": "22.2693143982607"
        },
        {
            "fiscalDateEnding": "2017-09-30",
            "totalCurrentAssets": "279571000",
            "cashAndShortTermInvestments": "138324000",
            "totalCurrentLiabilities": "77162000",
            "currentDebt": "4430000",
            "netIncome": "8755000",
            "capitalExpenditures": "2324000",
            "operatingCashflow": "8755000",
            "grossProfit": "36909000",
            "totalRevenue": "93451000",
            "sentiment": 0,
            "surprise": "0.04",
            "closePrice": "25.1925602206493"
        },
        {
            "fiscalDateEnding": "2017-06-30",
            "totalCurrentAssets": "276451000",
            "cashAndShortTermInvestments": "114282000",
            "totalCurrentLiabilities": "85621000",
            "currentDebt": "4581000",
            "netIncome": "10430000",
            "capitalExpenditures": "985000",
            "operatingCashflow": "37130000",
            "grossProfit": "37130000",
            "totalRevenue": "93866000",
            "sentiment": 0,
            "surprise": "0.09",
            "closePrice": "18.7476819517701"
        },
        {
            "fiscalDateEnding": "2017-03-31",
            "totalCurrentAssets": "253785000",
            "cashAndShortTermInvestments": "106205000",
            "totalCurrentLiabilities": "81502000",
            "currentDebt": "4368000",
            "netIncome": "6763000",
            "capitalExpenditures": "1430000",
            "operatingCashflow": "32256000",
            "grossProfit": "32256000",
            "totalRevenue": "81097000",
            "sentiment": 0,
            "surprise": "0.11",
            "closePrice": "20.4849291844803"
        },
        {
            "fiscalDateEnding": "2016-12-31",
            "totalCurrentAssets": "245149000",
            "cashAndShortTermInvestments": "128035000",
            "totalCurrentLiabilities": "68689000",
            "currentDebt": "None",
            "netIncome": "2089000",
            "capitalExpenditures": "655000",
            "operatingCashflow": "6001000",
            "grossProfit": "25527000",
            "totalRevenue": "70694000",
            "sentiment": 0,
            "surprise": "0.15",
            "closePrice": "13.0893817889301"
        },
        {
            "fiscalDateEnding": "2016-09-30",
            "totalCurrentAssets": "240833000",
            "cashAndShortTermInvestments": "128668000",
            "totalCurrentLiabilities": "63530000",
            "currentDebt": "None",
            "netIncome": "179000",
            "capitalExpenditures": "1030000",
            "operatingCashflow": "12585000",
            "grossProfit": "23280000",
            "totalRevenue": "68959000",
            "sentiment": 0,
            "surprise": "0.02",
            "closePrice": "10.3785180503707"
        },
        {
            "fiscalDateEnding": "2016-06-30",
            "totalCurrentAssets": "239585000",
            "cashAndShortTermInvestments": "117928000",
            "totalCurrentLiabilities": "64530000",
            "currentDebt": "None",
            "netIncome": "2462000",
            "capitalExpenditures": "872000",
            "operatingCashflow": "7421000",
            "grossProfit": "26739000",
            "totalRevenue": "76653000",
            "sentiment": 0,
            "surprise": "0.01",
            "closePrice": "10.5581204598767"
        },
        {
            "fiscalDateEnding": "2016-03-31",
            "totalCurrentAssets": "243032000",
            "cashAndShortTermInvestments": "114521000",
            "totalCurrentLiabilities": "72086000",
            "currentDebt": "None",
            "netIncome": "-1691000",
            "capitalExpenditures": "895000",
            "operatingCashflow": "-1459000",
            "grossProfit": "19282000",
            "totalRevenue": "65278000",
            "sentiment": 0,
            "surprise": "0.01",
            "closePrice": "10.7607634080404"
        },
        {
            "fiscalDateEnding": "2015-12-31",
            "totalCurrentAssets": "234463000",
            "cashAndShortTermInvestments": "117022000",
            "totalCurrentLiabilities": "63191000",
            "currentDebt": "None",
            "netIncome": "1949000",
            "capitalExpenditures": "2899000",
            "operatingCashflow": "-3080000",
            "grossProfit": "20397000",
            "totalRevenue": "63484000",
            "sentiment": 0,
            "surprise": "0.03",
            "closePrice": "10.5927907521539"
        },
        {
            "fiscalDateEnding": "2015-09-30",
            "totalCurrentAssets": "206695000",
            "cashAndShortTermInvestments": "90727000",
            "totalCurrentLiabilities": "63167000",
            "currentDebt": "None",
            "netIncome": "1113000",
            "capitalExpenditures": "1488000",
            "operatingCashflow": "20810000",
            "grossProfit": "22794000",
            "totalRevenue": "69012000",
            "sentiment": 0,
            "surprise": "0.08",
            "closePrice": "10.3732107060892"
        },
        {
            "fiscalDateEnding": "2015-06-30",
            "totalCurrentAssets": "208733000",
            "cashAndShortTermInvestments": "74041000",
            "totalCurrentLiabilities": "63760000",
            "currentDebt": "None",
            "netIncome": "-72000",
            "capitalExpenditures": "1128000",
            "operatingCashflow": "-465000",
            "grossProfit": "25702000",
            "totalRevenue": "74611000",
            "sentiment": 0,
            "surprise": "0.06",
            "closePrice": "11.1520562488525"
        },
        {
            "fiscalDateEnding": "2015-03-31",
            "totalCurrentAssets": "207945000",
            "cashAndShortTermInvestments": "69719000",
            "totalCurrentLiabilities": "66746000",
            "currentDebt": "None",
            "netIncome": "-2740000",
            "capitalExpenditures": "1071000",
            "operatingCashflow": "4215000",
            "grossProfit": "20145000",
            "totalRevenue": "68268000",
            "sentiment": 0,
            "surprise": "0.09",
            "closePrice": "9.68430810739658"
        },
        {
            "fiscalDateEnding": "2014-12-31",
            "totalCurrentAssets": "210411000",
            "cashAndShortTermInvestments": "72040000",
            "totalCurrentLiabilities": "68217000",
            "currentDebt": "None",
            "netIncome": "374000",
            "capitalExpenditures": "419000",
            "operatingCashflow": "14659000",
            "grossProfit": "28727000",
            "totalRevenue": "96168000",
            "sentiment": 0,
            "surprise": "0.22",
            "closePrice": "10.6339229958802"
        },
        {
            "fiscalDateEnding": "2014-09-30",
            "totalCurrentAssets": "221891000",
            "cashAndShortTermInvestments": "61733000",
            "totalCurrentLiabilities": "81277000",
            "currentDebt": "None",
            "netIncome": "7519000",
            "capitalExpenditures": "135000",
            "operatingCashflow": "6043000",
            "grossProfit": "32952000",
            "totalRevenue": "94441000",
            "sentiment": 0,
            "surprise": "0.16",
            "closePrice": "10.1756157293138"
        },
        {
            "fiscalDateEnding": "2014-06-30",
            "totalCurrentAssets": "203810000",
            "cashAndShortTermInvestments": "58169000",
            "totalCurrentLiabilities": "71108000",
            "currentDebt": "None",
            "netIncome": "4163000",
            "capitalExpenditures": "376000",
            "operatingCashflow": "7918000",
            "grossProfit": "24263000",
            "totalRevenue": "77850000",
            "sentiment": 0,
            "surprise": "0.05",
            "closePrice": "9.92657566929724"
        },
        {
            "fiscalDateEnding": "2014-03-31",
            "totalCurrentAssets": "186059000",
            "cashAndShortTermInvestments": "41118000",
            "totalCurrentLiabilities": "61574000",
            "currentDebt": "None",
            "netIncome": "-3348000",
            "capitalExpenditures": "730000",
            "operatingCashflow": "-8942000",
            "grossProfit": "20030000",
            "totalRevenue": "68417000",
            "sentiment": 0,
            "surprise": "0.06",
            "closePrice": "9.32972769944061"
        },
        {
            "fiscalDateEnding": "2013-12-31",
            "totalCurrentAssets": "186848000",
            "cashAndShortTermInvestments": "52868000",
            "totalCurrentLiabilities": "61011000",
            "currentDebt": "None",
            "netIncome": "-6450000",
            "capitalExpenditures": "1395000",
            "operatingCashflow": "1539000",
            "grossProfit": "17247000",
            "totalRevenue": "64670000",
            "sentiment": 0,
            "surprise": "0",
            "closePrice": "8.9324077543122"
        },
        {
            "fiscalDateEnding": "2013-09-30",
            "totalCurrentAssets": "183858000",
            "cashAndShortTermInvestments": "52857000",
            "totalCurrentLiabilities": "55157000",
            "currentDebt": "None",
            "netIncome": "-10820000",
            "capitalExpenditures": "1260000",
            "operatingCashflow": "454000",
            "grossProfit": "12684000",
            "totalRevenue": "59962000",
            "sentiment": 0,
            "surprise": "-0.25",
            "closePrice": "9.68035375617568"
        },
        {
            "fiscalDateEnding": "2013-06-30",
            "totalCurrentAssets": "195069000",
            "cashAndShortTermInvestments": "54229000",
            "totalCurrentLiabilities": "58426000",
            "currentDebt": "None",
            "netIncome": "-4045000",
            "capitalExpenditures": "1044000",
            "operatingCashflow": "7927000",
            "grossProfit": "19515000",
            "totalRevenue": "66652000",
            "sentiment": 0,
            "surprise": "0.02",
            "closePrice": "10.494230084161"
        },
        {
            "fiscalDateEnding": "2013-03-31",
            "totalCurrentAssets": "193193000",
            "cashAndShortTermInvestments": "48701000",
            "totalCurrentLiabilities": "54640000",
            "currentDebt": "None",
            "netIncome": "-12103000",
            "capitalExpenditures": "209000",
            "operatingCashflow": "-6503000",
            "grossProfit": "13942000",
            "totalRevenue": "56016000",
            "sentiment": 0,
            "surprise": "-0.1",
            "closePrice": "8.09549320849601"
        },
        {
            "fiscalDateEnding": "2012-12-31",
            "totalCurrentAssets": "221083000",
            "cashAndShortTermInvestments": "110229000",
            "totalCurrentLiabilities": "36380000",
            "currentDebt": "None",
            "netIncome": "-5161000",
            "capitalExpenditures": "851000",
            "operatingCashflow": "2382000",
            "grossProfit": "16649000",
            "totalRevenue": "50714000",
            "sentiment": 0,
            "surprise": "0",
            "closePrice": "9.34669332616906"
        },
        {
            "fiscalDateEnding": "2012-09-30",
            "totalCurrentAssets": "234389000",
            "cashAndShortTermInvestments": "110111000",
            "totalCurrentLiabilities": "47008000",
            "currentDebt": "None",
            "netIncome": "-1749000",
            "capitalExpenditures": "2027000",
            "operatingCashflow": "4941000",
            "grossProfit": "18126000",
            "totalRevenue": "57748000",
            "sentiment": 0,
            "surprise": "-0.03",
            "closePrice": "7.99100573235087"
        },
        {
            "fiscalDateEnding": "2012-06-30",
            "totalCurrentAssets": "234751000",
            "cashAndShortTermInvestments": "106622000",
            "totalCurrentLiabilities": "46432000",
            "currentDebt": "None",
            "netIncome": "-2109000",
            "capitalExpenditures": "332000",
            "operatingCashflow": "5171000",
            "grossProfit": "17664000",
            "totalRevenue": "59404000",
            "sentiment": 0,
            "surprise": "-0.02",
            "closePrice": "7.56481488708096"
        },
        {
            "fiscalDateEnding": "2012-03-31",
            "totalCurrentAssets": "237372000",
            "cashAndShortTermInvestments": "104263000",
            "totalCurrentLiabilities": "47334000",
            "currentDebt": "None",
            "netIncome": "-3224000",
            "capitalExpenditures": "957000",
            "operatingCashflow": "675000",
            "grossProfit": "15539000",
            "totalRevenue": "53296000",
            "sentiment": 0,
            "surprise": "-0.03",
            "closePrice": "9.87055323081234"
        },
        {
            "fiscalDateEnding": "2011-12-31",
            "totalCurrentAssets": "243816000",
            "cashAndShortTermInvestments": "105002000",
            "totalCurrentLiabilities": "51871000",
            "currentDebt": "None",
            "netIncome": "719000",
            "capitalExpenditures": "123000",
            "operatingCashflow": "5703000",
            "grossProfit": "21412000",
            "totalRevenue": "66559000",
            "sentiment": 0,
            "surprise": "-0.02",
            "closePrice": "11.9836614701679"
        },
        {
            "fiscalDateEnding": "2011-09-30",
            "totalCurrentAssets": "248510000",
            "cashAndShortTermInvestments": "101686000",
            "totalCurrentLiabilities": "59045000",
            "currentDebt": "None",
            "netIncome": "3376000",
            "capitalExpenditures": "858000",
            "operatingCashflow": "3855000",
            "grossProfit": "23355000",
            "totalRevenue": "71813000",
            "sentiment": 0,
            "surprise": "0.06",
            "closePrice": "9.37872869819845"
        }
    ]
}