{
    "COIN": [
        {
            "fiscalDateEnding": "2023-12-31",
            "totalCurrentAssets": "203466531000",
            "cashAndShortTermInvestments": "5152051000",
            "totalCurrentLiabilities": "197714131000",
            "currentDebt": "0",
            "netIncome": "273437000",
            "capitalExpenditures": "11031000",
            "operatingCashflow": "-5186000",
            "grossProfit": "519448000",
            "totalRevenue": "953795000",
            "sentiment": 0.19034744874657109,
            "surprise": "1.05",
            "closePrice": "165.67"
        },
        {
            "fiscalDateEnding": "2023-09-30",
            "totalCurrentAssets": "123919222000",
            "cashAndShortTermInvestments": "5113999000",
            "totalCurrentLiabilities": "118298786000",
            "currentDebt": "0",
            "netIncome": "-2265000",
            "capitalExpenditures": "21205000",
            "operatingCashflow": "313935000",
            "grossProfit": "331000000",
            "totalRevenue": "674148000",
            "sentiment": 0.17825368900719102,
            "surprise": "0.52",
            "closePrice": "84.6"
        },
        {
            "fiscalDateEnding": "2023-06-30",
            "totalCurrentAssets": "134261971000",
            "cashAndShortTermInvestments": "5179733000",
            "totalCurrentLiabilities": "128538752000",
            "currentDebt": "0",
            "netIncome": "-97405000",
            "capitalExpenditures": "15735000",
            "operatingCashflow": "151124000",
            "grossProfit": "344605000",
            "totalRevenue": "707911000",
            "sentiment": 0.1326826898515494,
            "surprise": "0.27",
            "closePrice": "90.75"
        },
        {
            "fiscalDateEnding": "2023-03-31",
            "totalCurrentAssets": "135843945000",
            "cashAndShortTermInvestments": "5029209000",
            "totalCurrentLiabilities": "130202823000",
            "currentDebt": "0",
            "netIncome": "-78896000",
            "capitalExpenditures": "15231000",
            "operatingCashflow": "463078000",
            "grossProfit": "283895000",
            "totalRevenue": "772529000",
            "sentiment": 0.0348453044150035,
            "surprise": "1.01",
            "closePrice": "49.22"
        },
        {
            "fiscalDateEnding": "2022-12-31",
            "totalCurrentAssets": "86448215000",
            "cashAndShortTermInvestments": "4436421000",
            "totalCurrentLiabilities": "80815293000",
            "currentDebt": "20519000",
            "netIncome": "-557001000",
            "capitalExpenditures": "12393000",
            "operatingCashflow": "-745436000",
            "grossProfit": "80362000",
            "totalRevenue": "629108000",
            "sentiment": 0.07636729042219571,
            "surprise": "0.07",
            "closePrice": "62.07"
        },
        {
            "fiscalDateEnding": "2022-09-30",
            "totalCurrentAssets": "107679967000",
            "cashAndShortTermInvestments": "5023884000",
            "totalCurrentLiabilities": "102073099000",
            "currentDebt": "512000",
            "netIncome": "-544635000",
            "capitalExpenditures": "15749000",
            "operatingCashflow": "-397495000",
            "grossProfit": "148826000",
            "totalRevenue": "590339000",
            "sentiment": 0.039249710368066994,
            "surprise": "-0.03",
            "closePrice": "55.8"
        },
        {
            "fiscalDateEnding": "2022-06-30",
            "totalCurrentAssets": "102162250000",
            "cashAndShortTermInvestments": "5701468000",
            "totalCurrentLiabilities": "96194296000",
            "currentDebt": "504000",
            "netIncome": "-1093654000",
            "capitalExpenditures": "25548000",
            "operatingCashflow": "-351132000",
            "grossProfit": "-248591000",
            "totalRevenue": "808325000",
            "sentiment": -0.025321631485931254,
            "surprise": "-2.11",
            "closePrice": "87.68"
        },
        {
            "fiscalDateEnding": "2022-03-31",
            "totalCurrentAssets": "16940652000",
            "cashAndShortTermInvestments": "6137488000",
            "totalCurrentLiabilities": "10921823000",
            "currentDebt": "149426000",
            "netIncome": "-429659000",
            "capitalExpenditures": "10281000",
            "operatingCashflow": "-91356000",
            "grossProfit": "297625000",
            "totalRevenue": "1166436000",
            "sentiment": -0.022648283022351137,
            "surprise": "-2.19",
            "closePrice": "72.99"
        },
        {
            "fiscalDateEnding": "2021-12-31",
            "totalCurrentAssets": "18373863000",
            "cashAndShortTermInvestments": "7134978000",
            "totalCurrentLiabilities": "11419035000",
            "currentDebt": "20060000",
            "netIncome": "840208000",
            "capitalExpenditures": "44648000",
            "operatingCashflow": "-3698539000",
            "grossProfit": "1843138000",
            "totalRevenue": "2498463000",
            "sentiment": 0,
            "surprise": "1.47",
            "closePrice": "179.56"
        },
        {
            "fiscalDateEnding": "2021-09-30",
            "totalCurrentAssets": "15869717000",
            "cashAndShortTermInvestments": "6363275000",
            "totalCurrentLiabilities": "9615159000",
            "currentDebt": "None",
            "netIncome": "406100000",
            "capitalExpenditures": "7113000",
            "operatingCashflow": "342047000",
            "grossProfit": "893171000",
            "totalRevenue": "1311908000",
            "sentiment": 0,
            "surprise": "0.05",
            "closePrice": "357.39"
        },
        {
            "fiscalDateEnding": "2021-06-30",
            "totalCurrentAssets": "14238055000",
            "cashAndShortTermInvestments": "4365982000",
            "totalCurrentLiabilities": "9677564000",
            "currentDebt": "None",
            "netIncome": "1606349000",
            "capitalExpenditures": "29616000",
            "operatingCashflow": "3982899000",
            "grossProfit": "1600934000",
            "totalRevenue": "2227962000",
            "sentiment": 0,
            "surprise": "1.12",
            "closePrice": "269.67"
        },
        {
            "fiscalDateEnding": "2021-03-31",
            "totalCurrentAssets": "8672543000",
            "cashAndShortTermInvestments": "1983318000",
            "totalCurrentLiabilities": "7256148000",
            "currentDebt": "None",
            "netIncome": "771463000",
            "capitalExpenditures": "4406000",
            "operatingCashflow": "3411765000",
            "grossProfit": "1554150000",
            "totalRevenue": "1801112000",
            "sentiment": 0,
            "surprise": "0",
            "closePrice": "265.1"
        }
    ]
}