{
    "COMP": [
        {
            "fiscalDateEnding": "2023-12-31",
            "totalCurrentAssets": "282000000",
            "cashAndShortTermInvestments": "166900000",
            "totalCurrentLiabilities": "292500000",
            "currentDebt": "None",
            "netIncome": "-83700000",
            "capitalExpenditures": "2300000",
            "operatingCashflow": "-38700000",
            "grossProfit": "-55700000",
            "totalRevenue": "1096400000",
            "sentiment": 0.22627426296140032,
            "surprise": "0.01",
            "closePrice": "3.42"
        },
        {
            "fiscalDateEnding": "2023-09-30",
            "totalCurrentAssets": "357800000",
            "cashAndShortTermInvestments": "220000000",
            "totalCurrentLiabilities": "337600000",
            "currentDebt": "None",
            "netIncome": "-39400000",
            "capitalExpenditures": "2800000",
            "operatingCashflow": "15000000",
            "grossProfit": "89900000",
            "totalRevenue": "1337400000",
            "sentiment": 0.0560887376453107,
            "surprise": "0",
            "closePrice": "2.12"
        },
        {
            "fiscalDateEnding": "2023-06-30",
            "totalCurrentAssets": "493900000",
            "cashAndShortTermInvestments": "335400000",
            "totalCurrentLiabilities": "510700000",
            "currentDebt": "None",
            "netIncome": "-47800000",
            "capitalExpenditures": "2600000",
            "operatingCashflow": "53300000",
            "grossProfit": "83500000",
            "totalRevenue": "1494000000",
            "sentiment": 0.17854267328593235,
            "surprise": "-0.05",
            "closePrice": "3.97"
        },
        {
            "fiscalDateEnding": "2023-03-31",
            "totalCurrentAssets": "533800000",
            "cashAndShortTermInvestments": "363600000",
            "totalCurrentLiabilities": "569900000",
            "currentDebt": "None",
            "netIncome": "-150400000",
            "capitalExpenditures": "3500000",
            "operatingCashflow": "-55500000",
            "grossProfit": "-18600000",
            "totalRevenue": "957200000",
            "sentiment": 0.2485454811850906,
            "surprise": "0.01",
            "closePrice": "2.8"
        },
        {
            "fiscalDateEnding": "2022-12-31",
            "totalCurrentAssets": "517900000",
            "cashAndShortTermInvestments": "361900000",
            "totalCurrentLiabilities": "517500000",
            "currentDebt": "None",
            "netIncome": "-158100000",
            "capitalExpenditures": "13200000",
            "operatingCashflow": "-117800000",
            "grossProfit": "-153000000",
            "totalRevenue": "1107200000",
            "sentiment": 0.05746332067380539,
            "surprise": "-0.03",
            "closePrice": "3.61"
        },
        {
            "fiscalDateEnding": "2022-09-30",
            "totalCurrentAssets": "541800000",
            "cashAndShortTermInvestments": "354900000",
            "totalCurrentLiabilities": "443900000",
            "currentDebt": "36500000",
            "netIncome": "-154200000",
            "capitalExpenditures": "15500000",
            "operatingCashflow": "-53600000",
            "grossProfit": "24600000",
            "totalRevenue": "1493700000",
            "sentiment": 0.04189610030703091,
            "surprise": "0.06",
            "closePrice": "2.43"
        },
        {
            "fiscalDateEnding": "2022-06-30",
            "totalCurrentAssets": "659800000",
            "cashAndShortTermInvestments": "430500000",
            "totalCurrentLiabilities": "448800000",
            "currentDebt": "30400000",
            "netIncome": "-101200000",
            "capitalExpenditures": "20600000",
            "operatingCashflow": "-9300000",
            "grossProfit": "112000000",
            "totalRevenue": "2020100000",
            "sentiment": -0.07677827073049111,
            "surprise": "-0.06",
            "closePrice": "4.68"
        },
        {
            "fiscalDateEnding": "2022-03-31",
            "totalCurrentAssets": "693900000",
            "cashAndShortTermInvestments": "475900000",
            "totalCurrentLiabilities": "403200000",
            "currentDebt": "18300000",
            "netIncome": "-188000000",
            "capitalExpenditures": "20800000",
            "operatingCashflow": "-111000000",
            "grossProfit": "30800000",
            "totalRevenue": "1397000000",
            "sentiment": 0.09205554803226781,
            "surprise": "0.03",
            "closePrice": "5.45"
        },
        {
            "fiscalDateEnding": "2021-12-31",
            "totalCurrentAssets": "794600000",
            "cashAndShortTermInvestments": "618300000",
            "totalCurrentLiabilities": "437100000",
            "currentDebt": "16200000",
            "netIncome": "-174800000",
            "capitalExpenditures": "16500000",
            "operatingCashflow": "-76900000",
            "grossProfit": "-66300000",
            "totalRevenue": "1612100000",
            "sentiment": 0,
            "surprise": "-0.12",
            "closePrice": "8.5"
        },
        {
            "fiscalDateEnding": "2021-09-30",
            "totalCurrentAssets": "980700000",
            "cashAndShortTermInvestments": "791400000",
            "totalCurrentLiabilities": "422900000",
            "currentDebt": "18700000",
            "netIncome": "-99800000",
            "capitalExpenditures": "13500000",
            "operatingCashflow": "4200000",
            "grossProfit": "83700000",
            "totalRevenue": "1743600000",
            "sentiment": 0,
            "surprise": "-0.02",
            "closePrice": "12.04"
        },
        {
            "fiscalDateEnding": "2021-06-30",
            "totalCurrentAssets": "998600000",
            "cashAndShortTermInvestments": "810700000",
            "totalCurrentLiabilities": "351400000",
            "currentDebt": "11100000",
            "netIncome": "-7100000",
            "capitalExpenditures": "10100000",
            "operatingCashflow": "91400000",
            "grossProfit": "159600000",
            "totalRevenue": "1951400000",
            "sentiment": 0,
            "surprise": "0.11",
            "closePrice": "15.28"
        },
        {
            "fiscalDateEnding": "2021-03-31",
            "totalCurrentAssets": "502200000",
            "cashAndShortTermInvestments": "329600000",
            "totalCurrentLiabilities": "306900000",
            "currentDebt": "10200000",
            "netIncome": "-212400000",
            "capitalExpenditures": "10000000",
            "operatingCashflow": "-47300000",
            "grossProfit": "-54500000",
            "totalRevenue": "1113900000",
            "sentiment": 0,
            "surprise": "-1.42",
            "closePrice": "14.45"
        }
    ]
}