{
    "CRCT": [
        {
            "fiscalDateEnding": "2023-12-31",
            "totalCurrentAssets": "619969000",
            "cashAndShortTermInvestments": "245139000",
            "totalCurrentLiabilities": "196464000",
            "currentDebt": "None",
            "netIncome": "11288000",
            "capitalExpenditures": "4775000",
            "operatingCashflow": "92071000",
            "grossProfit": "97038000",
            "totalRevenue": "231246000",
            "sentiment": 0.30890137814932633,
            "surprise": "0",
            "closePrice": "4.83"
        },
        {
            "fiscalDateEnding": "2023-09-30",
            "totalCurrentAssets": "585766000",
            "cashAndShortTermInvestments": "173627000",
            "totalCurrentLiabilities": "173965000",
            "currentDebt": "None",
            "netIncome": "17225000",
            "capitalExpenditures": "6117000",
            "operatingCashflow": "36414000",
            "grossProfit": "81934000",
            "totalRevenue": "174909000",
            "sentiment": 0.2452469207021031,
            "surprise": "0.01",
            "closePrice": "8.35"
        },
        {
            "fiscalDateEnding": "2023-06-30",
            "totalCurrentAssets": "763040000",
            "cashAndShortTermInvestments": "361485000",
            "totalCurrentLiabilities": "395197000",
            "currentDebt": "None",
            "netIncome": "16024000",
            "capitalExpenditures": "5084000",
            "operatingCashflow": "64443000",
            "grossProfit": "87655000",
            "totalRevenue": "177765000",
            "sentiment": 0.23245286349768882,
            "surprise": "0.01",
            "closePrice": "10.09"
        },
        {
            "fiscalDateEnding": "2023-03-31",
            "totalCurrentAssets": "707048000",
            "cashAndShortTermInvestments": "307332000",
            "totalCurrentLiabilities": "130482000",
            "currentDebt": "None",
            "netIncome": "9099000",
            "capitalExpenditures": "7741000",
            "operatingCashflow": "95169000",
            "grossProfit": "76666000",
            "totalRevenue": "181227000",
            "sentiment": 0.3392863220910273,
            "surprise": "-0.03",
            "closePrice": "9.28863636363636"
        },
        {
            "fiscalDateEnding": "2022-12-31",
            "totalCurrentAssets": "811262000",
            "cashAndShortTermInvestments": "299199000",
            "totalCurrentLiabilities": "254056000",
            "currentDebt": "None",
            "netIncome": "10891000",
            "capitalExpenditures": "6858000",
            "operatingCashflow": "117053000",
            "grossProfit": "83611000",
            "totalRevenue": "280760000",
            "sentiment": 0.03417945145634488,
            "surprise": "-0.01",
            "closePrice": "8.31818181818182"
        },
        {
            "fiscalDateEnding": "2022-09-30",
            "totalCurrentAssets": "803226000",
            "cashAndShortTermInvestments": "197959000",
            "totalCurrentLiabilities": "153995000",
            "currentDebt": "None",
            "netIncome": "12444000",
            "capitalExpenditures": "9138000",
            "operatingCashflow": "-12376000",
            "grossProfit": "81834000",
            "totalRevenue": "176996000",
            "sentiment": 0.04557812417021871,
            "surprise": "-0.01",
            "closePrice": "7.54920118343195"
        },
        {
            "fiscalDateEnding": "2022-06-30",
            "totalCurrentAssets": "825093000",
            "cashAndShortTermInvestments": "231318000",
            "totalCurrentLiabilities": "193100000",
            "currentDebt": "None",
            "netIncome": "13827000",
            "capitalExpenditures": "7968000",
            "operatingCashflow": "-2573000",
            "grossProfit": "85428000",
            "totalRevenue": "183757000",
            "sentiment": -0.1294133311496631,
            "surprise": "-0.03",
            "closePrice": "5.84483070348455"
        },
        {
            "fiscalDateEnding": "2022-03-31",
            "totalCurrentAssets": "879528000",
            "cashAndShortTermInvestments": "245699000",
            "totalCurrentLiabilities": "232716000",
            "currentDebt": "None",
            "netIncome": "23504000",
            "capitalExpenditures": "9807000",
            "operatingCashflow": "15579000",
            "grossProfit": "99020000",
            "totalRevenue": "244783000",
            "sentiment": -0.2913904079693325,
            "surprise": "0",
            "closePrice": "8.78955456936226"
        },
        {
            "fiscalDateEnding": "2021-12-31",
            "totalCurrentAssets": "928099000",
            "cashAndShortTermInvestments": "241597000",
            "totalCurrentLiabilities": "308367000",
            "currentDebt": "None",
            "netIncome": "11924000",
            "capitalExpenditures": "7447000",
            "operatingCashflow": "26844000",
            "grossProfit": "104822000",
            "totalRevenue": "387826000",
            "sentiment": 0,
            "surprise": "-0.17",
            "closePrice": "12.4392274819198"
        },
        {
            "fiscalDateEnding": "2021-09-30",
            "totalCurrentAssets": "922176000",
            "cashAndShortTermInvestments": "224003000",
            "totalCurrentLiabilities": "318576000",
            "currentDebt": "None",
            "netIncome": "30005000",
            "capitalExpenditures": "12215000",
            "operatingCashflow": "-77798000",
            "grossProfit": "102063000",
            "totalRevenue": "260086000",
            "sentiment": 0,
            "surprise": "-0.03",
            "closePrice": "25.7886423405654"
        },
        {
            "fiscalDateEnding": "2021-06-30",
            "totalCurrentAssets": "924948000",
            "cashAndShortTermInvestments": "314080000",
            "totalCurrentLiabilities": "353207000",
            "currentDebt": "None",
            "netIncome": "49126000",
            "capitalExpenditures": "8285000",
            "operatingCashflow": "-32032000",
            "grossProfit": "130295000",
            "totalRevenue": "334493000",
            "sentiment": 0,
            "surprise": "0.02",
            "closePrice": "30.7946729125575"
        },
        {
            "fiscalDateEnding": "2021-03-31",
            "totalCurrentAssets": "795829000",
            "cashAndShortTermInvestments": "337472000",
            "totalCurrentLiabilities": "294788000",
            "currentDebt": "None",
            "netIncome": "49418000",
            "capitalExpenditures": "7839000",
            "operatingCashflow": "-21963000",
            "grossProfit": "120270000",
            "totalRevenue": "323822000",
            "sentiment": 0,
            "surprise": "0.03",
            "closePrice": "17.8468113083498"
        }
    ]
}