{
    "CRDO": [
        {
            "fiscalDateEnding": "2024-01-27",
            "totalCurrentAssets": "511443000",
            "cashAndShortTermInvestments": "409134000",
            "totalCurrentLiabilities": "40197000",
            "currentDebt": "None",
            "netIncome": "428000",
            "capitalExpenditures": "5100000",
            "operatingCashflow": "-1036000",
            "grossProfit": "32558000",
            "totalRevenue": "57458000",
            "sentiment": 0.3902480559846913,
            "surprise": "0.01",
            "closePrice": "22.02"
        },
        {
            "fiscalDateEnding": "2023-10-28",
            "totalCurrentAssets": "328316000",
            "cashAndShortTermInvestments": "240512000",
            "totalCurrentLiabilities": "37235000",
            "currentDebt": "None",
            "netIncome": "-6623000",
            "capitalExpenditures": "2045000",
            "operatingCashflow": "5008000",
            "grossProfit": "26117000",
            "totalRevenue": "46935000",
            "sentiment": 0.1291922588060227,
            "surprise": "0.02",
            "closePrice": "19.25"
        },
        {
            "fiscalDateEnding": "2023-07-29",
            "totalCurrentAssets": "320650000",
            "cashAndShortTermInvestments": "237571000",
            "totalCurrentLiabilities": "31209000",
            "currentDebt": "None",
            "netIncome": "-11697000",
            "capitalExpenditures": "5312000",
            "operatingCashflow": "24608000",
            "grossProfit": "20790000",
            "totalRevenue": "37695000",
            "sentiment": 0.2477169253664428,
            "surprise": "0",
            "closePrice": "14.88"
        },
        {
            "fiscalDateEnding": "2023-04-29",
            "totalCurrentAssets": "328232000",
            "cashAndShortTermInvestments": "217811000",
            "totalCurrentLiabilities": "31032000",
            "currentDebt": "None",
            "netIncome": "-15937000",
            "capitalExpenditures": "3898000",
            "operatingCashflow": "-11839000",
            "grossProfit": "18585000",
            "totalRevenue": "36788000",
            "sentiment": 0.07786231600963409,
            "surprise": "0",
            "closePrice": "13.42"
        },
        {
            "fiscalDateEnding": "2023-01-28",
            "totalCurrentAssets": "350021000",
            "cashAndShortTermInvestments": "233011000",
            "totalCurrentLiabilities": "43382000",
            "currentDebt": "None",
            "netIncome": "2823000",
            "capitalExpenditures": "6890000",
            "operatingCashflow": "-2314000",
            "grossProfit": "31987000",
            "totalRevenue": "54270000",
            "sentiment": 0.2936323352898673,
            "surprise": "0.01",
            "closePrice": "10.58"
        },
        {
            "fiscalDateEnding": "2022-10-29",
            "totalCurrentAssets": "349807000",
            "cashAndShortTermInvestments": "240542000",
            "totalCurrentLiabilities": "49482000",
            "currentDebt": "None",
            "netIncome": "-3360000",
            "capitalExpenditures": "5667000",
            "operatingCashflow": "1757000",
            "grossProfit": "27959000",
            "totalRevenue": "51369000",
            "sentiment": 0.1746218463332384,
            "surprise": "-0.01",
            "closePrice": "13.93"
        },
        {
            "fiscalDateEnding": "2022-07-30",
            "totalCurrentAssets": "345993000",
            "cashAndShortTermInvestments": "243783000",
            "totalCurrentLiabilities": "42607000",
            "currentDebt": "None",
            "netIncome": "-73000",
            "capitalExpenditures": "5258000",
            "operatingCashflow": "-12219000",
            "grossProfit": "27663000",
            "totalRevenue": "46467000",
            "sentiment": 0.03922697542927607,
            "surprise": "0",
            "closePrice": "13.79"
        },
        {
            "fiscalDateEnding": "2022-04-30",
            "totalCurrentAssets": "332177000",
            "cashAndShortTermInvestments": "259322000",
            "totalCurrentLiabilities": "26497000",
            "currentDebt": "None",
            "netIncome": "-5355000",
            "capitalExpenditures": "9648000",
            "operatingCashflow": "2360000",
            "grossProfit": "23769000",
            "totalRevenue": "37526000",
            "sentiment": 0.09885445648709136,
            "surprise": "0.0162",
            "closePrice": "10.25"
        },
        {
            "fiscalDateEnding": "2022-01-31",
            "totalCurrentAssets": "301793000",
            "cashAndShortTermInvestments": "240529000",
            "totalCurrentLiabilities": "25840000",
            "currentDebt": "None",
            "netIncome": "-144000",
            "capitalExpenditures": "2947000",
            "operatingCashflow": "1727000",
            "grossProfit": "19112000",
            "totalRevenue": "31800000",
            "sentiment": 0,
            "surprise": "0.04",
            "closePrice": "16.44"
        }
    ]
}