{
    "CRSR": [
        {
            "fiscalDateEnding": "2023-12-31",
            "totalCurrentAssets": "711589000",
            "cashAndShortTermInvestments": "175620000",
            "totalCurrentLiabilities": "418487000",
            "currentDebt": "12190000",
            "netIncome": "6981000",
            "capitalExpenditures": "1977000",
            "operatingCashflow": "57093000",
            "grossProfit": "102674000",
            "totalRevenue": "417286000",
            "sentiment": 0.13032170303694174,
            "surprise": "-0.03",
            "closePrice": "12.82"
        },
        {
            "fiscalDateEnding": "2023-09-30",
            "totalCurrentAssets": "679373000",
            "cashAndShortTermInvestments": "144891000",
            "totalCurrentLiabilities": "394722000",
            "currentDebt": "12130000",
            "netIncome": "-3079000",
            "capitalExpenditures": "3327000",
            "operatingCashflow": "-11912000",
            "grossProfit": "89353000",
            "totalRevenue": "363193000",
            "sentiment": 0.15642741130359458,
            "surprise": "0",
            "closePrice": "12.74"
        },
        {
            "fiscalDateEnding": "2023-06-30",
            "totalCurrentAssets": "661680000",
            "cashAndShortTermInvestments": "181100000",
            "totalCurrentLiabilities": "365735000",
            "currentDebt": "10251000",
            "netIncome": "-4480000",
            "capitalExpenditures": "2780000",
            "operatingCashflow": "2146000",
            "grossProfit": "82832000",
            "totalRevenue": "325432000",
            "sentiment": 0.15716503921707334,
            "surprise": "0",
            "closePrice": "18.28"
        },
        {
            "fiscalDateEnding": "2023-03-31",
            "totalCurrentAssets": "632970000",
            "cashAndShortTermInvestments": "179147000",
            "totalCurrentLiabilities": "348892000",
            "currentDebt": "8372000",
            "netIncome": "-2012000",
            "capitalExpenditures": "4677000",
            "operatingCashflow": "41826000",
            "grossProfit": "85404000",
            "totalRevenue": "353964000",
            "sentiment": -0.053555500041947916,
            "surprise": "0.01",
            "closePrice": "17.5"
        },
        {
            "fiscalDateEnding": "2022-12-31",
            "totalCurrentAssets": "622793000",
            "cashAndShortTermInvestments": "151180000",
            "totalCurrentLiabilities": "342998000",
            "currentDebt": "6495000",
            "netIncome": "6709000",
            "capitalExpenditures": "6465000",
            "operatingCashflow": "21247000",
            "grossProfit": "97857000",
            "totalRevenue": "398730000",
            "sentiment": 0.18963968906726567,
            "surprise": "0.04",
            "closePrice": "15.12"
        },
        {
            "fiscalDateEnding": "2022-09-30",
            "totalCurrentAssets": "515421000",
            "cashAndShortTermInvestments": "57275000",
            "totalCurrentLiabilities": "325038000",
            "currentDebt": "4655000",
            "netIncome": "-6211000",
            "capitalExpenditures": "7929000",
            "operatingCashflow": "35091000",
            "grossProfit": "71560000",
            "totalRevenue": "311769000",
            "sentiment": 0.022797862978043166,
            "surprise": "0.06",
            "closePrice": "12.63"
        },
        {
            "fiscalDateEnding": "2022-06-30",
            "totalCurrentAssets": "554697000",
            "cashAndShortTermInvestments": "35851000",
            "totalCurrentLiabilities": "356533000",
            "currentDebt": "4707000",
            "netIncome": "-52013000",
            "capitalExpenditures": "7556000",
            "operatingCashflow": "16157000",
            "grossProfit": "36459000",
            "totalRevenue": "283908000",
            "sentiment": -0.005547709188986863,
            "surprise": "-0.19",
            "closePrice": "15.48"
        },
        {
            "fiscalDateEnding": "2022-03-31",
            "totalCurrentAssets": "626526000",
            "cashAndShortTermInvestments": "29049000",
            "totalCurrentLiabilities": "384764000",
            "currentDebt": "4754000",
            "netIncome": "-2873000",
            "capitalExpenditures": "4365000",
            "operatingCashflow": "-6106000",
            "grossProfit": "90756000",
            "totalRevenue": "380691000",
            "sentiment": 0.09104124478560649,
            "surprise": "-0.1",
            "closePrice": "15.54"
        },
        {
            "fiscalDateEnding": "2021-12-31",
            "totalCurrentAssets": "705775000",
            "cashAndShortTermInvestments": "62415000",
            "totalCurrentLiabilities": "446747000",
            "currentDebt": "4753000",
            "netIncome": "24715000",
            "capitalExpenditures": "3297000",
            "operatingCashflow": "-4869000",
            "grossProfit": "121813000",
            "totalRevenue": "510622000",
            "sentiment": 0,
            "surprise": "0.1",
            "closePrice": "20.42"
        },
        {
            "fiscalDateEnding": "2021-09-30",
            "totalCurrentAssets": "708124000",
            "cashAndShortTermInvestments": "71922000",
            "totalCurrentLiabilities": "475551000",
            "currentDebt": "4751000",
            "netIncome": "1777000",
            "capitalExpenditures": "2783000",
            "operatingCashflow": "-34336000",
            "grossProfit": "101362000",
            "totalRevenue": "391121000",
            "sentiment": 0,
            "surprise": "-0.06",
            "closePrice": "25.08"
        },
        {
            "fiscalDateEnding": "2021-06-30",
            "totalCurrentAssets": "731973000",
            "cashAndShortTermInvestments": "134572000",
            "totalCurrentLiabilities": "494029000",
            "currentDebt": "None",
            "netIncome": "27745000",
            "capitalExpenditures": "2858000",
            "operatingCashflow": "31629000",
            "grossProfit": "130351000",
            "totalRevenue": "472903000",
            "sentiment": 0,
            "surprise": "-0.03",
            "closePrice": "27.13"
        },
        {
            "fiscalDateEnding": "2021-03-31",
            "totalCurrentAssets": "711644000",
            "cashAndShortTermInvestments": "121622000",
            "totalCurrentLiabilities": "499270000",
            "currentDebt": "None",
            "netIncome": "46723000",
            "capitalExpenditures": "2036000",
            "operatingCashflow": "27768000",
            "grossProfit": "160328000",
            "totalRevenue": "529414000",
            "sentiment": 0,
            "surprise": "0.25",
            "closePrice": "32.59"
        },
        {
            "fiscalDateEnding": "2020-12-31",
            "totalCurrentAssets": "690971000",
            "cashAndShortTermInvestments": "129543000",
            "totalCurrentLiabilities": "505381000",
            "currentDebt": "None",
            "netIncome": "43043000",
            "capitalExpenditures": "3917000",
            "operatingCashflow": "68629000",
            "grossProfit": "153799000",
            "totalRevenue": "556339000",
            "sentiment": 0,
            "surprise": "0.07",
            "closePrice": "44.7"
        },
        {
            "fiscalDateEnding": "2020-09-30",
            "totalCurrentAssets": "627618000",
            "cashAndShortTermInvestments": "116185000",
            "totalCurrentLiabilities": "444357000",
            "currentDebt": "None",
            "netIncome": "36357000",
            "capitalExpenditures": "2066000",
            "operatingCashflow": "24716000",
            "grossProfit": "127944000",
            "totalRevenue": "457103000",
            "sentiment": 0,
            "surprise": "0.26",
            "closePrice": "27.99"
        }
    ]
}