{
    "CRUS": [
        {
            "fiscalDateEnding": "2023-12-31",
            "totalCurrentAssets": "1185385000",
            "cashAndShortTermInvestments": "483931000",
            "totalCurrentLiabilities": "178594000",
            "currentDebt": "None",
            "netIncome": "138723000",
            "capitalExpenditures": "9813000",
            "operatingCashflow": "313692000",
            "grossProfit": "317464000",
            "totalRevenue": "618749000",
            "sentiment": 0.3610956978766215,
            "surprise": "0.88",
            "closePrice": "78.42"
        },
        {
            "fiscalDateEnding": "2023-09-23",
            "totalCurrentAssets": "1096871000",
            "cashAndShortTermInvestments": "277805000",
            "totalCurrentLiabilities": "201190000",
            "currentDebt": "None",
            "netIncome": "75407000",
            "capitalExpenditures": "8527000",
            "operatingCashflow": "-22731000",
            "grossProfit": "246596000",
            "totalRevenue": "480820000",
            "sentiment": 0.3255055860705966,
            "surprise": "0.26",
            "closePrice": "70.37"
        },
        {
            "fiscalDateEnding": "2023-06-30",
            "totalCurrentAssets": "1048668000",
            "cashAndShortTermInvestments": "352346000",
            "totalCurrentLiabilities": "202854000",
            "currentDebt": "None",
            "netIncome": "15600000",
            "capitalExpenditures": "12310000",
            "operatingCashflow": "-39813000",
            "grossProfit": "159387000",
            "totalRevenue": "316792000",
            "sentiment": 0.06497158167212055,
            "surprise": "0.26",
            "closePrice": "79.86"
        },
        {
            "fiscalDateEnding": "2023-03-31",
            "totalCurrentAssets": "1017856000",
            "cashAndShortTermInvestments": "445784000",
            "totalCurrentLiabilities": "216340000",
            "currentDebt": "None",
            "netIncome": "-53669000",
            "capitalExpenditures": "11635000",
            "operatingCashflow": "48266000",
            "grossProfit": "186354000",
            "totalRevenue": "372718000",
            "sentiment": 0.3335843281410039,
            "surprise": "0.08",
            "closePrice": "82.33"
        },
        {
            "fiscalDateEnding": "2022-12-31",
            "totalCurrentAssets": "1013485000",
            "cashAndShortTermInvestments": "434544000",
            "totalCurrentLiabilities": "228549000",
            "currentDebt": "None",
            "netIncome": "103477000",
            "capitalExpenditures": "7608000",
            "operatingCashflow": "180948000",
            "grossProfit": "296705000",
            "totalRevenue": "590364000",
            "sentiment": 0.2073514219485848,
            "surprise": "0.41",
            "closePrice": "94.89"
        },
        {
            "fiscalDateEnding": "2022-09-30",
            "totalCurrentAssets": "956567000",
            "cashAndShortTermInvestments": "355043000",
            "totalCurrentLiabilities": "282365000",
            "currentDebt": "None",
            "netIncome": "87188000",
            "capitalExpenditures": "10247000",
            "operatingCashflow": "35989000",
            "grossProfit": "271286000",
            "totalRevenue": "540331000",
            "sentiment": 0.3329337946622345,
            "surprise": "0.55",
            "closePrice": "67.85"
        },
        {
            "fiscalDateEnding": "2022-06-30",
            "totalCurrentAssets": "861008000",
            "cashAndShortTermInvestments": "397732000",
            "totalCurrentLiabilities": "252596000",
            "currentDebt": "None",
            "netIncome": "39707000",
            "capitalExpenditures": "7224000",
            "operatingCashflow": "74365000",
            "grossProfit": "202634000",
            "totalRevenue": "393129000",
            "sentiment": 0.07040847191646206,
            "surprise": "0.29",
            "closePrice": "84.04"
        },
        {
            "fiscalDateEnding": "2022-03-31",
            "totalCurrentAssets": "840015000",
            "cashAndShortTermInvestments": "380415000",
            "totalCurrentLiabilities": "264783000",
            "currentDebt": "None",
            "netIncome": "96414000",
            "capitalExpenditures": "8456000",
            "operatingCashflow": "258231000",
            "grossProfit": "258729000",
            "totalRevenue": "491157000",
            "sentiment": 0.10333893435585781,
            "surprise": "0.61",
            "closePrice": "79.21"
        },
        {
            "fiscalDateEnding": "2021-12-31",
            "totalCurrentAssets": "763521000",
            "cashAndShortTermInvestments": "198840000",
            "totalCurrentLiabilities": "239514000",
            "currentDebt": "None",
            "netIncome": "127636000",
            "capitalExpenditures": "3724000",
            "operatingCashflow": "-135855000",
            "grossProfit": "289522000",
            "totalRevenue": "548131000",
            "sentiment": 0,
            "surprise": "0.4",
            "closePrice": "89.44"
        },
        {
            "fiscalDateEnding": "2021-09-30",
            "totalCurrentAssets": "949056000",
            "cashAndShortTermInvestments": "394893000",
            "totalCurrentLiabilities": "500381000",
            "currentDebt": "None",
            "netIncome": "85096000",
            "capitalExpenditures": "5927000",
            "operatingCashflow": "29173000",
            "grossProfit": "235444000",
            "totalRevenue": "465633000",
            "sentiment": 0,
            "surprise": "0.19",
            "closePrice": "82.75"
        },
        {
            "fiscalDateEnding": "2021-06-30",
            "totalCurrentAssets": "839344000",
            "cashAndShortTermInvestments": "445630000",
            "totalCurrentLiabilities": "186501000",
            "currentDebt": "None",
            "netIncome": "17209000",
            "capitalExpenditures": "11903000",
            "operatingCashflow": "-26796000",
            "grossProfit": "139946000",
            "totalRevenue": "276994000",
            "sentiment": 0,
            "surprise": "0.14",
            "closePrice": "84.32"
        },
        {
            "fiscalDateEnding": "2021-03-31",
            "totalCurrentAssets": "842519000",
            "cashAndShortTermInvestments": "497861000",
            "totalCurrentLiabilities": "213610000",
            "currentDebt": "None",
            "netIncome": "25281000",
            "capitalExpenditures": "7431000",
            "operatingCashflow": "172503000",
            "grossProfit": "148119000",
            "totalRevenue": "293537000",
            "sentiment": 0,
            "surprise": "-0.05",
            "closePrice": "86.24"
        },
        {
            "fiscalDateEnding": "2020-12-31",
            "totalCurrentAssets": "803544000",
            "cashAndShortTermInvestments": "370583000",
            "totalCurrentLiabilities": "184855000",
            "currentDebt": "None",
            "netIncome": "114368000",
            "capitalExpenditures": "4888000",
            "operatingCashflow": "134304000",
            "grossProfit": "251500000",
            "totalRevenue": "485536000",
            "sentiment": 0,
            "surprise": "0.27",
            "closePrice": "97.86"
        },
        {
            "fiscalDateEnding": "2020-09-30",
            "totalCurrentAssets": "709231000",
            "cashAndShortTermInvestments": "284177000",
            "totalCurrentLiabilities": "178043000",
            "currentDebt": "None",
            "netIncome": "59486000",
            "capitalExpenditures": "6025000",
            "operatingCashflow": "41636000",
            "grossProfit": "180210000",
            "totalRevenue": "347045000",
            "sentiment": 0,
            "surprise": "0.36",
            "closePrice": "66.63"
        },
        {
            "fiscalDateEnding": "2020-06-30",
            "totalCurrentAssets": "689967000",
            "cashAndShortTermInvestments": "315865000",
            "totalCurrentLiabilities": "163044000",
            "currentDebt": "None",
            "netIncome": "18209000",
            "capitalExpenditures": "2131000",
            "operatingCashflow": "502000",
            "grossProfit": "127472000",
            "totalRevenue": "242314000",
            "sentiment": 0,
            "surprise": "0.23",
            "closePrice": "74.49"
        },
        {
            "fiscalDateEnding": "2020-03-31",
            "totalCurrentAssets": "650196000",
            "cashAndShortTermInvestments": "314127000",
            "totalCurrentLiabilities": "158637000",
            "currentDebt": "13580000",
            "netIncome": "10158000",
            "capitalExpenditures": "3421000",
            "operatingCashflow": "49268000",
            "grossProfit": "146235000",
            "totalRevenue": "279291000",
            "sentiment": 0,
            "surprise": "0.18",
            "closePrice": "72.07"
        },
        {
            "fiscalDateEnding": "2019-12-31",
            "totalCurrentAssets": "714601000",
            "cashAndShortTermInvestments": "355399000",
            "totalCurrentLiabilities": "178311000",
            "currentDebt": "13863000",
            "netIncome": "68512000",
            "capitalExpenditures": "4092000",
            "operatingCashflow": "128712000",
            "grossProfit": "197505000",
            "totalRevenue": "374409000",
            "sentiment": 0,
            "surprise": "0.27",
            "closePrice": "81.61"
        },
        {
            "fiscalDateEnding": "2019-09-30",
            "totalCurrentAssets": "652020000",
            "cashAndShortTermInvestments": "244500000",
            "totalCurrentLiabilities": "192796000",
            "currentDebt": "13751000",
            "netIncome": "76210000",
            "capitalExpenditures": "5946000",
            "operatingCashflow": "60848000",
            "grossProfit": "207933000",
            "totalRevenue": "388632000",
            "sentiment": 0,
            "surprise": "0.61",
            "closePrice": "58.49"
        },
        {
            "fiscalDateEnding": "2019-06-30",
            "totalCurrentAssets": "564075000",
            "cashAndShortTermInvestments": "250427000",
            "totalCurrentLiabilities": "131206000",
            "currentDebt": "14517000",
            "netIncome": "4618000",
            "capitalExpenditures": "8117000",
            "operatingCashflow": "56987000",
            "grossProfit": "122494000",
            "totalRevenue": "237992000",
            "sentiment": 0,
            "surprise": "0.2",
            "closePrice": "49.05"
        },
        {
            "fiscalDateEnding": "2019-03-31",
            "totalCurrentAssets": "624983000",
            "cashAndShortTermInvestments": "286355000",
            "totalCurrentLiabilities": "115540000",
            "currentDebt": "None",
            "netIncome": "6157000",
            "capitalExpenditures": "9637000",
            "operatingCashflow": "9558000",
            "grossProfit": "124639000",
            "totalRevenue": "240441000",
            "sentiment": 0,
            "surprise": "0.25",
            "closePrice": "48.1"
        },
        {
            "fiscalDateEnding": "2018-12-31",
            "totalCurrentAssets": "640277000",
            "cashAndShortTermInvestments": "279112000",
            "totalCurrentLiabilities": "169763000",
            "currentDebt": "None",
            "netIncome": "29933000",
            "capitalExpenditures": "5031000",
            "operatingCashflow": "118186000",
            "grossProfit": "163180000",
            "totalRevenue": "324036000",
            "sentiment": 0,
            "surprise": "0.11",
            "closePrice": "38.44"
        },
        {
            "fiscalDateEnding": "2018-09-30",
            "totalCurrentAssets": "642572000",
            "cashAndShortTermInvestments": "244558000",
            "totalCurrentLiabilities": "155902000",
            "currentDebt": "None",
            "netIncome": "58173000",
            "capitalExpenditures": "8535000",
            "operatingCashflow": "74261000",
            "grossProfit": "185119000",
            "totalRevenue": "366025000",
            "sentiment": 0,
            "surprise": "0.34",
            "closePrice": "40.25"
        },
        {
            "fiscalDateEnding": "2018-06-30",
            "totalCurrentAssets": "575121000",
            "cashAndShortTermInvestments": "226336000",
            "totalCurrentLiabilities": "118644000",
            "currentDebt": "None",
            "netIncome": "-4272000",
            "capitalExpenditures": "12555000",
            "operatingCashflow": "4689000",
            "grossProfit": "124559000",
            "totalRevenue": "253910000",
            "sentiment": 0,
            "surprise": "0.21",
            "closePrice": "43.18"
        },
        {
            "fiscalDateEnding": "2018-03-31",
            "totalCurrentAssets": "613674000",
            "cashAndShortTermInvestments": "262001000",
            "totalCurrentLiabilities": "140209000",
            "currentDebt": "None",
            "netIncome": "12004000",
            "capitalExpenditures": "22617000",
            "operatingCashflow": "105688000",
            "grossProfit": "152630000",
            "totalRevenue": "303173000",
            "sentiment": 0,
            "surprise": "-0.07",
            "closePrice": "38.34"
        },
        {
            "fiscalDateEnding": "2017-12-31",
            "totalCurrentAssets": "679493000",
            "cashAndShortTermInvestments": "239462000",
            "totalCurrentLiabilities": "175720000",
            "currentDebt": "None",
            "netIncome": "33779000",
            "capitalExpenditures": "14296000",
            "operatingCashflow": "132314000",
            "grossProfit": "235088000",
            "totalRevenue": "482462000",
            "sentiment": 0,
            "surprise": "-0.19",
            "closePrice": "44.89"
        },
        {
            "fiscalDateEnding": "2017-09-23",
            "totalCurrentAssets": "670000000",
            "cashAndShortTermInvestments": "195644000",
            "totalCurrentLiabilities": "191190000",
            "currentDebt": "None",
            "netIncome": "73300000",
            "capitalExpenditures": "16079000",
            "operatingCashflow": "84525000",
            "grossProfit": "211282000",
            "totalRevenue": "425257000",
            "sentiment": 0,
            "surprise": "0.15",
            "closePrice": "56.66"
        },
        {
            "fiscalDateEnding": "2017-06-30",
            "totalCurrentAssets": "578506000",
            "cashAndShortTermInvestments": "175298000",
            "totalCurrentLiabilities": "145875000",
            "currentDebt": "None",
            "netIncome": "42912000",
            "capitalExpenditures": "31511000",
            "operatingCashflow": "-3816000",
            "grossProfit": "161716000",
            "totalRevenue": "320248000",
            "sentiment": 0,
            "surprise": "0.15",
            "closePrice": "63.37"
        },
        {
            "fiscalDateEnding": "2017-03-31",
            "totalCurrentAssets": "775928000",
            "cashAndShortTermInvestments": "450979000",
            "totalCurrentLiabilities": "144075000",
            "currentDebt": "None",
            "netIncome": "35058000",
            "capitalExpenditures": "15996000",
            "operatingCashflow": "-114262000",
            "grossProfit": "164279000",
            "totalRevenue": "327864000",
            "sentiment": 0,
            "surprise": "0.15",
            "closePrice": "64.42"
        },
        {
            "fiscalDateEnding": "2016-12-31",
            "totalCurrentAssets": "825222000",
            "cashAndShortTermInvestments": "382717000",
            "totalCurrentLiabilities": "212739000",
            "currentDebt": "None",
            "netIncome": "122041000",
            "capitalExpenditures": "11438000",
            "operatingCashflow": "122041000",
            "grossProfit": "255152000",
            "totalRevenue": "522264000",
            "sentiment": 0,
            "surprise": "0.24",
            "closePrice": "63.96"
        },
        {
            "fiscalDateEnding": "2016-09-30",
            "totalCurrentAssets": "695952000",
            "cashAndShortTermInvestments": "229351000",
            "totalCurrentLiabilities": "190109000",
            "currentDebt": "None",
            "netIncome": "86039000",
            "capitalExpenditures": "13330000",
            "operatingCashflow": "78065000",
            "grossProfit": "211699000",
            "totalRevenue": "427320000",
            "sentiment": 0,
            "surprise": "0.3",
            "closePrice": "51.79"
        },
        {
            "fiscalDateEnding": "2016-06-30",
            "totalCurrentAssets": "573723000",
            "cashAndShortTermInvestments": "234681000",
            "totalCurrentLiabilities": "158060000",
            "currentDebt": "None",
            "netIncome": "18071000",
            "capitalExpenditures": "10532000",
            "operatingCashflow": "24093000",
            "grossProfit": "126685000",
            "totalRevenue": "258377000",
            "sentiment": 0,
            "surprise": "0.16",
            "closePrice": "41.77"
        },
        {
            "fiscalDateEnding": "2016-03-31",
            "totalCurrentAssets": "506129000",
            "cashAndShortTermInvestments": "229375000",
            "totalCurrentLiabilities": "128124000",
            "currentDebt": "None",
            "netIncome": "14012000",
            "capitalExpenditures": "8387000",
            "operatingCashflow": "-83474000",
            "grossProfit": "115254000",
            "totalRevenue": "231999000",
            "sentiment": 0,
            "surprise": "0.17",
            "closePrice": "33.91"
        },
        {
            "fiscalDateEnding": "2015-12-31",
            "totalCurrentAssets": "549583000",
            "cashAndShortTermInvestments": "226720000",
            "totalCurrentLiabilities": "177384000",
            "currentDebt": "None",
            "netIncome": "41384000",
            "capitalExpenditures": "12827000",
            "operatingCashflow": "41384000",
            "grossProfit": "164911000",
            "totalRevenue": "347107000",
            "sentiment": 0,
            "surprise": "0.01",
            "closePrice": "27.96"
        },
        {
            "fiscalDateEnding": "2015-09-30",
            "totalCurrentAssets": "515914000",
            "cashAndShortTermInvestments": "142793000",
            "totalCurrentLiabilities": "187942000",
            "currentDebt": "None",
            "netIncome": "34880000",
            "capitalExpenditures": "12457000",
            "operatingCashflow": "34880000",
            "grossProfit": "142221000",
            "totalRevenue": "305940000",
            "sentiment": 0,
            "surprise": "0.06",
            "closePrice": "31.62"
        },
        {
            "fiscalDateEnding": "2015-06-30",
            "totalCurrentAssets": "508048000",
            "cashAndShortTermInvestments": "222757000",
            "totalCurrentLiabilities": "203122000",
            "currentDebt": "None",
            "netIncome": "33354000",
            "capitalExpenditures": "12417000",
            "operatingCashflow": "73423000",
            "grossProfit": "132454000",
            "totalRevenue": "281585000",
            "sentiment": 0,
            "surprise": "0.11",
            "closePrice": "30.71"
        },
        {
            "fiscalDateEnding": "2015-03-31",
            "totalCurrentAssets": "451913000",
            "cashAndShortTermInvestments": "200647000",
            "totalCurrentLiabilities": "176578000",
            "currentDebt": "None",
            "netIncome": "21349000",
            "capitalExpenditures": "15425000",
            "operatingCashflow": "118975000",
            "grossProfit": "118975000",
            "totalRevenue": "255183000",
            "sentiment": 0,
            "surprise": "0.19",
            "closePrice": "35.13"
        },
        {
            "fiscalDateEnding": "2014-12-31",
            "totalCurrentAssets": "436174000",
            "cashAndShortTermInvestments": "172668000",
            "totalCurrentLiabilities": "130178000",
            "currentDebt": "None",
            "netIncome": "22729000",
            "capitalExpenditures": "9544000",
            "operatingCashflow": "22729000",
            "grossProfit": "130831000",
            "totalRevenue": "297475000",
            "sentiment": 0,
            "surprise": "0.21",
            "closePrice": "27.55"
        },
        {
            "fiscalDateEnding": "2014-09-30",
            "totalCurrentAssets": "426864000",
            "cashAndShortTermInvestments": "134010000",
            "totalCurrentLiabilities": "139419000",
            "currentDebt": "None",
            "netIncome": "852000",
            "capitalExpenditures": "8343000",
            "operatingCashflow": "852000",
            "grossProfit": "100567000",
            "totalRevenue": "207408000",
            "sentiment": 0,
            "surprise": "0.14",
            "closePrice": "21.89"
        },
        {
            "fiscalDateEnding": "2014-06-30",
            "totalCurrentAssets": "573353000",
            "cashAndShortTermInvestments": "343742000",
            "totalCurrentLiabilities": "108771000",
            "currentDebt": "None",
            "netIncome": "10248000",
            "capitalExpenditures": "3386000",
            "operatingCashflow": "26192000",
            "grossProfit": "75375000",
            "totalRevenue": "151578000",
            "sentiment": 0,
            "surprise": "0.07",
            "closePrice": "23.97"
        },
        {
            "fiscalDateEnding": "2014-03-31",
            "totalCurrentAssets": "475333000",
            "cashAndShortTermInvestments": "295267000",
            "totalCurrentLiabilities": "82523000",
            "currentDebt": "None",
            "netIncome": "12602000",
            "capitalExpenditures": "4569000",
            "operatingCashflow": "73368000",
            "grossProfit": "73368000",
            "totalRevenue": "149659000",
            "sentiment": 0,
            "surprise": "0.09",
            "closePrice": "20.63"
        },
        {
            "fiscalDateEnding": "2013-12-31",
            "totalCurrentAssets": "528819000",
            "cashAndShortTermInvestments": "290482000",
            "totalCurrentLiabilities": "92309000",
            "currentDebt": "None",
            "netIncome": "41500000",
            "capitalExpenditures": "4552000",
            "operatingCashflow": "71924000",
            "grossProfit": "103849000",
            "totalRevenue": "218883000",
            "sentiment": 0,
            "surprise": "0.12",
            "closePrice": "18.74"
        },
        {
            "fiscalDateEnding": "2013-09-30",
            "totalCurrentAssets": "519572000",
            "cashAndShortTermInvestments": "268309000",
            "totalCurrentLiabilities": "84933000",
            "currentDebt": "None",
            "netIncome": "33367000",
            "capitalExpenditures": "7011000",
            "operatingCashflow": "54389000",
            "grossProfit": "99448000",
            "totalRevenue": "190671000",
            "sentiment": 0,
            "surprise": "0.24",
            "closePrice": "24.42"
        },
        {
            "fiscalDateEnding": "2013-06-30",
            "totalCurrentAssets": "482560000",
            "cashAndShortTermInvestments": "232710000",
            "totalCurrentLiabilities": "74768000",
            "currentDebt": "None",
            "netIncome": "20642000",
            "capitalExpenditures": "1222000",
            "operatingCashflow": "36712000",
            "grossProfit": "79498000",
            "totalRevenue": "155125000",
            "sentiment": 0,
            "surprise": "0.07",
            "closePrice": "20.32"
        },
        {
            "fiscalDateEnding": "2013-03-31",
            "totalCurrentAssets": "444534000",
            "cashAndShortTermInvestments": "171637000",
            "totalCurrentLiabilities": "93079000",
            "currentDebt": "None",
            "netIncome": "26360000",
            "capitalExpenditures": "1497000",
            "operatingCashflow": "130447000",
            "grossProfit": "83614000",
            "totalRevenue": "206873000",
            "sentiment": 0,
            "surprise": "0.01",
            "closePrice": "19.62"
        },
        {
            "fiscalDateEnding": "2012-12-31",
            "totalCurrentAssets": "528790000",
            "cashAndShortTermInvestments": "148169000",
            "totalCurrentLiabilities": "128816000",
            "currentDebt": "None",
            "netIncome": "67862000",
            "capitalExpenditures": "19980000",
            "operatingCashflow": "79190000",
            "grossProfit": "158050000",
            "totalRevenue": "310380000",
            "sentiment": 0,
            "surprise": "0.23",
            "closePrice": "26.71"
        },
        {
            "fiscalDateEnding": "2012-09-30",
            "totalCurrentAssets": "483317000",
            "cashAndShortTermInvestments": "134577000",
            "totalCurrentLiabilities": "139758000",
            "currentDebt": "None",
            "netIncome": "35449000",
            "capitalExpenditures": "14099000",
            "operatingCashflow": "-48226000",
            "grossProfit": "100087000",
            "totalRevenue": "193774000",
            "sentiment": 0,
            "surprise": "0.08",
            "closePrice": "40.78"
        },
        {
            "fiscalDateEnding": "2012-06-30",
            "totalCurrentAssets": "380436000",
            "cashAndShortTermInvestments": "166671000",
            "totalCurrentLiabilities": "103119000",
            "currentDebt": "None",
            "netIncome": "6927000",
            "capitalExpenditures": "17326000",
            "operatingCashflow": "-587000",
            "grossProfit": "53440000",
            "totalRevenue": "99006000",
            "sentiment": 0,
            "surprise": "0.01",
            "closePrice": "29.84"
        },
        {
            "fiscalDateEnding": "2012-03-31",
            "totalCurrentAssets": "351587000",
            "cashAndShortTermInvestments": "181874000",
            "totalCurrentLiabilities": "72985000",
            "currentDebt": "None",
            "netIncome": "50827000",
            "capitalExpenditures": "10281000",
            "operatingCashflow": "31284000",
            "grossProfit": "62347000",
            "totalRevenue": "110631000",
            "sentiment": 0,
            "surprise": "0.02",
            "closePrice": "23.09"
        },
        {
            "fiscalDateEnding": "2011-12-31",
            "totalCurrentAssets": "299755000",
            "cashAndShortTermInvestments": "140250000",
            "totalCurrentLiabilities": "79413000",
            "currentDebt": "None",
            "netIncome": "16731000",
            "capitalExpenditures": "7263000",
            "operatingCashflow": "14848000",
            "grossProfit": "66030000",
            "totalRevenue": "122368000",
            "sentiment": 0,
            "surprise": "0",
            "closePrice": "22.07"
        },
        {
            "fiscalDateEnding": "2011-09-30",
            "totalCurrentAssets": "278414000",
            "cashAndShortTermInvestments": "142296000",
            "totalCurrentLiabilities": "65637000",
            "currentDebt": "None",
            "netIncome": "11247000",
            "capitalExpenditures": "10242000",
            "operatingCashflow": "26446000",
            "grossProfit": "54355000",
            "totalRevenue": "101602000",
            "sentiment": 0,
            "surprise": "0",
            "closePrice": "17.01"
        }
    ]
}