{
    "CRWD": [
        {
            "fiscalDateEnding": "2024-01-31",
            "totalCurrentAssets": "4757307000",
            "cashAndShortTermInvestments": "3474660000",
            "totalCurrentLiabilities": "2697279000",
            "currentDebt": "None",
            "netIncome": "53699000",
            "capitalExpenditures": "74036000",
            "operatingCashflow": "347016000",
            "grossProfit": "636763000",
            "totalRevenue": "880598000",
            "sentiment": 0.2536604910512707,
            "surprise": "0.13",
            "closePrice": "297.56"
        },
        {
            "fiscalDateEnding": "2023-10-31",
            "totalCurrentAssets": "4079133000",
            "cashAndShortTermInvestments": "3166394000",
            "totalCurrentLiabilities": "2350417000",
            "currentDebt": "None",
            "netIncome": "26665000",
            "capitalExpenditures": "33920000",
            "operatingCashflow": "273518000",
            "grossProfit": "591010000",
            "totalRevenue": "819597000",
            "sentiment": 0.23726197089367418,
            "surprise": "0.08",
            "closePrice": "212.35"
        },
        {
            "fiscalDateEnding": "2023-07-31",
            "totalCurrentAssets": "4050386000",
            "cashAndShortTermInvestments": "3167215000",
            "totalCurrentLiabilities": "2229463000",
            "currentDebt": "None",
            "netIncome": "8472000",
            "capitalExpenditures": "55990000",
            "operatingCashflow": "244781000",
            "grossProfit": "548709000",
            "totalRevenue": "761820000",
            "sentiment": 0.24610153656813977,
            "surprise": "0.18",
            "closePrice": "149.18"
        },
        {
            "fiscalDateEnding": "2023-04-30",
            "totalCurrentAssets": "3708770000",
            "cashAndShortTermInvestments": "2929677000",
            "totalCurrentLiabilities": "2080064000",
            "currentDebt": "None",
            "netIncome": "491000",
            "capitalExpenditures": "73166000",
            "operatingCashflow": "300892000",
            "grossProfit": "523350000",
            "totalRevenue": "716714000",
            "sentiment": 0.2796333603866254,
            "surprise": "0.06",
            "closePrice": "160.13"
        },
        {
            "fiscalDateEnding": "2023-01-31",
            "totalCurrentAssets": "3640267000",
            "cashAndShortTermInvestments": "2705369000",
            "totalCurrentLiabilities": "2109072000",
            "currentDebt": "None",
            "netIncome": "-47481000",
            "capitalExpenditures": "65389000",
            "operatingCashflow": "273293000",
            "grossProfit": "461763000",
            "totalRevenue": "668531000",
            "sentiment": 0.15480763825413002,
            "surprise": "0.04",
            "closePrice": "124.93"
        },
        {
            "fiscalDateEnding": "2022-10-31",
            "totalCurrentAssets": "3203613000",
            "cashAndShortTermInvestments": "2466551000",
            "totalCurrentLiabilities": "1817053000",
            "currentDebt": "None",
            "netIncome": "-54956000",
            "capitalExpenditures": "68774000",
            "operatingCashflow": "242851000",
            "grossProfit": "422654000",
            "totalRevenue": "590793000",
            "sentiment": 0.22627825039216043,
            "surprise": "0.09",
            "closePrice": "138.0"
        },
        {
            "fiscalDateEnding": "2022-07-31",
            "totalCurrentAssets": "2975980000",
            "cashAndShortTermInvestments": "2318858000",
            "totalCurrentLiabilities": "1649250000",
            "currentDebt": "None",
            "netIncome": "-49285000",
            "capitalExpenditures": "74149000",
            "operatingCashflow": "209906000",
            "grossProfit": "394586000",
            "totalRevenue": "528818000",
            "sentiment": 0.08864725232615261,
            "surprise": "0.08",
            "closePrice": "193.295"
        },
        {
            "fiscalDateEnding": "2022-04-30",
            "totalCurrentAssets": "2733058000",
            "cashAndShortTermInvestments": "2152736000",
            "totalCurrentLiabilities": "1497103000",
            "currentDebt": "None",
            "netIncome": "-31523000",
            "capitalExpenditures": "58125000",
            "operatingCashflow": "214957000",
            "grossProfit": "361002000",
            "totalRevenue": "481536000",
            "sentiment": 0.04949103312881535,
            "surprise": "0.08",
            "closePrice": "174.02"
        },
        {
            "fiscalDateEnding": "2022-01-31",
            "totalCurrentAssets": "2570952000",
            "cashAndShortTermInvestments": "1996633000",
            "totalCurrentLiabilities": "1406830000",
            "currentDebt": "None",
            "netIncome": "-41980000",
            "capitalExpenditures": "32388000",
            "operatingCashflow": "159718000",
            "grossProfit": "318390000",
            "totalRevenue": "427267000",
            "sentiment": 0,
            "surprise": "0.1",
            "closePrice": "169.79"
        },
        {
            "fiscalDateEnding": "2021-10-31",
            "totalCurrentAssets": "2360086000",
            "cashAndShortTermInvestments": "1907508000",
            "totalCurrentLiabilities": "1241547000",
            "currentDebt": "None",
            "netIncome": "-50455000",
            "capitalExpenditures": "36235000",
            "operatingCashflow": "159058000",
            "grossProfit": "278387000",
            "totalRevenue": "375448000",
            "sentiment": 0,
            "surprise": "0.07",
            "closePrice": "201.5"
        },
        {
            "fiscalDateEnding": "2021-07-31",
            "totalCurrentAssets": "2252025000",
            "cashAndShortTermInvestments": "1787051000",
            "totalCurrentLiabilities": "1136828000",
            "currentDebt": "None",
            "netIncome": "-57318000",
            "capitalExpenditures": "34836000",
            "operatingCashflow": "108475000",
            "grossProfit": "247258000",
            "totalRevenue": "333194000",
            "sentiment": 0,
            "surprise": "0.02",
            "closePrice": "281.0"
        },
        {
            "fiscalDateEnding": "2021-04-30",
            "totalCurrentAssets": "2038003000",
            "cashAndShortTermInvestments": "1684997000",
            "totalCurrentLiabilities": "982765000",
            "currentDebt": "None",
            "netIncome": "-85049000",
            "capitalExpenditures": "30230000",
            "operatingCashflow": "147533000",
            "grossProfit": "224338000",
            "totalRevenue": "298394000",
            "sentiment": 0,
            "surprise": "0.04",
            "closePrice": "216.0"
        },
        {
            "fiscalDateEnding": "2021-01-31",
            "totalCurrentAssets": "2292274000",
            "cashAndShortTermInvestments": "1918608000",
            "totalCurrentLiabilities": "863553000",
            "currentDebt": "None",
            "netIncome": "-19002000",
            "capitalExpenditures": "17253000",
            "operatingCashflow": "114463000",
            "grossProfit": "198197000",
            "totalRevenue": "265165000",
            "sentiment": 0,
            "surprise": "0.05",
            "closePrice": "196.31"
        },
        {
            "fiscalDateEnding": "2020-10-31",
            "totalCurrentAssets": "1340796000",
            "cashAndShortTermInvestments": "1059926000",
            "totalCurrentLiabilities": "702039000",
            "currentDebt": "8646000",
            "netIncome": "-24531000",
            "capitalExpenditures": "12406000",
            "operatingCashflow": "88501000",
            "grossProfit": "170933000",
            "totalRevenue": "233367000",
            "sentiment": 0,
            "surprise": "0.0778",
            "closePrice": "141.84"
        },
        {
            "fiscalDateEnding": "2020-07-31",
            "totalCurrentAssets": "1315981000",
            "cashAndShortTermInvestments": "1064734000",
            "totalCurrentLiabilities": "603292000",
            "currentDebt": "8643000",
            "netIncome": "-29874000",
            "capitalExpenditures": "22608000",
            "operatingCashflow": "55025000",
            "grossProfit": "144580000",
            "totalRevenue": "199797000",
            "sentiment": 0,
            "surprise": "0.04",
            "closePrice": "142.07"
        },
        {
            "fiscalDateEnding": "2020-04-30",
            "totalCurrentAssets": "1248462000",
            "cashAndShortTermInvestments": "1004991000",
            "totalCurrentLiabilities": "555644000",
            "currentDebt": "6673000",
            "netIncome": "-19222000",
            "capitalExpenditures": "11576000",
            "operatingCashflow": "98577000",
            "grossProfit": "131183000",
            "totalRevenue": "178835000",
            "sentiment": 0,
            "surprise": "0.08",
            "closePrice": "92.25"
        },
        {
            "fiscalDateEnding": "2020-01-31",
            "totalCurrentAssets": "1171636000",
            "cashAndShortTermInvestments": "647266000",
            "totalCurrentLiabilities": "493096000",
            "currentDebt": "None",
            "netIncome": "-28408000",
            "capitalExpenditures": "15431000",
            "operatingCashflow": "66107000",
            "grossProfit": "108693000",
            "totalRevenue": "154164000",
            "sentiment": 0,
            "surprise": "0.06",
            "closePrice": "41.74"
        },
        {
            "fiscalDateEnding": "2019-10-31",
            "totalCurrentAssets": "1053220000",
            "cashAndShortTermInvestments": "833688000",
            "totalCurrentLiabilities": "415604000",
            "currentDebt": "None",
            "netIncome": "-35505000",
            "capitalExpenditures": "31587000",
            "operatingCashflow": "38635000",
            "grossProfit": "87764000",
            "totalRevenue": "127187000",
            "sentiment": 0,
            "surprise": "0.05",
            "closePrice": "52.95"
        },
        {
            "fiscalDateEnding": "2019-07-31",
            "totalCurrentAssets": "1005432000",
            "cashAndShortTermInvestments": "826811000",
            "totalCurrentLiabilities": "341781000",
            "currentDebt": "None",
            "netIncome": "-51889000",
            "capitalExpenditures": "22944000",
            "operatingCashflow": "-6214000",
            "grossProfit": "76526000",
            "totalRevenue": "110244000",
            "sentiment": 0,
            "surprise": "0.05",
            "closePrice": "86.85"
        },
        {
            "fiscalDateEnding": "2019-04-30",
            "totalCurrentAssets": "311251000",
            "cashAndShortTermInvestments": "175059000",
            "totalCurrentLiabilities": "302721000",
            "currentDebt": "None",
            "netIncome": "-25977000",
            "capitalExpenditures": "17525000",
            "operatingCashflow": "1415000",
            "grossProfit": "66804000",
            "totalRevenue": "98376000",
            "sentiment": 0,
            "surprise": "0",
            "closePrice": "72.75"
        }
    ]
}