{
    "CSGS": [
        {
            "fiscalDateEnding": "2023-12-31",
            "totalCurrentAssets": "862226000",
            "cashAndShortTermInvestments": "186264000",
            "totalCurrentLiabilities": "560836000",
            "currentDebt": "7500000",
            "netIncome": "12670000",
            "capitalExpenditures": "5037000",
            "operatingCashflow": "79531000",
            "grossProfit": "93948000",
            "totalRevenue": "297648000",
            "sentiment": 0.42490560051425236,
            "surprise": "0.06",
            "closePrice": "46.0884124194493"
        },
        {
            "fiscalDateEnding": "2023-09-30",
            "totalCurrentAssets": "760067000",
            "cashAndShortTermInvestments": "146730000",
            "totalCurrentLiabilities": "461533000",
            "currentDebt": "22500000",
            "netIncome": "18694000",
            "capitalExpenditures": "6512000",
            "operatingCashflow": "24582000",
            "grossProfit": "68637000",
            "totalRevenue": "286868000",
            "sentiment": 0.3773433282791751,
            "surprise": "0.12",
            "closePrice": "46.078127668069"
        },
        {
            "fiscalDateEnding": "2023-06-30",
            "totalCurrentAssets": "725415000",
            "cashAndShortTermInvestments": "146212000",
            "totalCurrentLiabilities": "431102000",
            "currentDebt": "22500000",
            "netIncome": "13954000",
            "capitalExpenditures": "7728000",
            "operatingCashflow": "12386000",
            "grossProfit": "66099000",
            "totalRevenue": "286327000",
            "sentiment": 0.2028108462108985,
            "surprise": "0.08",
            "closePrice": "51.7260638723622"
        },
        {
            "fiscalDateEnding": "2023-03-31",
            "totalCurrentAssets": "731538000",
            "cashAndShortTermInvestments": "167681000",
            "totalCurrentLiabilities": "441735000",
            "currentDebt": "37500000",
            "netIncome": "20928000",
            "capitalExpenditures": "8700000",
            "operatingCashflow": "15397000",
            "grossProfit": "76235000",
            "totalRevenue": "298698000",
            "sentiment": 0.46941705333077577,
            "surprise": "0.1",
            "closePrice": "49.9246620748556"
        },
        {
            "fiscalDateEnding": "2022-12-31",
            "totalCurrentAssets": "765955000",
            "cashAndShortTermInvestments": "150436000",
            "totalCurrentLiabilities": "527209000",
            "currentDebt": "37500000",
            "netIncome": "20149000",
            "capitalExpenditures": "5427000",
            "operatingCashflow": "54024000",
            "grossProfit": "95351000",
            "totalRevenue": "289525000",
            "sentiment": 0.38177639346633985,
            "surprise": "-0.09",
            "closePrice": "59.2871099851265"
        },
        {
            "fiscalDateEnding": "2022-09-30",
            "totalCurrentAssets": "691725000",
            "cashAndShortTermInvestments": "147260000",
            "totalCurrentLiabilities": "445380000",
            "currentDebt": "52500000",
            "netIncome": "12481000",
            "capitalExpenditures": "11917000",
            "operatingCashflow": "22838000",
            "grossProfit": "68920000",
            "totalRevenue": "273308000",
            "sentiment": 0.35247090791278235,
            "surprise": "0.17",
            "closePrice": "59.0468065734871"
        },
        {
            "fiscalDateEnding": "2022-06-30",
            "totalCurrentAssets": "708255000",
            "cashAndShortTermInvestments": "135035000",
            "totalCurrentLiabilities": "683437000",
            "currentDebt": "252500000",
            "netIncome": "5317000",
            "capitalExpenditures": "9272000",
            "operatingCashflow": "-7716000",
            "grossProfit": "58869000",
            "totalRevenue": "262168000",
            "sentiment": 0.015095342940512733,
            "surprise": "-0.01",
            "closePrice": "63.3373442786327"
        },
        {
            "fiscalDateEnding": "2022-03-31",
            "totalCurrentAssets": "686775000",
            "cashAndShortTermInvestments": "187590000",
            "totalCurrentLiabilities": "646877000",
            "currentDebt": "252500000",
            "netIncome": "6113000",
            "capitalExpenditures": "10375000",
            "operatingCashflow": "-5549000",
            "grossProfit": "50835000",
            "totalRevenue": "264400000",
            "sentiment": 0.14101131989162446,
            "surprise": "0.07",
            "closePrice": "59.3606167597656"
        },
        {
            "fiscalDateEnding": "2021-12-31",
            "totalCurrentAssets": "748199000",
            "cashAndShortTermInvestments": "233672000",
            "totalCurrentLiabilities": "695102000",
            "currentDebt": "237500000",
            "netIncome": "17249000",
            "capitalExpenditures": "4031000",
            "operatingCashflow": "51914000",
            "grossProfit": "88463000",
            "totalRevenue": "275050000",
            "sentiment": 0,
            "surprise": "0.02",
            "closePrice": "54.2835902332141"
        },
        {
            "fiscalDateEnding": "2021-09-30",
            "totalCurrentAssets": "721717000",
            "cashAndShortTermInvestments": "224540000",
            "totalCurrentLiabilities": "663241000",
            "currentDebt": "236570000",
            "netIncome": "16130000",
            "capitalExpenditures": "7373000",
            "operatingCashflow": "46080000",
            "grossProfit": "66287000",
            "totalRevenue": "262415000",
            "sentiment": 0,
            "surprise": "0.03",
            "closePrice": "48.7931539734713"
        },
        {
            "fiscalDateEnding": "2021-06-30",
            "totalCurrentAssets": "677944000",
            "cashAndShortTermInvestments": "212093000",
            "totalCurrentLiabilities": "623239000",
            "currentDebt": "242968000",
            "netIncome": "19321000",
            "capitalExpenditures": "6919000",
            "operatingCashflow": "44453000",
            "grossProfit": "66262000",
            "totalRevenue": "254350000",
            "sentiment": 0,
            "surprise": "0.02",
            "closePrice": "42.057194333228"
        },
        {
            "fiscalDateEnding": "2021-03-31",
            "totalCurrentAssets": "643008000",
            "cashAndShortTermInvestments": "205148000",
            "totalCurrentLiabilities": "587733000",
            "currentDebt": "241881000",
            "netIncome": "19631000",
            "capitalExpenditures": "8239000",
            "operatingCashflow": "-2224000",
            "grossProfit": "64288000",
            "totalRevenue": "252347000",
            "sentiment": 0,
            "surprise": "0.01",
            "closePrice": "43.2096551411801"
        },
        {
            "fiscalDateEnding": "2020-12-31",
            "totalCurrentAssets": "714591000",
            "cashAndShortTermInvestments": "240297000",
            "totalCurrentLiabilities": "436260000",
            "currentDebt": "14063000",
            "netIncome": "13265000",
            "capitalExpenditures": "5196000",
            "operatingCashflow": "56864000",
            "grossProfit": "125322000",
            "totalRevenue": "260487000",
            "sentiment": 0,
            "surprise": "0.12",
            "closePrice": "41.2453805409238"
        },
        {
            "fiscalDateEnding": "2020-09-30",
            "totalCurrentAssets": "637186000",
            "cashAndShortTermInvestments": "212094000",
            "totalCurrentLiabilities": "357386000",
            "currentDebt": "13125000",
            "netIncome": "13566000",
            "capitalExpenditures": "9867000",
            "operatingCashflow": "65269000",
            "grossProfit": "58952000",
            "totalRevenue": "244108000",
            "sentiment": 0,
            "surprise": "-0.03",
            "closePrice": "36.648489391169"
        },
        {
            "fiscalDateEnding": "2020-06-30",
            "totalCurrentAssets": "642768000",
            "cashAndShortTermInvestments": "171202000",
            "totalCurrentLiabilities": "370767000",
            "currentDebt": "12188000",
            "netIncome": "10366000",
            "capitalExpenditures": "9512000",
            "operatingCashflow": "58073000",
            "grossProfit": "50129000",
            "totalRevenue": "240321000",
            "sentiment": 0,
            "surprise": "-0.12",
            "closePrice": "40.6169958613803"
        },
        {
            "fiscalDateEnding": "2020-03-31",
            "totalCurrentAssets": "598304000",
            "cashAndShortTermInvestments": "131273000",
            "totalCurrentLiabilities": "344803000",
            "currentDebt": "33335000",
            "netIncome": "21514000",
            "capitalExpenditures": "4822000",
            "operatingCashflow": "-7213000",
            "grossProfit": "62738000",
            "totalRevenue": "245617000",
            "sentiment": 0,
            "surprise": "0.15",
            "closePrice": "44.9774442162193"
        },
        {
            "fiscalDateEnding": "2019-12-31",
            "totalCurrentAssets": "669082000",
            "cashAndShortTermInvestments": "182657000",
            "totalCurrentLiabilities": "418693000",
            "currentDebt": "32755000",
            "netIncome": "22581000",
            "capitalExpenditures": "9613000",
            "operatingCashflow": "43514000",
            "grossProfit": "122876000",
            "totalRevenue": "254747000",
            "sentiment": 0,
            "surprise": "0.14",
            "closePrice": "47.5222716846971"
        },
        {
            "fiscalDateEnding": "2019-09-30",
            "totalCurrentAssets": "607465000",
            "cashAndShortTermInvestments": "171967000",
            "totalCurrentLiabilities": "357079000",
            "currentDebt": "32263000",
            "netIncome": "21559000",
            "capitalExpenditures": "9848000",
            "operatingCashflow": "79098000",
            "grossProfit": "62108000",
            "totalRevenue": "251414000",
            "sentiment": 0,
            "surprise": "0.07",
            "closePrice": "47.6003699442226"
        },
        {
            "fiscalDateEnding": "2019-06-30",
            "totalCurrentAssets": "572628000",
            "cashAndShortTermInvestments": "131451000",
            "totalCurrentLiabilities": "335584000",
            "currentDebt": "30717000",
            "netIncome": "19379000",
            "capitalExpenditures": "9572000",
            "operatingCashflow": "15603000",
            "grossProfit": "58373000",
            "totalRevenue": "245856000",
            "sentiment": 0,
            "surprise": "0.02",
            "closePrice": "43.9897411919549"
        },
        {
            "fiscalDateEnding": "2019-03-31",
            "totalCurrentAssets": "550728000",
            "cashAndShortTermInvestments": "141905000",
            "totalCurrentLiabilities": "319480000",
            "currentDebt": "7500000",
            "netIncome": "19251000",
            "capitalExpenditures": "8286000",
            "operatingCashflow": "12826000",
            "grossProfit": "59683000",
            "totalRevenue": "244793000",
            "sentiment": 0,
            "surprise": "0.07",
            "closePrice": "40.318883707172"
        },
        {
            "fiscalDateEnding": "2018-12-31",
            "totalCurrentAssets": "599567000",
            "cashAndShortTermInvestments": "162880000",
            "totalCurrentLiabilities": "350391000",
            "currentDebt": "7500000",
            "netIncome": "20898000",
            "capitalExpenditures": "13057000",
            "operatingCashflow": "70072000",
            "grossProfit": "117087000",
            "totalRevenue": "247267000",
            "sentiment": 0,
            "surprise": "0.18",
            "closePrice": "32.3688229385368"
        },
        {
            "fiscalDateEnding": "2018-09-30",
            "totalCurrentAssets": "529038000",
            "cashAndShortTermInvestments": "199302000",
            "totalCurrentLiabilities": "202637000",
            "currentDebt": "7500000",
            "netIncome": "16101000",
            "capitalExpenditures": "17332000",
            "operatingCashflow": "47055000",
            "grossProfit": "55704000",
            "totalRevenue": "213055000",
            "sentiment": 0,
            "surprise": "-0.01",
            "closePrice": "32.0782563428046"
        },
        {
            "fiscalDateEnding": "2018-06-30",
            "totalCurrentAssets": "514245000",
            "cashAndShortTermInvestments": "186364000",
            "totalCurrentLiabilities": "191766000",
            "currentDebt": "7500000",
            "netIncome": "15117000",
            "capitalExpenditures": "14480000",
            "operatingCashflow": "-3641000",
            "grossProfit": "53637000",
            "totalRevenue": "213033000",
            "sentiment": 0,
            "surprise": "0.03",
            "closePrice": "36.0758793263152"
        },
        {
            "fiscalDateEnding": "2018-03-31",
            "totalCurrentAssets": "515224000",
            "cashAndShortTermInvestments": "222098000",
            "totalCurrentLiabilities": "184701000",
            "currentDebt": "7500000",
            "netIncome": "14014000",
            "capitalExpenditures": "12235000",
            "operatingCashflow": "29855000",
            "grossProfit": "55621000",
            "totalRevenue": "201704000",
            "sentiment": 0,
            "surprise": "0.02",
            "closePrice": "38.1224878252804"
        },
        {
            "fiscalDateEnding": "2017-12-31",
            "totalCurrentAssets": "554266000",
            "cashAndShortTermInvestments": "261360000",
            "totalCurrentLiabilities": "222593000",
            "currentDebt": "22500000",
            "netIncome": "14966000",
            "capitalExpenditures": "7670000",
            "operatingCashflow": "24373000",
            "grossProfit": "105478000",
            "totalRevenue": "205204000",
            "sentiment": 0,
            "surprise": "-0.03",
            "closePrice": "38.6829804103618"
        },
        {
            "fiscalDateEnding": "2017-09-30",
            "totalCurrentAssets": "539666000",
            "cashAndShortTermInvestments": "258547000",
            "totalCurrentLiabilities": "211096000",
            "currentDebt": "20625000",
            "netIncome": "14580000",
            "capitalExpenditures": "7188000",
            "operatingCashflow": "38334000",
            "grossProfit": "56962000",
            "totalRevenue": "199195000",
            "sentiment": 0,
            "surprise": "0.01",
            "closePrice": "37.0851513911228"
        },
        {
            "fiscalDateEnding": "2017-06-30",
            "totalCurrentAssets": "530943000",
            "cashAndShortTermInvestments": "244954000",
            "totalCurrentLiabilities": "208884000",
            "currentDebt": "18750000",
            "netIncome": "11581000",
            "capitalExpenditures": "12344000",
            "operatingCashflow": "34524000",
            "grossProfit": "51834000",
            "totalRevenue": "192713000",
            "sentiment": 0,
            "surprise": "0.01",
            "closePrice": "35.4936494919928"
        },
        {
            "fiscalDateEnding": "2017-03-31",
            "totalCurrentAssets": "520518000",
            "cashAndShortTermInvestments": "237872000",
            "totalCurrentLiabilities": "200279000",
            "currentDebt": "16875000",
            "netIncome": "20237000",
            "capitalExpenditures": "13920000",
            "operatingCashflow": "29964000",
            "grossProfit": "50268000",
            "totalRevenue": "192470000",
            "sentiment": 0,
            "surprise": "0.03",
            "closePrice": "31.3790146793434"
        },
        {
            "fiscalDateEnding": "2016-12-31",
            "totalCurrentAssets": "558573000",
            "cashAndShortTermInvestments": "276498000",
            "totalCurrentLiabilities": "252029000",
            "currentDebt": "49426000",
            "netIncome": "12647000",
            "capitalExpenditures": "4270000",
            "operatingCashflow": "24680000",
            "grossProfit": "94708000",
            "totalRevenue": "195169000",
            "sentiment": 0,
            "surprise": "-0.07",
            "closePrice": "41.6123205539653"
        },
        {
            "fiscalDateEnding": "2016-09-30",
            "totalCurrentAssets": "539014000",
            "cashAndShortTermInvestments": "266138000",
            "totalCurrentLiabilities": "232611000",
            "currentDebt": "47123000",
            "netIncome": "17894000",
            "capitalExpenditures": "4256000",
            "operatingCashflow": "-38412000",
            "grossProfit": "57268000",
            "totalRevenue": "189311000",
            "sentiment": 0,
            "surprise": "0.19",
            "closePrice": "31.4343943274708"
        },
        {
            "fiscalDateEnding": "2016-06-30",
            "totalCurrentAssets": "538996000",
            "cashAndShortTermInvestments": "286732000",
            "totalCurrentLiabilities": "243973000",
            "currentDebt": "53603000",
            "netIncome": "10837000",
            "capitalExpenditures": "6542000",
            "operatingCashflow": "19946000",
            "grossProfit": "51164000",
            "totalRevenue": "190252000",
            "sentiment": 0,
            "surprise": "0.08",
            "closePrice": "34.559183244788"
        },
        {
            "fiscalDateEnding": "2016-03-31",
            "totalCurrentAssets": "639374000",
            "cashAndShortTermInvestments": "385230000",
            "totalCurrentLiabilities": "293591000",
            "currentDebt": "114355000",
            "netIncome": "21504000",
            "capitalExpenditures": "6782000",
            "operatingCashflow": "22534000",
            "grossProfit": "62533000",
            "totalRevenue": "186226000",
            "sentiment": 0,
            "surprise": "0.09",
            "closePrice": "37.4889048234545"
        },
        {
            "fiscalDateEnding": "2015-12-31",
            "totalCurrentAssets": "500091000",
            "cashAndShortTermInvestments": "240936000",
            "totalCurrentLiabilities": "359410000",
            "currentDebt": "149577000",
            "netIncome": "23668000",
            "capitalExpenditures": "3713000",
            "operatingCashflow": "-33878000",
            "grossProfit": "100491000",
            "totalRevenue": "197288000",
            "sentiment": 0,
            "surprise": "0.04",
            "closePrice": "29.8963428259261"
        },
        {
            "fiscalDateEnding": "2015-09-30",
            "totalCurrentAssets": "474011000",
            "cashAndShortTermInvestments": "199770000",
            "totalCurrentLiabilities": "190727000",
            "currentDebt": "7500000",
            "netIncome": "16747000",
            "capitalExpenditures": "7199000",
            "operatingCashflow": "20470000",
            "grossProfit": "52885000",
            "totalRevenue": "186960000",
            "sentiment": 0,
            "surprise": "0.13",
            "closePrice": "28.3987675188175"
        },
        {
            "fiscalDateEnding": "2015-06-30",
            "totalCurrentAssets": "460243000",
            "cashAndShortTermInvestments": "194043000",
            "totalCurrentLiabilities": "335092000",
            "currentDebt": "146394000",
            "netIncome": "12794000",
            "capitalExpenditures": "8033000",
            "operatingCashflow": "16644000",
            "grossProfit": "49503000",
            "totalRevenue": "182641000",
            "sentiment": 0,
            "surprise": "0.04",
            "closePrice": "25.7333691528612"
        },
        {
            "fiscalDateEnding": "2015-03-31",
            "totalCurrentAssets": "438568000",
            "cashAndShortTermInvestments": "169894000",
            "totalCurrentLiabilities": "181456000",
            "currentDebt": "7500000",
            "netIncome": "9358000",
            "capitalExpenditures": "7918000",
            "operatingCashflow": "38038000",
            "grossProfit": "44417000",
            "totalRevenue": "185631000",
            "sentiment": 0,
            "surprise": "-0.04",
            "closePrice": "24.269761833291"
        },
        {
            "fiscalDateEnding": "2014-12-31",
            "totalCurrentAssets": "474370000",
            "cashAndShortTermInvestments": "201800000",
            "totalCurrentLiabilities": "212835000",
            "currentDebt": "22500000",
            "netIncome": "11384000",
            "capitalExpenditures": "5944000",
            "operatingCashflow": "12632000",
            "grossProfit": "89710000",
            "totalRevenue": "193697000",
            "sentiment": 0,
            "surprise": "0.07",
            "closePrice": "22.4615360954056"
        },
        {
            "fiscalDateEnding": "2014-09-30",
            "totalCurrentAssets": "459834000",
            "cashAndShortTermInvestments": "183459000",
            "totalCurrentLiabilities": "195743000",
            "currentDebt": "20625000",
            "netIncome": "5233000",
            "capitalExpenditures": "11149000",
            "operatingCashflow": "786000",
            "grossProfit": "43897000",
            "totalRevenue": "185003000",
            "sentiment": 0,
            "surprise": "-0.03",
            "closePrice": "21.6222642252388"
        },
        {
            "fiscalDateEnding": "2014-06-30",
            "totalCurrentAssets": "474980000",
            "cashAndShortTermInvestments": "189583000",
            "totalCurrentLiabilities": "204740000",
            "currentDebt": "18750000",
            "netIncome": "9403000",
            "capitalExpenditures": "9993000",
            "operatingCashflow": "14273000",
            "grossProfit": "43997000",
            "totalRevenue": "184558000",
            "sentiment": 0,
            "surprise": "0",
            "closePrice": "21.3345564813341"
        },
        {
            "fiscalDateEnding": "2014-03-31",
            "totalCurrentAssets": "461773000",
            "cashAndShortTermInvestments": "183012000",
            "totalCurrentLiabilities": "194475000",
            "currentDebt": "16875000",
            "netIncome": "9691000",
            "capitalExpenditures": "4499000",
            "operatingCashflow": "-8578000",
            "grossProfit": "45307000",
            "totalRevenue": "188028000",
            "sentiment": 0,
            "surprise": "0.01",
            "closePrice": "21.9885467445687"
        },
        {
            "fiscalDateEnding": "2013-12-31",
            "totalCurrentAssets": "475375000",
            "cashAndShortTermInvestments": "210837000",
            "totalCurrentLiabilities": "206806000",
            "currentDebt": "15000000",
            "netIncome": "9081000",
            "capitalExpenditures": "11090000",
            "operatingCashflow": "40052000",
            "grossProfit": "88894000",
            "totalRevenue": "194549000",
            "sentiment": 0,
            "surprise": "0.08",
            "closePrice": "23.3801733401822"
        },
        {
            "fiscalDateEnding": "2013-09-30",
            "totalCurrentAssets": "457891000",
            "cashAndShortTermInvestments": "193898000",
            "totalCurrentLiabilities": "197586000",
            "currentDebt": "15000000",
            "netIncome": "15300000",
            "capitalExpenditures": "7861000",
            "operatingCashflow": "25236000",
            "grossProfit": "43662000",
            "totalRevenue": "186180000",
            "sentiment": 0,
            "surprise": "0.02",
            "closePrice": "21.8775341527716"
        },
        {
            "fiscalDateEnding": "2013-06-30",
            "totalCurrentAssets": "456215000",
            "cashAndShortTermInvestments": "189294000",
            "totalCurrentLiabilities": "208686000",
            "currentDebt": "15000000",
            "netIncome": "12072000",
            "capitalExpenditures": "6633000",
            "operatingCashflow": "38806000",
            "grossProfit": "45599000",
            "totalRevenue": "186107000",
            "sentiment": 0,
            "surprise": "0.07",
            "closePrice": "19.0129366758102"
        },
        {
            "fiscalDateEnding": "2013-03-31",
            "totalCurrentAssets": "437024000",
            "cashAndShortTermInvestments": "172703000",
            "totalCurrentLiabilities": "193844000",
            "currentDebt": "15000000",
            "netIncome": "14898000",
            "capitalExpenditures": "4492000",
            "operatingCashflow": "22540000",
            "grossProfit": "42480000",
            "totalRevenue": "180632000",
            "sentiment": 0,
            "surprise": "-0.04",
            "closePrice": "17.1980716830632"
        },
        {
            "fiscalDateEnding": "2012-12-31",
            "totalCurrentAssets": "440355000",
            "cashAndShortTermInvestments": "169321000",
            "totalCurrentLiabilities": "211732000",
            "currentDebt": "15000000",
            "netIncome": "15790000",
            "capitalExpenditures": "12733000",
            "operatingCashflow": "19020000",
            "grossProfit": "95391000",
            "totalRevenue": "198007000",
            "sentiment": 0,
            "surprise": "0.19",
            "closePrice": "14.8344311046875"
        },
        {
            "fiscalDateEnding": "2012-09-30",
            "totalCurrentAssets": "430867000",
            "cashAndShortTermInvestments": "184769000",
            "totalCurrentLiabilities": "206560000",
            "currentDebt": "20500000",
            "netIncome": "9413000",
            "capitalExpenditures": "6938000",
            "operatingCashflow": "23654000",
            "grossProfit": "-19173000",
            "totalRevenue": "190001000",
            "sentiment": 0,
            "surprise": "0.03",
            "closePrice": "16.4022331044855"
        },
        {
            "fiscalDateEnding": "2012-06-30",
            "totalCurrentAssets": "432751000",
            "cashAndShortTermInvestments": "196062000",
            "totalCurrentLiabilities": "201799000",
            "currentDebt": "18000000",
            "netIncome": "11870000",
            "capitalExpenditures": "11232000",
            "operatingCashflow": "36579000",
            "grossProfit": "-17787000",
            "totalRevenue": "183851000",
            "sentiment": 0,
            "surprise": "0.11",
            "closePrice": "14.1659266986823"
        },
        {
            "fiscalDateEnding": "2012-03-31",
            "totalCurrentAssets": "424633000",
            "cashAndShortTermInvestments": "188555000",
            "totalCurrentLiabilities": "196720000",
            "currentDebt": "20500000",
            "netIncome": "11806000",
            "capitalExpenditures": "2318000",
            "operatingCashflow": "48189000",
            "grossProfit": "62711000",
            "totalRevenue": "185007000",
            "sentiment": 0,
            "surprise": "0.11",
            "closePrice": "11.6192432472338"
        },
        {
            "fiscalDateEnding": "2011-12-31",
            "totalCurrentAssets": "409960000",
            "cashAndShortTermInvestments": "158830000",
            "totalCurrentLiabilities": "197385000",
            "currentDebt": "27000000",
            "netIncome": "11294000",
            "capitalExpenditures": "2582000",
            "operatingCashflow": "31825000",
            "grossProfit": "91652000",
            "totalRevenue": "187574000",
            "sentiment": 0,
            "surprise": "0.11",
            "closePrice": "13.7998409525366"
        },
        {
            "fiscalDateEnding": "2011-09-30",
            "totalCurrentAssets": "380578000",
            "cashAndShortTermInvestments": "138599000",
            "totalCurrentLiabilities": "173423000",
            "currentDebt": "17500000",
            "netIncome": "10479000",
            "capitalExpenditures": "8554000",
            "operatingCashflow": "30310000",
            "grossProfit": "57092000",
            "totalRevenue": "182753000",
            "sentiment": 0,
            "surprise": "0.05",
            "closePrice": "10.7836127397273"
        },
        {
            "fiscalDateEnding": "2011-06-30",
            "totalCurrentAssets": "379779000",
            "cashAndShortTermInvestments": "134350000",
            "totalCurrentLiabilities": "182990000",
            "currentDebt": "16000000",
            "netIncome": "9015000",
            "capitalExpenditures": "4428000",
            "operatingCashflow": "713000",
            "grossProfit": "56564000",
            "totalRevenue": "181312000",
            "sentiment": 0,
            "surprise": "-0.06",
            "closePrice": "13.5849645363206"
        }
    ]
}