{
    "CTS": [
        {
            "fiscalDateEnding": "2023-12-31",
            "totalCurrentAssets": "319349000",
            "cashAndShortTermInvestments": "163876000",
            "totalCurrentLiabilities": "97039000",
            "currentDebt": "None",
            "netIncome": "15320000",
            "capitalExpenditures": "3502000",
            "operatingCashflow": "32069000",
            "grossProfit": "42064000",
            "totalRevenue": "124694000",
            "sentiment": 0.3905348321578457,
            "surprise": "0.01",
            "closePrice": "45.8708860489883"
        },
        {
            "fiscalDateEnding": "2023-09-30",
            "totalCurrentAssets": "334324000",
            "cashAndShortTermInvestments": "160112000",
            "totalCurrentLiabilities": "103426000",
            "currentDebt": "None",
            "netIncome": "13971000",
            "capitalExpenditures": "2749000",
            "operatingCashflow": "22135000",
            "grossProfit": "46401000",
            "totalRevenue": "134552000",
            "sentiment": 0.552021,
            "surprise": "-0.02",
            "closePrice": "38.0329409450219"
        },
        {
            "fiscalDateEnding": "2023-06-30",
            "totalCurrentAssets": "329877000",
            "cashAndShortTermInvestments": "150878000",
            "totalCurrentLiabilities": "107182000",
            "currentDebt": "None",
            "netIncome": "12897000",
            "capitalExpenditures": "3947000",
            "operatingCashflow": "23421000",
            "grossProfit": "50742000",
            "totalRevenue": "145182000",
            "sentiment": 0.195452,
            "surprise": "0.06",
            "closePrice": "41.4970434718377"
        },
        {
            "fiscalDateEnding": "2023-03-31",
            "totalCurrentAssets": "322644000",
            "cashAndShortTermInvestments": "143537000",
            "totalCurrentLiabilities": "105776000",
            "currentDebt": "None",
            "netIncome": "18344000",
            "capitalExpenditures": "4540000",
            "operatingCashflow": "11186000",
            "grossProfit": "51652000",
            "totalRevenue": "145994000",
            "sentiment": 0.3986866795530392,
            "surprise": "0.03",
            "closePrice": "40.4816034947628"
        },
        {
            "fiscalDateEnding": "2022-12-31",
            "totalCurrentAssets": "325760000",
            "cashAndShortTermInvestments": "156910000",
            "totalCurrentLiabilities": "112532000",
            "currentDebt": "None",
            "netIncome": "14940000",
            "capitalExpenditures": "5073000",
            "operatingCashflow": "25458000",
            "grossProfit": "51004000",
            "totalRevenue": "142281000",
            "sentiment": 0.091817,
            "surprise": "-0.02",
            "closePrice": "42.5973916843808"
        },
        {
            "fiscalDateEnding": "2022-09-30",
            "totalCurrentAssets": "326397000",
            "cashAndShortTermInvestments": "147908000",
            "totalCurrentLiabilities": "121939000",
            "currentDebt": "None",
            "netIncome": "11798000",
            "capitalExpenditures": "2269000",
            "operatingCashflow": "60387000",
            "grossProfit": "53346000",
            "totalRevenue": "151911000",
            "sentiment": 0.24145654283352613,
            "surprise": "0",
            "closePrice": "35.9712904413308"
        },
        {
            "fiscalDateEnding": "2022-06-30",
            "totalCurrentAssets": "278550000",
            "cashAndShortTermInvestments": "98739000",
            "totalCurrentLiabilities": "115376000",
            "currentDebt": "None",
            "netIncome": "12598000",
            "capitalExpenditures": "3591000",
            "operatingCashflow": "16066000",
            "grossProfit": "51848000",
            "totalRevenue": "144982000",
            "sentiment": 0.11719558113906929,
            "surprise": "0.01",
            "closePrice": "37.6063219512521"
        },
        {
            "fiscalDateEnding": "2022-03-31",
            "totalCurrentAssets": "292045000",
            "cashAndShortTermInvestments": "126118000",
            "totalCurrentLiabilities": "115040000",
            "currentDebt": "None",
            "netIncome": "20239000",
            "capitalExpenditures": "3400000",
            "operatingCashflow": "19286000",
            "grossProfit": "54340000",
            "totalRevenue": "147695000",
            "sentiment": 0,
            "surprise": "0.14",
            "closePrice": "34.3959966651758"
        },
        {
            "fiscalDateEnding": "2021-12-31",
            "totalCurrentAssets": "289089000",
            "cashAndShortTermInvestments": "141465000",
            "totalCurrentLiabilities": "114066000",
            "currentDebt": "None",
            "netIncome": "9165000",
            "capitalExpenditures": "7501000",
            "operatingCashflow": "26024000",
            "grossProfit": "48671000",
            "totalRevenue": "132531000",
            "sentiment": 0,
            "surprise": "0.02",
            "closePrice": "32.3655436941446"
        },
        {
            "fiscalDateEnding": "2021-09-30",
            "totalCurrentAssets": "277449000",
            "cashAndShortTermInvestments": "128527000",
            "totalCurrentLiabilities": "105072000",
            "currentDebt": "None",
            "netIncome": "-63896000",
            "capitalExpenditures": "4170000",
            "operatingCashflow": "21332000",
            "grossProfit": "45662000",
            "totalRevenue": "122382000",
            "sentiment": 0,
            "surprise": "0.07",
            "closePrice": "33.9131537406262"
        },
        {
            "fiscalDateEnding": "2021-06-30",
            "totalCurrentAssets": "263344000",
            "cashAndShortTermInvestments": "117397000",
            "totalCurrentLiabilities": "102311000",
            "currentDebt": "None",
            "netIncome": "875000",
            "capitalExpenditures": "2332000",
            "operatingCashflow": "18675000",
            "grossProfit": "47696000",
            "totalRevenue": "129585000",
            "sentiment": 0,
            "surprise": "0.14",
            "closePrice": "33.1177712536501"
        },
        {
            "fiscalDateEnding": "2021-03-31",
            "totalCurrentAssets": "246636000",
            "cashAndShortTermInvestments": "103392000",
            "totalCurrentLiabilities": "106710000",
            "currentDebt": "None",
            "netIncome": "11990000",
            "capitalExpenditures": "1638000",
            "operatingCashflow": "20110000",
            "grossProfit": "42591000",
            "totalRevenue": "128427000",
            "sentiment": 0,
            "surprise": "0.09",
            "closePrice": "29.5257602976331"
        },
        {
            "fiscalDateEnding": "2020-12-31",
            "totalCurrentAssets": "233231000",
            "cashAndShortTermInvestments": "91773000",
            "totalCurrentLiabilities": "104932000",
            "currentDebt": "None",
            "netIncome": "14947000",
            "capitalExpenditures": "4417000",
            "operatingCashflow": "27486000",
            "grossProfit": "42691000",
            "totalRevenue": "123018000",
            "sentiment": 0,
            "surprise": "0.09",
            "closePrice": "32.2824844946366"
        },
        {
            "fiscalDateEnding": "2020-09-30",
            "totalCurrentAssets": "263683000",
            "cashAndShortTermInvestments": "131740000",
            "totalCurrentLiabilities": "95119000",
            "currentDebt": "None",
            "netIncome": "11073000",
            "capitalExpenditures": "3196000",
            "operatingCashflow": "25573000",
            "grossProfit": "36906000",
            "totalRevenue": "113777000",
            "sentiment": 0,
            "surprise": "0.1",
            "closePrice": "26.0740593939944"
        },
        {
            "fiscalDateEnding": "2020-06-30",
            "totalCurrentAssets": "264795000",
            "cashAndShortTermInvestments": "145981000",
            "totalCurrentLiabilities": "77771000",
            "currentDebt": "None",
            "netIncome": "4857000",
            "capitalExpenditures": "2675000",
            "operatingCashflow": "11797000",
            "grossProfit": "26567000",
            "totalRevenue": "84197000",
            "sentiment": 0,
            "surprise": "0.09",
            "closePrice": "19.5336600425978"
        },
        {
            "fiscalDateEnding": "2020-03-31",
            "totalCurrentAssets": "282978000",
            "cashAndShortTermInvestments": "150955000",
            "totalCurrentLiabilities": "93238000",
            "currentDebt": "3178000",
            "netIncome": "3808000",
            "capitalExpenditures": "4570000",
            "operatingCashflow": "11927000",
            "grossProfit": "32899000",
            "totalRevenue": "103075000",
            "sentiment": 0,
            "surprise": "0.05",
            "closePrice": "22.3218699427878"
        },
        {
            "fiscalDateEnding": "2019-12-31",
            "totalCurrentAssets": "237478000",
            "cashAndShortTermInvestments": "100241000",
            "totalCurrentLiabilities": "96948000",
            "currentDebt": "2787000",
            "netIncome": "10062000",
            "capitalExpenditures": "6434000",
            "operatingCashflow": "23670000",
            "grossProfit": "38700000",
            "totalRevenue": "115040000",
            "sentiment": 0,
            "surprise": "0.02",
            "closePrice": "29.9612617271076"
        },
        {
            "fiscalDateEnding": "2019-09-30",
            "totalCurrentAssets": "245029000",
            "cashAndShortTermInvestments": "101199000",
            "totalCurrentLiabilities": "100551000",
            "currentDebt": "None",
            "netIncome": "2722000",
            "capitalExpenditures": "5869000",
            "operatingCashflow": "16551000",
            "grossProfit": "37057000",
            "totalRevenue": "115651000",
            "sentiment": 0,
            "surprise": "-0.1",
            "closePrice": "27.3673731929595"
        },
        {
            "fiscalDateEnding": "2019-06-30",
            "totalCurrentAssets": "250419000",
            "cashAndShortTermInvestments": "105578000",
            "totalCurrentLiabilities": "96315000",
            "currentDebt": "None",
            "netIncome": "11943000",
            "capitalExpenditures": "4105000",
            "operatingCashflow": "14591000",
            "grossProfit": "41204000",
            "totalRevenue": "120684000",
            "sentiment": 0,
            "surprise": "0.02",
            "closePrice": "30.8713128529377"
        },
        {
            "fiscalDateEnding": "2019-03-31",
            "totalCurrentAssets": "242225000",
            "cashAndShortTermInvestments": "100708000",
            "totalCurrentLiabilities": "97504000",
            "currentDebt": "2787000",
            "netIncome": "11419000",
            "capitalExpenditures": "5325000",
            "operatingCashflow": "9593000",
            "grossProfit": "40615000",
            "totalRevenue": "117625000",
            "sentiment": 0,
            "surprise": "0.02",
            "closePrice": "29.1590745943428"
        },
        {
            "fiscalDateEnding": "2018-12-31",
            "totalCurrentAssets": "239359000",
            "cashAndShortTermInvestments": "100933000",
            "totalCurrentLiabilities": "103993000",
            "currentDebt": "None",
            "netIncome": "17564000",
            "capitalExpenditures": "7688000",
            "operatingCashflow": "15592000",
            "grossProfit": "42645000",
            "totalRevenue": "120073000",
            "sentiment": 0,
            "surprise": "-0.01",
            "closePrice": "28.6243254031291"
        },
        {
            "fiscalDateEnding": "2018-09-30",
            "totalCurrentAssets": "238998000",
            "cashAndShortTermInvestments": "103754000",
            "totalCurrentLiabilities": "105660000",
            "currentDebt": "None",
            "netIncome": "10211000",
            "capitalExpenditures": "5890000",
            "operatingCashflow": "14839000",
            "grossProfit": "42082000",
            "totalRevenue": "118859000",
            "sentiment": 0,
            "surprise": "0.01",
            "closePrice": "26.2336728771539"
        },
        {
            "fiscalDateEnding": "2018-06-30",
            "totalCurrentAssets": "232060000",
            "cashAndShortTermInvestments": "102861000",
            "totalCurrentLiabilities": "105146000",
            "currentDebt": "None",
            "netIncome": "7209000",
            "capitalExpenditures": "7998000",
            "operatingCashflow": "7567000",
            "grossProfit": "41813000",
            "totalRevenue": "118021000",
            "sentiment": 0,
            "surprise": "0.04",
            "closePrice": "34.6973888049857"
        },
        {
            "fiscalDateEnding": "2018-03-31",
            "totalCurrentAssets": "242538000",
            "cashAndShortTermInvestments": "121383000",
            "totalCurrentLiabilities": "102461000",
            "currentDebt": "None",
            "netIncome": "11548000",
            "capitalExpenditures": "6912000",
            "operatingCashflow": "20154000",
            "grossProfit": "38433000",
            "totalRevenue": "113530000",
            "sentiment": 0,
            "surprise": "0.04",
            "closePrice": "29.0275708966045"
        },
        {
            "fiscalDateEnding": "2017-12-31",
            "totalCurrentAssets": "233609000",
            "cashAndShortTermInvestments": "113572000",
            "totalCurrentLiabilities": "102412000",
            "currentDebt": "None",
            "netIncome": "-13621000",
            "capitalExpenditures": "6107000",
            "operatingCashflow": "11081000",
            "grossProfit": "32875000",
            "totalRevenue": "110910000",
            "sentiment": 0,
            "surprise": "0.08",
            "closePrice": "26.0777181796763"
        },
        {
            "fiscalDateEnding": "2017-09-30",
            "totalCurrentAssets": "229774000",
            "cashAndShortTermInvestments": "116152000",
            "totalCurrentLiabilities": "100842000",
            "currentDebt": "None",
            "netIncome": "9619000",
            "capitalExpenditures": "2877000",
            "operatingCashflow": "23696000",
            "grossProfit": "37538000",
            "totalRevenue": "106243000",
            "sentiment": 0,
            "surprise": "0.02",
            "closePrice": "25.4091614898889"
        },
        {
            "fiscalDateEnding": "2017-06-30",
            "totalCurrentAssets": "222570000",
            "cashAndShortTermInvestments": "107814000",
            "totalCurrentLiabilities": "94563000",
            "currentDebt": "1059000",
            "netIncome": "9966000",
            "capitalExpenditures": "5304000",
            "operatingCashflow": "13492000",
            "grossProfit": "35794000",
            "totalRevenue": "105686000",
            "sentiment": 0,
            "surprise": "-0.02",
            "closePrice": "21.2607969696106"
        },
        {
            "fiscalDateEnding": "2017-03-31",
            "totalCurrentAssets": "227220000",
            "cashAndShortTermInvestments": "121819000",
            "totalCurrentLiabilities": "92996000",
            "currentDebt": "1006000",
            "netIncome": "8484000",
            "capitalExpenditures": "3806000",
            "operatingCashflow": "9779000",
            "grossProfit": "34224000",
            "totalRevenue": "100154000",
            "sentiment": 0,
            "surprise": "0",
            "closePrice": "20.9794255811442"
        },
        {
            "fiscalDateEnding": "2016-12-31",
            "totalCurrentAssets": "215707000",
            "cashAndShortTermInvestments": "113805000",
            "totalCurrentLiabilities": "98129000",
            "currentDebt": "1006000",
            "netIncome": "8310000",
            "capitalExpenditures": "6033000",
            "operatingCashflow": "13137000",
            "grossProfit": "35861000",
            "totalRevenue": "94485000",
            "sentiment": 0,
            "surprise": "0.04",
            "closePrice": "22.1933801871481"
        },
        {
            "fiscalDateEnding": "2016-09-30",
            "totalCurrentAssets": "216843000",
            "cashAndShortTermInvestments": "114433000",
            "totalCurrentLiabilities": "101135000",
            "currentDebt": "None",
            "netIncome": "3720000",
            "capitalExpenditures": "6984000",
            "operatingCashflow": "17839000",
            "grossProfit": "36641000",
            "totalRevenue": "98765000",
            "sentiment": 0,
            "surprise": "0.04",
            "closePrice": "16.8691878648142"
        },
        {
            "fiscalDateEnding": "2016-06-30",
            "totalCurrentAssets": "220472000",
            "cashAndShortTermInvestments": "119912000",
            "totalCurrentLiabilities": "97095000",
            "currentDebt": "None",
            "netIncome": "14487000",
            "capitalExpenditures": "4606000",
            "operatingCashflow": "13402000",
            "grossProfit": "34457000",
            "totalRevenue": "96424000",
            "sentiment": 0,
            "surprise": "-0.01",
            "closePrice": "18.3289980745699"
        },
        {
            "fiscalDateEnding": "2016-03-31",
            "totalCurrentAssets": "235654000",
            "cashAndShortTermInvestments": "130964000",
            "totalCurrentLiabilities": "100533000",
            "currentDebt": "None",
            "netIncome": "7863000",
            "capitalExpenditures": "2877000",
            "operatingCashflow": "2824000",
            "grossProfit": "33468000",
            "totalRevenue": "95654000",
            "sentiment": 0,
            "surprise": "0.04",
            "closePrice": "17.0914810132157"
        },
        {
            "fiscalDateEnding": "2015-12-31",
            "totalCurrentAssets": "245954000",
            "cashAndShortTermInvestments": "156928000",
            "totalCurrentLiabilities": "94620000",
            "currentDebt": "None",
            "netIncome": "-13653000",
            "capitalExpenditures": "3164000",
            "operatingCashflow": "15033000",
            "grossProfit": "30154000",
            "totalRevenue": "93282000",
            "sentiment": 0,
            "surprise": "-0.05",
            "closePrice": "13.0957430462392"
        },
        {
            "fiscalDateEnding": "2015-09-30",
            "totalCurrentAssets": "257708000",
            "cashAndShortTermInvestments": "150755000",
            "totalCurrentLiabilities": "91603000",
            "currentDebt": "None",
            "netIncome": "-4760000",
            "capitalExpenditures": "2654000",
            "operatingCashflow": "8624000",
            "grossProfit": "31446000",
            "totalRevenue": "89932000",
            "sentiment": 0,
            "surprise": "0",
            "closePrice": "19.2006408796581"
        },
        {
            "fiscalDateEnding": "2015-06-30",
            "totalCurrentAssets": "261661000",
            "cashAndShortTermInvestments": "146791000",
            "totalCurrentLiabilities": "83483000",
            "currentDebt": "None",
            "netIncome": "19080000",
            "capitalExpenditures": "2713000",
            "operatingCashflow": "15011000",
            "grossProfit": "33373000",
            "totalRevenue": "99418000",
            "sentiment": 0,
            "surprise": "0.04",
            "closePrice": "17.7994200131633"
        },
        {
            "fiscalDateEnding": "2015-03-31",
            "totalCurrentAssets": "254710000",
            "cashAndShortTermInvestments": "138333000",
            "totalCurrentLiabilities": "82850000",
            "currentDebt": "None",
            "netIncome": "6287000",
            "capitalExpenditures": "1192000",
            "operatingCashflow": "483000",
            "grossProfit": "32136000",
            "totalRevenue": "99411000",
            "sentiment": 0,
            "surprise": "0",
            "closePrice": "16.9471875163106"
        },
        {
            "fiscalDateEnding": "2014-12-31",
            "totalCurrentAssets": "240401000",
            "cashAndShortTermInvestments": "134508000",
            "totalCurrentLiabilities": "79982000",
            "currentDebt": "None",
            "netIncome": "6964000",
            "capitalExpenditures": "3943000",
            "operatingCashflow": "18006000",
            "grossProfit": "33026000",
            "totalRevenue": "100378000",
            "sentiment": 0,
            "surprise": "0.01",
            "closePrice": "16.0196085392099"
        },
        {
            "fiscalDateEnding": "2014-09-30",
            "totalCurrentAssets": "244454000",
            "cashAndShortTermInvestments": "130884000",
            "totalCurrentLiabilities": "84295000",
            "currentDebt": "None",
            "netIncome": "8117000",
            "capitalExpenditures": "3015000",
            "operatingCashflow": "5287000",
            "grossProfit": "32499000",
            "totalRevenue": "99389000",
            "sentiment": 0,
            "surprise": "0.05",
            "closePrice": "15.7484210619599"
        },
        {
            "fiscalDateEnding": "2014-06-30",
            "totalCurrentAssets": "235572000",
            "cashAndShortTermInvestments": "127230000",
            "totalCurrentLiabilities": "85298000",
            "currentDebt": "None",
            "netIncome": "6361000",
            "capitalExpenditures": "3216000",
            "operatingCashflow": "16134000",
            "grossProfit": "33823000",
            "totalRevenue": "102398000",
            "sentiment": 0,
            "surprise": "0.01",
            "closePrice": "16.7936291756067"
        },
        {
            "fiscalDateEnding": "2014-03-31",
            "totalCurrentAssets": "231533000",
            "cashAndShortTermInvestments": "118969000",
            "totalCurrentLiabilities": "83184000",
            "currentDebt": "None",
            "netIncome": "5080000",
            "capitalExpenditures": "2775000",
            "operatingCashflow": "-6078000",
            "grossProfit": "30615000",
            "totalRevenue": "100093000",
            "sentiment": 0,
            "surprise": "-0.02",
            "closePrice": "17.8098958655509"
        },
        {
            "fiscalDateEnding": "2013-12-31",
            "totalCurrentAssets": "236269000",
            "cashAndShortTermInvestments": "124368000",
            "totalCurrentLiabilities": "95120000",
            "currentDebt": "None",
            "netIncome": "-2981000",
            "capitalExpenditures": "3074000",
            "operatingCashflow": "12076000",
            "grossProfit": "30166000",
            "totalRevenue": "102386000",
            "sentiment": 0,
            "surprise": "0.02",
            "closePrice": "16.6120851609899"
        },
        {
            "fiscalDateEnding": "2013-09-30",
            "totalCurrentAssets": "307807000",
            "cashAndShortTermInvestments": "96730000",
            "totalCurrentLiabilities": "121765000",
            "currentDebt": "None",
            "netIncome": "6819000",
            "capitalExpenditures": "2549000",
            "operatingCashflow": "15278000",
            "grossProfit": "32001000",
            "totalRevenue": "158714000",
            "sentiment": 0,
            "surprise": "-0.03",
            "closePrice": "16.5674738971508"
        },
        {
            "fiscalDateEnding": "2013-06-30",
            "totalCurrentAssets": "294067000",
            "cashAndShortTermInvestments": "86044000",
            "totalCurrentLiabilities": "117480000",
            "currentDebt": "None",
            "netIncome": "-11335000",
            "capitalExpenditures": "3660000",
            "operatingCashflow": "13705000",
            "grossProfit": "32400000",
            "totalRevenue": "150482000",
            "sentiment": 0,
            "surprise": "0.02",
            "closePrice": "13.8028568895188"
        },
        {
            "fiscalDateEnding": "2013-03-31",
            "totalCurrentAssets": "315047000",
            "cashAndShortTermInvestments": "109432000",
            "totalCurrentLiabilities": "108394000",
            "currentDebt": "None",
            "netIncome": "3568000",
            "capitalExpenditures": "4699000",
            "operatingCashflow": "-3488000",
            "grossProfit": "26786000",
            "totalRevenue": "148597000",
            "sentiment": 0,
            "surprise": "0",
            "closePrice": "10.0043555491486"
        },
        {
            "fiscalDateEnding": "2012-12-31",
            "totalCurrentAssets": "309298000",
            "cashAndShortTermInvestments": "109571000",
            "totalCurrentLiabilities": "115040000",
            "currentDebt": "None",
            "netIncome": "8832000",
            "capitalExpenditures": "3685000",
            "operatingCashflow": "16668000",
            "grossProfit": "22387000",
            "totalRevenue": "138298000",
            "sentiment": 0,
            "surprise": "-0.07",
            "closePrice": "9.78589448431838"
        },
        {
            "fiscalDateEnding": "2012-09-30",
            "totalCurrentAssets": "269153000",
            "cashAndShortTermInvestments": "88620000",
            "totalCurrentLiabilities": "96073000",
            "currentDebt": "None",
            "netIncome": "5917000",
            "capitalExpenditures": "2902000",
            "operatingCashflow": "13001000",
            "grossProfit": "23146000",
            "totalRevenue": "136773000",
            "sentiment": 0,
            "surprise": "0",
            "closePrice": "7.43880407605607"
        },
        {
            "fiscalDateEnding": "2012-06-30",
            "totalCurrentAssets": "276390000",
            "cashAndShortTermInvestments": "83039000",
            "totalCurrentLiabilities": "109378000",
            "currentDebt": "None",
            "netIncome": "3301000",
            "capitalExpenditures": "2508000",
            "operatingCashflow": "16091000",
            "grossProfit": "-19500000",
            "totalRevenue": "153009000",
            "sentiment": 0,
            "surprise": "0.02",
            "closePrice": "8.16903868540614"
        },
        {
            "fiscalDateEnding": "2012-03-31",
            "totalCurrentAssets": "293215000",
            "cashAndShortTermInvestments": "84441000",
            "totalCurrentLiabilities": "116216000",
            "currentDebt": "None",
            "netIncome": "2283000",
            "capitalExpenditures": "6135000",
            "operatingCashflow": "-4106000",
            "grossProfit": "22781000",
            "totalRevenue": "146969000",
            "sentiment": 0,
            "surprise": "-0.04",
            "closePrice": "9.96621669287256"
        },
        {
            "fiscalDateEnding": "2011-12-31",
            "totalCurrentAssets": "283386000",
            "cashAndShortTermInvestments": "76412000",
            "totalCurrentLiabilities": "124237000",
            "currentDebt": "None",
            "netIncome": "5856000",
            "capitalExpenditures": "5358000",
            "operatingCashflow": "8815000",
            "grossProfit": "25838000",
            "totalRevenue": "143999000",
            "sentiment": 0,
            "surprise": "-0.01",
            "closePrice": "9.11787795674335"
        },
        {
            "fiscalDateEnding": "2011-09-30",
            "totalCurrentAssets": "292986000",
            "cashAndShortTermInvestments": "89172000",
            "totalCurrentLiabilities": "122234000",
            "currentDebt": "None",
            "netIncome": "5863000",
            "capitalExpenditures": "3690000",
            "operatingCashflow": "4536000",
            "grossProfit": "7189000",
            "totalRevenue": "145521000",
            "sentiment": 0,
            "surprise": "0.07",
            "closePrice": "8.79170410353447"
        },
        {
            "fiscalDateEnding": "2011-06-30",
            "totalCurrentAssets": "275353000",
            "cashAndShortTermInvestments": "75056000",
            "totalCurrentLiabilities": "118051000",
            "currentDebt": "None",
            "netIncome": "4132000",
            "capitalExpenditures": "3358000",
            "operatingCashflow": "11346000",
            "grossProfit": "-11558000",
            "totalRevenue": "146408000",
            "sentiment": 0,
            "surprise": "-0.02",
            "closePrice": "8.81398015482704"
        }
    ]
}