{
    "CTSH": [
        {
            "fiscalDateEnding": "2023-12-31",
            "totalCurrentAssets": "7506000000",
            "cashAndShortTermInvestments": "2635000000",
            "totalCurrentLiabilities": "3333000000",
            "currentDebt": "41000000",
            "netIncome": "558000000",
            "capitalExpenditures": "78000000",
            "operatingCashflow": "737000000",
            "grossProfit": "724000000",
            "totalRevenue": "4758000000",
            "sentiment": 0.18278301935271288,
            "surprise": "0.14",
            "closePrice": "78.4244501940492"
        },
        {
            "fiscalDateEnding": "2023-09-30",
            "totalCurrentAssets": "7127000000",
            "cashAndShortTermInvestments": "2368000000",
            "totalCurrentLiabilities": "3191000000",
            "currentDebt": "33000000",
            "netIncome": "525000000",
            "capitalExpenditures": "73000000",
            "operatingCashflow": "828000000",
            "grossProfit": "686000000",
            "totalRevenue": "4897000000",
            "sentiment": 0.16822685709710983,
            "surprise": "0.07",
            "closePrice": "64.4401600086527"
        },
        {
            "fiscalDateEnding": "2023-06-30",
            "totalCurrentAssets": "6951000000",
            "cashAndShortTermInvestments": "2095000000",
            "totalCurrentLiabilities": "3056000000",
            "currentDebt": "24000000",
            "netIncome": "463000000",
            "capitalExpenditures": "68000000",
            "operatingCashflow": "36000000",
            "grossProfit": "577000000",
            "totalRevenue": "4886000000",
            "sentiment": 0.30993021740110127,
            "surprise": "0.11",
            "closePrice": "64.5450541642018"
        },
        {
            "fiscalDateEnding": "2023-03-31",
            "totalCurrentAssets": "7228000000",
            "cashAndShortTermInvestments": "2481000000",
            "totalCurrentLiabilities": "3321000000",
            "currentDebt": "16000000",
            "netIncome": "580000000",
            "capitalExpenditures": "98000000",
            "operatingCashflow": "729000000",
            "grossProfit": "702000000",
            "totalRevenue": "4812000000",
            "sentiment": 0.20553217018305958,
            "surprise": "0.07",
            "closePrice": "57.8997232650333"
        },
        {
            "fiscalDateEnding": "2022-12-31",
            "totalCurrentAssets": "7266000000",
            "cashAndShortTermInvestments": "2501000000",
            "totalCurrentLiabilities": "3347000000",
            "currentDebt": "13000000",
            "netIncome": "521000000",
            "capitalExpenditures": "90000000",
            "operatingCashflow": "702000000",
            "grossProfit": "686000000",
            "totalRevenue": "4839000000",
            "sentiment": 0.04872373372715649,
            "surprise": "-0.01",
            "closePrice": "69.1812720750853"
        },
        {
            "fiscalDateEnding": "2022-09-30",
            "totalCurrentAssets": "7317000000",
            "cashAndShortTermInvestments": "2731000000",
            "totalCurrentLiabilities": "3223000000",
            "currentDebt": "0",
            "netIncome": "629000000",
            "capitalExpenditures": "79000000",
            "operatingCashflow": "1032000000",
            "grossProfit": "798000000",
            "totalRevenue": "4857000000",
            "sentiment": 0.1887668410504489,
            "surprise": "0.01",
            "closePrice": "58.7322661060934"
        },
        {
            "fiscalDateEnding": "2022-06-30",
            "totalCurrentAssets": "7023000000",
            "cashAndShortTermInvestments": "2320000000",
            "totalCurrentLiabilities": "3153000000",
            "currentDebt": "38000000",
            "netIncome": "577000000",
            "capitalExpenditures": "43000000",
            "operatingCashflow": "528000000",
            "grossProfit": "760000000",
            "totalRevenue": "4906000000",
            "sentiment": -0.007672882069015427,
            "surprise": "0.06",
            "closePrice": "68.2511607675029"
        },
        {
            "fiscalDateEnding": "2022-03-31",
            "totalCurrentAssets": "7077000000",
            "cashAndShortTermInvestments": "2319000000",
            "totalCurrentLiabilities": "3186000000",
            "currentDebt": "38000000",
            "netIncome": "563000000",
            "capitalExpenditures": "120000000",
            "operatingCashflow": "306000000",
            "grossProfit": "724000000",
            "totalRevenue": "4826000000",
            "sentiment": 0.03640137853005291,
            "surprise": "0.04",
            "closePrice": "81.5881279247055"
        },
        {
            "fiscalDateEnding": "2021-12-31",
            "totalCurrentAssets": "7342000000",
            "cashAndShortTermInvestments": "2719000000",
            "totalCurrentLiabilities": "3529000000",
            "currentDebt": "46000000",
            "netIncome": "576000000",
            "capitalExpenditures": "65000000",
            "operatingCashflow": "825000000",
            "grossProfit": "732000000",
            "totalRevenue": "4777000000",
            "sentiment": 0,
            "surprise": "0.06",
            "closePrice": "85.0733009258949"
        },
        {
            "fiscalDateEnding": "2021-09-30",
            "totalCurrentAssets": "6995000000",
            "cashAndShortTermInvestments": "2413000000",
            "totalCurrentLiabilities": "3319000000",
            "currentDebt": "38000000",
            "netIncome": "544000000",
            "capitalExpenditures": "51000000",
            "operatingCashflow": "948000000",
            "grossProfit": "729000000",
            "totalRevenue": "4744000000",
            "sentiment": 0,
            "surprise": "0.01",
            "closePrice": "74.6999706391487"
        },
        {
            "fiscalDateEnding": "2021-06-30",
            "totalCurrentAssets": "6451000000",
            "cashAndShortTermInvestments": "1850000000",
            "totalCurrentLiabilities": "3183000000",
            "currentDebt": "38000000",
            "netIncome": "512000000",
            "capitalExpenditures": "75000000",
            "operatingCashflow": "541000000",
            "grossProfit": "696000000",
            "totalRevenue": "4585000000",
            "sentiment": 0,
            "surprise": "0.03",
            "closePrice": "66.8749756751466"
        },
        {
            "fiscalDateEnding": "2021-03-31",
            "totalCurrentAssets": "6595000000",
            "cashAndShortTermInvestments": "2158000000",
            "totalCurrentLiabilities": "3150000000",
            "currentDebt": "38000000",
            "netIncome": "505000000",
            "capitalExpenditures": "88000000",
            "operatingCashflow": "181000000",
            "grossProfit": "669000000",
            "totalRevenue": "4401000000",
            "sentiment": 0,
            "surprise": "0.03",
            "closePrice": "77.7936063510963"
        },
        {
            "fiscalDateEnding": "2020-12-31",
            "totalCurrentAssets": "6851000000",
            "cashAndShortTermInvestments": "2724000000",
            "totalCurrentLiabilities": "3540000000",
            "currentDebt": "49000000",
            "netIncome": "316000000",
            "capitalExpenditures": "89000000",
            "operatingCashflow": "898000000",
            "grossProfit": "465000000",
            "totalRevenue": "4184000000",
            "sentiment": 0,
            "surprise": "-0.23",
            "closePrice": "75.5318447260622"
        },
        {
            "fiscalDateEnding": "2020-09-30",
            "totalCurrentAssets": "8619000000",
            "cashAndShortTermInvestments": "4575000000",
            "totalCurrentLiabilities": "3296000000",
            "currentDebt": "38000000",
            "netIncome": "348000000",
            "capitalExpenditures": "104000000",
            "operatingCashflow": "925000000",
            "grossProfit": "603000000",
            "totalRevenue": "4243000000",
            "sentiment": 0,
            "surprise": "0.06",
            "closePrice": "67.4885860527878"
        },
        {
            "fiscalDateEnding": "2020-06-30",
            "totalCurrentAssets": "8531000000",
            "cashAndShortTermInvestments": "4582000000",
            "totalCurrentLiabilities": "3212000000",
            "currentDebt": "244000000",
            "netIncome": "361000000",
            "capitalExpenditures": "93000000",
            "operatingCashflow": "979000000",
            "grossProfit": "467000000",
            "totalRevenue": "4000000000",
            "sentiment": 0,
            "surprise": "0.13",
            "closePrice": "61.2956982176984"
        },
        {
            "fiscalDateEnding": "2020-03-31",
            "totalCurrentAssets": "8325000000",
            "cashAndShortTermInvestments": "4282000000",
            "totalCurrentLiabilities": "2872000000",
            "currentDebt": "235000000",
            "netIncome": "367000000",
            "capitalExpenditures": "112000000",
            "operatingCashflow": "497000000",
            "grossProfit": "579000000",
            "totalRevenue": "4225000000",
            "sentiment": 0,
            "surprise": "0.04",
            "closePrice": "55.3543555238455"
        },
        {
            "fiscalDateEnding": "2019-12-31",
            "totalCurrentAssets": "7611000000",
            "cashAndShortTermInvestments": "3424000000",
            "totalCurrentLiabilities": "2983000000",
            "currentDebt": "38000000",
            "netIncome": "395000000",
            "capitalExpenditures": "93000000",
            "operatingCashflow": "938000000",
            "grossProfit": "626000000",
            "totalRevenue": "4284000000",
            "sentiment": 0,
            "surprise": "0.03",
            "closePrice": "61.0082648658547"
        },
        {
            "fiscalDateEnding": "2019-09-30",
            "totalCurrentAssets": "7391000000",
            "cashAndShortTermInvestments": "3077000000",
            "totalCurrentLiabilities": "2919000000",
            "currentDebt": "38000000",
            "netIncome": "497000000",
            "capitalExpenditures": "97000000",
            "operatingCashflow": "717000000",
            "grossProfit": "796000000",
            "totalRevenue": "4248000000",
            "sentiment": 0,
            "surprise": "0.03",
            "closePrice": "56.0618207587837"
        },
        {
            "fiscalDateEnding": "2019-06-30",
            "totalCurrentAssets": "7206000000",
            "cashAndShortTermInvestments": "3003000000",
            "totalCurrentLiabilities": "2824000000",
            "currentDebt": "28000000",
            "netIncome": "509000000",
            "capitalExpenditures": "96000000",
            "operatingCashflow": "575000000",
            "grossProfit": "744000000",
            "totalRevenue": "4141000000",
            "sentiment": 0,
            "surprise": "0.02",
            "closePrice": "60.7799854506975"
        },
        {
            "fiscalDateEnding": "2019-03-31",
            "totalCurrentAssets": "7883000000",
            "cashAndShortTermInvestments": "3668000000",
            "totalCurrentLiabilities": "2720000000",
            "currentDebt": "19000000",
            "netIncome": "441000000",
            "capitalExpenditures": "106000000",
            "operatingCashflow": "269000000",
            "grossProfit": "3237000000",
            "totalRevenue": "4110000000",
            "sentiment": 0,
            "surprise": "-0.13",
            "closePrice": "61.9484841806608"
        },
        {
            "fiscalDateEnding": "2018-12-31",
            "totalCurrentAssets": "8610000000",
            "cashAndShortTermInvestments": "4511000000",
            "totalCurrentLiabilities": "2710000000",
            "currentDebt": "9000000",
            "netIncome": "648000000",
            "capitalExpenditures": "96000000",
            "operatingCashflow": "702000000",
            "grossProfit": "3353000000",
            "totalRevenue": "4129000000",
            "sentiment": 0,
            "surprise": "0.06",
            "closePrice": "69.0950578515401"
        },
        {
            "fiscalDateEnding": "2018-09-30",
            "totalCurrentAssets": "8727000000",
            "cashAndShortTermInvestments": "4763000000",
            "totalCurrentLiabilities": "2693000000",
            "currentDebt": "100000000",
            "netIncome": "477000000",
            "capitalExpenditures": "94000000",
            "operatingCashflow": "862000000",
            "grossProfit": "7294000000",
            "totalRevenue": "4078000000",
            "sentiment": 0,
            "surprise": "0.06",
            "closePrice": "61.5162364306957"
        },
        {
            "fiscalDateEnding": "2018-06-30",
            "totalCurrentAssets": "8303000000",
            "cashAndShortTermInvestments": "4247000000",
            "totalCurrentLiabilities": "2537000000",
            "currentDebt": "100000000",
            "netIncome": "456000000",
            "capitalExpenditures": "91000000",
            "operatingCashflow": "640000000",
            "grossProfit": "7120000000",
            "totalRevenue": "4006000000",
            "sentiment": 0,
            "surprise": "0.09",
            "closePrice": "70.8891514283899"
        },
        {
            "fiscalDateEnding": "2018-03-31",
            "totalCurrentAssets": "8990000000",
            "cashAndShortTermInvestments": "4989000000",
            "totalCurrentLiabilities": "2469000000",
            "currentDebt": "100000000",
            "netIncome": "520000000",
            "capitalExpenditures": "96000000",
            "operatingCashflow": "388000000",
            "grossProfit": "7076000000",
            "totalRevenue": "3912000000",
            "sentiment": 0,
            "surprise": "0",
            "closePrice": "71.6223647423628"
        },
        {
            "fiscalDateEnding": "2017-12-31",
            "totalCurrentAssets": "9111000000",
            "cashAndShortTermInvestments": "5056000000",
            "totalCurrentLiabilities": "2839000000",
            "currentDebt": "175000000",
            "netIncome": "-18000000",
            "capitalExpenditures": "80000000",
            "operatingCashflow": "836000000",
            "grossProfit": "3128000000",
            "totalRevenue": "3828000000",
            "sentiment": 0,
            "surprise": "0.06",
            "closePrice": "70.2180345643842"
        },
        {
            "fiscalDateEnding": "2017-09-30",
            "totalCurrentAssets": "8557000000",
            "cashAndShortTermInvestments": "4713000000",
            "totalCurrentLiabilities": "2600000000",
            "currentDebt": "100000000",
            "netIncome": "495000000",
            "capitalExpenditures": "78000000",
            "operatingCashflow": "773000000",
            "grossProfit": "3070000000",
            "totalRevenue": "3766000000",
            "sentiment": 0,
            "surprise": "0.03",
            "closePrice": "67.3449079640955"
        },
        {
            "fiscalDateEnding": "2017-06-30",
            "totalCurrentAssets": "8099000000",
            "cashAndShortTermInvestments": "4378000000",
            "totalCurrentLiabilities": "2415000000",
            "currentDebt": "244000000",
            "netIncome": "470000000",
            "capitalExpenditures": "60000000",
            "operatingCashflow": "521000000",
            "grossProfit": "2960000000",
            "totalRevenue": "3670000000",
            "sentiment": 0,
            "surprise": "0.03",
            "closePrice": "63.9204979284655"
        },
        {
            "fiscalDateEnding": "2017-03-31",
            "totalCurrentAssets": "7842000000",
            "cashAndShortTermInvestments": "4274000000",
            "totalCurrentLiabilities": "2585000000",
            "currentDebt": "437000000",
            "netIncome": "557000000",
            "capitalExpenditures": "66000000",
            "operatingCashflow": "277000000",
            "grossProfit": "2906000000",
            "totalRevenue": "3546000000",
            "sentiment": 0,
            "surprise": "0.01",
            "closePrice": "57.6376368299688"
        },
        {
            "fiscalDateEnding": "2016-12-31",
            "totalCurrentAssets": "8600000000",
            "cashAndShortTermInvestments": "5169000000",
            "totalCurrentLiabilities": "2418000000",
            "currentDebt": "81000000",
            "netIncome": "416000000",
            "capitalExpenditures": "87200000",
            "operatingCashflow": "604000000",
            "grossProfit": "2732000000",
            "totalRevenue": "3480700000",
            "sentiment": 0,
            "surprise": "0.01",
            "closePrice": "51.4654318103723"
        },
        {
            "fiscalDateEnding": "2016-09-30",
            "totalCurrentAssets": "8199800000",
            "cashAndShortTermInvestments": "4858300000",
            "totalCurrentLiabilities": "2300700000",
            "currentDebt": "75000000",
            "netIncome": "444000000",
            "capitalExpenditures": "74200000",
            "operatingCashflow": "603000000",
            "grossProfit": "2754700000",
            "totalRevenue": "3455200000",
            "sentiment": 0,
            "surprise": "0.02",
            "closePrice": "49.9155428098828"
        },
        {
            "fiscalDateEnding": "2016-06-30",
            "totalCurrentAssets": "7758900000",
            "cashAndShortTermInvestments": "4480700000",
            "totalCurrentLiabilities": "2120000000",
            "currentDebt": "68800000",
            "netIncome": "252000000",
            "capitalExpenditures": "74900000",
            "operatingCashflow": "366000000",
            "grossProfit": "2691200000",
            "totalRevenue": "3345100000",
            "sentiment": 0,
            "surprise": "0.05",
            "closePrice": "54.437571893664"
        },
        {
            "fiscalDateEnding": "2016-03-31",
            "totalCurrentAssets": "7570900000",
            "cashAndShortTermInvestments": "4451900000",
            "totalCurrentLiabilities": "2050400000",
            "currentDebt": "162500000",
            "netIncome": "441000000",
            "capitalExpenditures": "63700000",
            "operatingCashflow": "72000000",
            "grossProfit": "2559800000",
            "totalRevenue": "3206000000",
            "sentiment": 0,
            "surprise": "0.01",
            "closePrice": "55.2033993997882"
        },
        {
            "fiscalDateEnding": "2015-12-31",
            "totalCurrentAssets": "7909000000",
            "cashAndShortTermInvestments": "4949000000",
            "totalCurrentLiabilities": "2714000000",
            "currentDebt": "406000000",
            "netIncome": "424000000",
            "capitalExpenditures": "74100000",
            "operatingCashflow": "723700000",
            "grossProfit": "2487000000",
            "totalRevenue": "3232500000",
            "sentiment": 0,
            "surprise": "0.02",
            "closePrice": "49.2773532214459"
        },
        {
            "fiscalDateEnding": "2015-09-30",
            "totalCurrentAssets": "7237900000",
            "cashAndShortTermInvestments": "4050700000",
            "totalCurrentLiabilities": "2128400000",
            "currentDebt": "50000000",
            "netIncome": "397000000",
            "capitalExpenditures": "65100000",
            "operatingCashflow": "817900000",
            "grossProfit": "2457300000",
            "totalRevenue": "3166900000",
            "sentiment": 0,
            "surprise": "0",
            "closePrice": "60.9197547133583"
        },
        {
            "fiscalDateEnding": "2015-06-30",
            "totalCurrentAssets": "6771400000",
            "cashAndShortTermInvestments": "3566500000",
            "totalCurrentLiabilities": "1956500000",
            "currentDebt": "150000000",
            "netIncome": "420000000",
            "capitalExpenditures": "75600000",
            "operatingCashflow": "456100000",
            "grossProfit": "2375800000",
            "totalRevenue": "3070600000",
            "sentiment": 0,
            "surprise": "0.06",
            "closePrice": "61.3938384076257"
        },
        {
            "fiscalDateEnding": "2015-03-31",
            "totalCurrentAssets": "6406500000",
            "cashAndShortTermInvestments": "3349800000",
            "totalCurrentLiabilities": "1884100000",
            "currentDebt": "150000000",
            "netIncome": "383000000",
            "capitalExpenditures": "58000000",
            "operatingCashflow": "189300000",
            "grossProfit": "2220300000",
            "totalRevenue": "2904200000",
            "sentiment": 0,
            "surprise": "0.01",
            "closePrice": "57.2364890886656"
        },
        {
            "fiscalDateEnding": "2014-12-31",
            "totalCurrentAssets": "6420600000",
            "cashAndShortTermInvestments": "3774600000",
            "totalCurrentLiabilities": "2592100000",
            "currentDebt": "700000000",
            "netIncome": "362900000",
            "capitalExpenditures": "74656000",
            "operatingCashflow": "324200000",
            "grossProfit": "2118792000",
            "totalRevenue": "2742230000",
            "sentiment": 0,
            "surprise": "0.02",
            "closePrice": "52.7691619696076"
        },
        {
            "fiscalDateEnding": "2014-09-30",
            "totalCurrentAssets": "7260026000",
            "cashAndShortTermInvestments": "4618460000",
            "totalCurrentLiabilities": "1741464000",
            "currentDebt": "None",
            "netIncome": "355600000",
            "capitalExpenditures": "55590000",
            "operatingCashflow": "583200000",
            "grossProfit": "2016119000",
            "totalRevenue": "2569787000",
            "sentiment": 0,
            "surprise": "-0.01",
            "closePrice": "47.7730491915591"
        },
        {
            "fiscalDateEnding": "2014-06-30",
            "totalCurrentAssets": "6740690000",
            "cashAndShortTermInvestments": "4129179000",
            "totalCurrentLiabilities": "1567662000",
            "currentDebt": "None",
            "netIncome": "371900000",
            "capitalExpenditures": "38701000",
            "operatingCashflow": "408300000",
            "grossProfit": "1986631000",
            "totalRevenue": "2516342000",
            "sentiment": 0,
            "surprise": "0.03",
            "closePrice": "39.8139133243394"
        },
        {
            "fiscalDateEnding": "2014-03-31",
            "totalCurrentAssets": "6290740000",
            "cashAndShortTermInvestments": "3864993000",
            "totalCurrentLiabilities": "1502866000",
            "currentDebt": "None",
            "netIncome": "348900000",
            "capitalExpenditures": "43256000",
            "operatingCashflow": "157300000",
            "grossProfit": "1891263000",
            "totalRevenue": "2421131000",
            "sentiment": 0,
            "surprise": "0.02",
            "closePrice": "42.8681063547158"
        },
        {
            "fiscalDateEnding": "2013-12-31",
            "totalCurrentAssets": "6147882000",
            "cashAndShortTermInvestments": "3747467000",
            "totalCurrentLiabilities": "1774508000",
            "currentDebt": "0",
            "netIncome": "324332000",
            "capitalExpenditures": "107280000",
            "operatingCashflow": "505897000",
            "grossProfit": "1858996000",
            "totalRevenue": "2355488000",
            "sentiment": 0,
            "surprise": "0",
            "closePrice": "42.3256452045444"
        },
        {
            "fiscalDateEnding": "2013-09-30",
            "totalCurrentAssets": "5739205000",
            "cashAndShortTermInvestments": "3360599000",
            "totalCurrentLiabilities": "1602038000",
            "currentDebt": "None",
            "netIncome": "319627000",
            "capitalExpenditures": "31836000",
            "operatingCashflow": "478878000",
            "grossProfit": "1820010000",
            "totalRevenue": "2306038000",
            "sentiment": 0,
            "surprise": "0.03",
            "closePrice": "40.8395751628986"
        },
        {
            "fiscalDateEnding": "2013-06-30",
            "totalCurrentAssets": "5133961000",
            "cashAndShortTermInvestments": "2900569000",
            "totalCurrentLiabilities": "1357297000",
            "currentDebt": "None",
            "netIncome": "300410000",
            "capitalExpenditures": "50325000",
            "operatingCashflow": "365557000",
            "grossProfit": "1699712000",
            "totalRevenue": "2162136000",
            "sentiment": 0,
            "surprise": "0.01",
            "closePrice": "33.7374367430085"
        },
        {
            "fiscalDateEnding": "2013-03-31",
            "totalCurrentAssets": "4836640000",
            "cashAndShortTermInvestments": "2744446000",
            "totalCurrentLiabilities": "1225843000",
            "currentDebt": "None",
            "netIncome": "284209000",
            "capitalExpenditures": "72185000",
            "operatingCashflow": "73468000",
            "grossProfit": "1566191000",
            "totalRevenue": "2021057000",
            "sentiment": 0,
            "surprise": "0.01",
            "closePrice": "31.0661574656942"
        },
        {
            "fiscalDateEnding": "2012-12-31",
            "totalCurrentAssets": "4814294000",
            "cashAndShortTermInvestments": "2863781000",
            "totalCurrentLiabilities": "1377330000",
            "currentDebt": "None",
            "netIncome": "278779000",
            "capitalExpenditures": "125749000",
            "operatingCashflow": "361860000",
            "grossProfit": "1507187000",
            "totalRevenue": "1948215000",
            "sentiment": 0,
            "surprise": "0",
            "closePrice": "35.7887604201269"
        },
        {
            "fiscalDateEnding": "2012-09-30",
            "totalCurrentAssets": "4541531000",
            "cashAndShortTermInvestments": "2631748000",
            "totalCurrentLiabilities": "1275588000",
            "currentDebt": "None",
            "netIncome": "276901000",
            "capitalExpenditures": "69944000",
            "operatingCashflow": "384860000",
            "grossProfit": "1468154000",
            "totalRevenue": "1892558000",
            "sentiment": 0,
            "surprise": "0.03",
            "closePrice": "30.5145793214023"
        },
        {
            "fiscalDateEnding": "2012-06-30",
            "totalCurrentAssets": "4152352000",
            "cashAndShortTermInvestments": "2346142000",
            "totalCurrentLiabilities": "1151095000",
            "currentDebt": "None",
            "netIncome": "251932000",
            "capitalExpenditures": "78321000",
            "operatingCashflow": "324100000",
            "grossProfit": "1363389000",
            "totalRevenue": "1795762000",
            "sentiment": 0,
            "surprise": "0.01",
            "closePrice": "29.2701096239504"
        },
        {
            "fiscalDateEnding": "2012-03-31",
            "totalCurrentAssets": "4196742000",
            "cashAndShortTermInvestments": "2491195000",
            "totalCurrentLiabilities": "1021245000",
            "currentDebt": "None",
            "netIncome": "243651000",
            "capitalExpenditures": "60451000",
            "operatingCashflow": "101763000",
            "grossProfit": "1302864000",
            "totalRevenue": "1711794000",
            "sentiment": 0,
            "surprise": "0.01",
            "closePrice": "25.6647942989882"
        },
        {
            "fiscalDateEnding": "2011-12-31",
            "totalCurrentAssets": "4085506000",
            "cashAndShortTermInvestments": "2432264000",
            "totalCurrentLiabilities": "1209705000",
            "currentDebt": "None",
            "netIncome": "240127000",
            "capitalExpenditures": "124561000",
            "operatingCashflow": "285066000",
            "grossProfit": "1278832000",
            "totalRevenue": "1663707000",
            "sentiment": 0,
            "surprise": "0.01",
            "closePrice": "32.2513667013626"
        },
        {
            "fiscalDateEnding": "2011-09-30",
            "totalCurrentAssets": "3812197000",
            "cashAndShortTermInvestments": "2291276000",
            "totalCurrentLiabilities": "1040730000",
            "currentDebt": "None",
            "netIncome": "227119000",
            "capitalExpenditures": "74110000",
            "operatingCashflow": "329344000",
            "grossProfit": "1218932000",
            "totalRevenue": "1601998000",
            "sentiment": 0,
            "surprise": "0.01",
            "closePrice": "31.8730114453608"
        },
        {
            "fiscalDateEnding": "2011-06-30",
            "totalCurrentAssets": "3757897000",
            "cashAndShortTermInvestments": "2269411000",
            "totalCurrentLiabilities": "887351000",
            "currentDebt": "None",
            "netIncome": "208045000",
            "capitalExpenditures": "33735000",
            "operatingCashflow": "215113000",
            "grossProfit": "1131657000",
            "totalRevenue": "1486070000",
            "sentiment": 0,
            "surprise": "0.01",
            "closePrice": "32.0781438130726"
        },
        {
            "fiscalDateEnding": "2011-03-31",
            "totalCurrentAssets": "3535800000",
            "cashAndShortTermInvestments": "2168115000",
            "totalCurrentLiabilities": "801713000",
            "currentDebt": "None",
            "netIncome": "208327000",
            "capitalExpenditures": "55815000",
            "operatingCashflow": "45629000",
            "grossProfit": "1047541000",
            "totalRevenue": "1371253000",
            "sentiment": 0,
            "surprise": "0.02",
            "closePrice": "35.3374692111609"
        },
        {
            "fiscalDateEnding": "2010-12-31",
            "totalCurrentAssets": "3518234000",
            "cashAndShortTermInvestments": "2226388000",
            "totalCurrentLiabilities": "930726000",
            "currentDebt": "None",
            "netIncome": "206166000",
            "capitalExpenditures": "74551000",
            "operatingCashflow": "392294000",
            "grossProfit": "1002644000",
            "totalRevenue": "1310602000",
            "sentiment": 0,
            "surprise": "0",
            "closePrice": "34.0610900342871"
        },
        {
            "fiscalDateEnding": "2010-09-30",
            "totalCurrentAssets": "3234680000",
            "cashAndShortTermInvestments": "1928816000",
            "totalCurrentLiabilities": "804169000",
            "currentDebt": "None",
            "netIncome": "203699000",
            "capitalExpenditures": "44796000",
            "operatingCashflow": "234738000",
            "grossProfit": "927922000",
            "totalRevenue": "1216913000",
            "sentiment": 0,
            "surprise": "0.03",
            "closePrice": "29.6484648799523"
        },
        {
            "fiscalDateEnding": "2010-06-30",
            "totalCurrentAssets": "2804924000",
            "cashAndShortTermInvestments": "1651999000",
            "totalCurrentLiabilities": "645598000",
            "currentDebt": "None",
            "netIncome": "172175000",
            "capitalExpenditures": "41946000",
            "operatingCashflow": "135294000",
            "grossProfit": "846934000",
            "totalRevenue": "1105154000",
            "sentiment": 0,
            "surprise": "0.02",
            "closePrice": "27.6336091793159"
        },
        {
            "fiscalDateEnding": "2010-03-31",
            "totalCurrentAssets": "2469233000",
            "cashAndShortTermInvestments": "1433881000",
            "totalCurrentLiabilities": "578147000",
            "currentDebt": "None",
            "netIncome": "151500000",
            "capitalExpenditures": "24219000",
            "operatingCashflow": "2328000",
            "grossProfit": "738921000",
            "totalRevenue": "959720000",
            "sentiment": 0,
            "surprise": "0.01",
            "closePrice": "23.6130147721637"
        },
        {
            "fiscalDateEnding": "2009-12-31",
            "totalCurrentAssets": "2307568000",
            "cashAndShortTermInvestments": "1399332000",
            "totalCurrentLiabilities": "646608000",
            "currentDebt": "None",
            "netIncome": "144004000",
            "capitalExpenditures": "14626000",
            "operatingCashflow": "237522000",
            "grossProfit": "687704000",
            "totalRevenue": "902721000",
            "sentiment": 0,
            "surprise": "0.01",
            "closePrice": "21.1924528331639"
        },
        {
            "fiscalDateEnding": "2009-09-30",
            "totalCurrentAssets": "2016826000",
            "cashAndShortTermInvestments": "1182701000",
            "totalCurrentLiabilities": "508374000",
            "currentDebt": "None",
            "netIncome": "136572000",
            "capitalExpenditures": "31988000",
            "operatingCashflow": "208455000",
            "grossProfit": "637381000",
            "totalRevenue": "853488000",
            "sentiment": 0,
            "surprise": "0.02",
            "closePrice": "19.1320121619249"
        },
        {
            "fiscalDateEnding": "2009-06-30",
            "totalCurrentAssets": "1763674000",
            "cashAndShortTermInvestments": "983172000",
            "totalCurrentLiabilities": "389858000",
            "currentDebt": "None",
            "netIncome": "141255000",
            "capitalExpenditures": "9553000",
            "operatingCashflow": "151258000",
            "grossProfit": "585010000",
            "totalRevenue": "776592000",
            "sentiment": 0,
            "surprise": "0.05",
            "closePrice": "15.3165501224846"
        }
    ]
}