{
    "CVLT": [
        {
            "fiscalDateEnding": "2023-12-31",
            "totalCurrentAssets": "566534000",
            "cashAndShortTermInvestments": "284310000",
            "totalCurrentLiabilities": "432805000",
            "currentDebt": "None",
            "netIncome": "17140000",
            "capitalExpenditures": "1814000",
            "operatingCashflow": "44439000",
            "grossProfit": "177747000",
            "totalRevenue": "216705000",
            "sentiment": 0.2540325546470121,
            "surprise": "0.05",
            "closePrice": "88.07"
        },
        {
            "fiscalDateEnding": "2023-09-30",
            "totalCurrentAssets": "539961000",
            "cashAndShortTermInvestments": "283287000",
            "totalCurrentLiabilities": "403749000",
            "currentDebt": "None",
            "netIncome": "13017000",
            "capitalExpenditures": "266000",
            "operatingCashflow": "40337000",
            "grossProfit": "163144000",
            "totalRevenue": "200885000",
            "sentiment": 0.23575220348008857,
            "surprise": "0.06",
            "closePrice": "65.35"
        },
        {
            "fiscalDateEnding": "2023-06-30",
            "totalCurrentAssets": "508435000",
            "cashAndShortTermInvestments": "274589000",
            "totalCurrentLiabilities": "385765000",
            "currentDebt": "None",
            "netIncome": "12629000",
            "capitalExpenditures": "1147000",
            "operatingCashflow": "39037000",
            "grossProfit": "162600000",
            "totalRevenue": "198054000",
            "sentiment": 0.17968989786174494,
            "surprise": "0.08",
            "closePrice": "73.4"
        },
        {
            "fiscalDateEnding": "2023-03-31",
            "totalCurrentAssets": "550914000",
            "cashAndShortTermInvestments": "287778000",
            "totalCurrentLiabilities": "410076000",
            "currentDebt": "None",
            "netIncome": "-43493000",
            "capitalExpenditures": "1055000",
            "operatingCashflow": "67833000",
            "grossProfit": "168673000",
            "totalRevenue": "203793000",
            "sentiment": 0.2025879850656886,
            "surprise": "0.11",
            "closePrice": "61.45"
        },
        {
            "fiscalDateEnding": "2022-12-31",
            "totalCurrentAssets": "506680000",
            "cashAndShortTermInvestments": "273469000",
            "totalCurrentLiabilities": "391182000",
            "currentDebt": "None",
            "netIncome": "-310000",
            "capitalExpenditures": "805000",
            "operatingCashflow": "30178000",
            "grossProfit": "160536000",
            "totalRevenue": "194969000",
            "sentiment": 0.1883739588833901,
            "surprise": "-0.03",
            "closePrice": "62.23"
        },
        {
            "fiscalDateEnding": "2022-09-30",
            "totalCurrentAssets": "455876000",
            "cashAndShortTermInvestments": "262485000",
            "totalCurrentLiabilities": "349396000",
            "currentDebt": "None",
            "netIncome": "4518000",
            "capitalExpenditures": "514000",
            "operatingCashflow": "49844000",
            "grossProfit": "155755000",
            "totalRevenue": "187952000",
            "sentiment": 0.07143657270386704,
            "surprise": "0.07",
            "closePrice": "63.35"
        },
        {
            "fiscalDateEnding": "2022-06-30",
            "totalCurrentAssets": "465033000",
            "cashAndShortTermInvestments": "258713000",
            "totalCurrentLiabilities": "355921000",
            "currentDebt": "None",
            "netIncome": "3511000",
            "capitalExpenditures": "867000",
            "operatingCashflow": "22433000",
            "grossProfit": "164224000",
            "totalRevenue": "197876000",
            "sentiment": 0.08039834075807807,
            "surprise": "0.01",
            "closePrice": "55.23"
        },
        {
            "fiscalDateEnding": "2022-03-31",
            "totalCurrentAssets": "484081000",
            "cashAndShortTermInvestments": "267507000",
            "totalCurrentLiabilities": "394064000",
            "currentDebt": "None",
            "netIncome": "7988000",
            "capitalExpenditures": "583000",
            "operatingCashflow": "87116000",
            "grossProfit": "173902000",
            "totalRevenue": "205968000",
            "sentiment": 0.0918980078879283,
            "surprise": "0.11",
            "closePrice": "62.1"
        },
        {
            "fiscalDateEnding": "2021-12-31",
            "totalCurrentAssets": "467041000",
            "cashAndShortTermInvestments": "233691000",
            "totalCurrentLiabilities": "365774000",
            "currentDebt": "None",
            "netIncome": "10008000",
            "capitalExpenditures": "1335000",
            "operatingCashflow": "26794000",
            "grossProfit": "172418000",
            "totalRevenue": "202362000",
            "sentiment": 0,
            "surprise": "0.02",
            "closePrice": "68.06"
        },
        {
            "fiscalDateEnding": "2021-09-30",
            "totalCurrentAssets": "482730000",
            "cashAndShortTermInvestments": "295807000",
            "totalCurrentLiabilities": "339815000",
            "currentDebt": "None",
            "netIncome": "1731000",
            "capitalExpenditures": "551000",
            "operatingCashflow": "26059000",
            "grossProfit": "151266000",
            "totalRevenue": "177840000",
            "sentiment": 0,
            "surprise": "-0.09",
            "closePrice": "61.04"
        },
        {
            "fiscalDateEnding": "2021-06-30",
            "totalCurrentAssets": "541879000",
            "cashAndShortTermInvestments": "359149000",
            "totalCurrentLiabilities": "347283000",
            "currentDebt": "None",
            "netIncome": "13897000",
            "capitalExpenditures": "1442000",
            "operatingCashflow": "37211000",
            "grossProfit": "158146000",
            "totalRevenue": "183421000",
            "sentiment": 0,
            "surprise": "0.1",
            "closePrice": "74.95"
        },
        {
            "fiscalDateEnding": "2021-03-31",
            "totalCurrentAssets": "607600000",
            "cashAndShortTermInvestments": "397237000",
            "totalCurrentLiabilities": "373202000",
            "currentDebt": "None",
            "netIncome": "6261000",
            "capitalExpenditures": "2182000",
            "operatingCashflow": "64708000",
            "grossProfit": "161730000",
            "totalRevenue": "191341000",
            "sentiment": 0,
            "surprise": "0.11",
            "closePrice": "71.27"
        },
        {
            "fiscalDateEnding": "2020-12-31",
            "totalCurrentAssets": "606635000",
            "cashAndShortTermInvestments": "388414000",
            "totalCurrentLiabilities": "359436000",
            "currentDebt": "None",
            "netIncome": "1673000",
            "capitalExpenditures": "2332000",
            "operatingCashflow": "17005000",
            "grossProfit": "159580000",
            "totalRevenue": "187992000",
            "sentiment": 0,
            "surprise": "0.1",
            "closePrice": "59.88"
        },
        {
            "fiscalDateEnding": "2020-09-30",
            "totalCurrentAssets": "558993000",
            "cashAndShortTermInvestments": "393998000",
            "totalCurrentLiabilities": "314705000",
            "currentDebt": "None",
            "netIncome": "-41171000",
            "capitalExpenditures": "2019000",
            "operatingCashflow": "26957000",
            "grossProfit": "144340000",
            "totalRevenue": "171139000",
            "sentiment": 0,
            "surprise": "0.1",
            "closePrice": "42.46"
        },
        {
            "fiscalDateEnding": "2020-06-30",
            "totalCurrentAssets": "533470000",
            "cashAndShortTermInvestments": "356277000",
            "totalCurrentLiabilities": "322812000",
            "currentDebt": "None",
            "netIncome": "2283000",
            "capitalExpenditures": "1643000",
            "operatingCashflow": "15285000",
            "grossProfit": "148449000",
            "totalRevenue": "173000000",
            "sentiment": 0,
            "surprise": "0.35",
            "closePrice": "42.85"
        },
        {
            "fiscalDateEnding": "2020-03-31",
            "totalCurrentAssets": "513686000",
            "cashAndShortTermInvestments": "331727000",
            "totalCurrentLiabilities": "328554000",
            "currentDebt": "7699000",
            "netIncome": "8935000",
            "capitalExpenditures": "1292000",
            "operatingCashflow": "32456000",
            "grossProfit": "138155000",
            "totalRevenue": "164749000",
            "sentiment": 0,
            "surprise": "-0.08",
            "closePrice": "37.31"
        },
        {
            "fiscalDateEnding": "2019-12-31",
            "totalCurrentAssets": "525413000",
            "cashAndShortTermInvestments": "337013000",
            "totalCurrentLiabilities": "333786000",
            "currentDebt": "7730000",
            "netIncome": "-650000",
            "capitalExpenditures": "454000",
            "operatingCashflow": "889000",
            "grossProfit": "145828000",
            "totalRevenue": "176351000",
            "sentiment": 0,
            "surprise": "0.07",
            "closePrice": "45.53"
        },
        {
            "fiscalDateEnding": "2019-09-30",
            "totalCurrentAssets": "624753000",
            "cashAndShortTermInvestments": "475244000",
            "totalCurrentLiabilities": "320109000",
            "currentDebt": "7832000",
            "netIncome": "-7084000",
            "capitalExpenditures": "616000",
            "operatingCashflow": "23979000",
            "grossProfit": "136341000",
            "totalRevenue": "167582000",
            "sentiment": 0,
            "surprise": "0.14",
            "closePrice": "49.29"
        },
        {
            "fiscalDateEnding": "2019-06-30",
            "totalCurrentAssets": "612536000",
            "cashAndShortTermInvestments": "451146000",
            "totalCurrentLiabilities": "320201000",
            "currentDebt": "7894000",
            "netIncome": "-6846000",
            "capitalExpenditures": "841000",
            "operatingCashflow": "31140000",
            "grossProfit": "133483000",
            "totalRevenue": "162203000",
            "sentiment": 0,
            "surprise": "-0.04",
            "closePrice": "44.84"
        },
        {
            "fiscalDateEnding": "2019-03-31",
            "totalCurrentAssets": "655002000",
            "cashAndShortTermInvestments": "458330000",
            "totalCurrentLiabilities": "326346000",
            "currentDebt": "None",
            "netIncome": "-2163000",
            "capitalExpenditures": "1456000",
            "operatingCashflow": "36586000",
            "grossProfit": "147753000",
            "totalRevenue": "181427000",
            "sentiment": 0,
            "surprise": "-0.02",
            "closePrice": "52.6"
        },
        {
            "fiscalDateEnding": "2018-12-31",
            "totalCurrentAssets": "646982000",
            "cashAndShortTermInvestments": "457942000",
            "totalCurrentLiabilities": "317687000",
            "currentDebt": "None",
            "netIncome": "13400000",
            "capitalExpenditures": "1106000",
            "operatingCashflow": "31064000",
            "grossProfit": "155422000",
            "totalRevenue": "184275000",
            "sentiment": 0,
            "surprise": "0.12",
            "closePrice": "63.42"
        },
        {
            "fiscalDateEnding": "2018-09-30",
            "totalCurrentAssets": "642472000",
            "cashAndShortTermInvestments": "484100000",
            "totalCurrentLiabilities": "294972000",
            "currentDebt": "None",
            "netIncome": "891000",
            "capitalExpenditures": "477000",
            "operatingCashflow": "17760000",
            "grossProfit": "142205000",
            "totalRevenue": "169078000",
            "sentiment": 0,
            "surprise": "0.03",
            "closePrice": "55.36"
        },
        {
            "fiscalDateEnding": "2018-06-30",
            "totalCurrentAssets": "633668000",
            "cashAndShortTermInvestments": "461666000",
            "totalCurrentLiabilities": "313938000",
            "currentDebt": "None",
            "netIncome": "-8567000",
            "capitalExpenditures": "3521000",
            "operatingCashflow": "24770000",
            "grossProfit": "148571000",
            "totalRevenue": "176177000",
            "sentiment": 0,
            "surprise": "0.09",
            "closePrice": "65.75"
        },
        {
            "fiscalDateEnding": "2018-03-31",
            "totalCurrentAssets": "646788000",
            "cashAndShortTermInvestments": "462421000",
            "totalCurrentLiabilities": "324173000",
            "currentDebt": "None",
            "netIncome": "-1661000",
            "capitalExpenditures": "1750000",
            "operatingCashflow": "23341000",
            "grossProfit": "156648000",
            "totalRevenue": "184915000",
            "sentiment": 0,
            "surprise": "-0.02",
            "closePrice": "67.45"
        },
        {
            "fiscalDateEnding": "2017-12-31",
            "totalCurrentAssets": "616418000",
            "cashAndShortTermInvestments": "445487000",
            "totalCurrentLiabilities": "306904000",
            "currentDebt": "None",
            "netIncome": "-58945000",
            "capitalExpenditures": "2663000",
            "operatingCashflow": "31210000",
            "grossProfit": "155409000",
            "totalRevenue": "180366000",
            "sentiment": 0,
            "surprise": "-0.01",
            "closePrice": "54.85"
        },
        {
            "fiscalDateEnding": "2017-09-30",
            "totalCurrentAssets": "653231000",
            "cashAndShortTermInvestments": "494589000",
            "totalCurrentLiabilities": "280094000",
            "currentDebt": "None",
            "netIncome": "-1010000",
            "capitalExpenditures": "1160000",
            "operatingCashflow": "9685000",
            "grossProfit": "144873000",
            "totalRevenue": "168140000",
            "sentiment": 0,
            "surprise": "-0.05",
            "closePrice": "52.5"
        },
        {
            "fiscalDateEnding": "2017-06-30",
            "totalCurrentAssets": "636841000",
            "cashAndShortTermInvestments": "480988000",
            "totalCurrentLiabilities": "287216000",
            "currentDebt": "None",
            "netIncome": "-284000",
            "capitalExpenditures": "1474000",
            "operatingCashflow": "19933000",
            "grossProfit": "144311000",
            "totalRevenue": "165972000",
            "sentiment": 0,
            "surprise": "0.02",
            "closePrice": "63.2"
        },
        {
            "fiscalDateEnding": "2017-03-31",
            "totalCurrentAssets": "606059000",
            "cashAndShortTermInvestments": "450184000",
            "totalCurrentLiabilities": "287917000",
            "currentDebt": "None",
            "netIncome": "197000",
            "capitalExpenditures": "1939000",
            "operatingCashflow": "28985000",
            "grossProfit": "145358000",
            "totalRevenue": "166732000",
            "sentiment": 0,
            "surprise": "0.03",
            "closePrice": "55.9"
        },
        {
            "fiscalDateEnding": "2016-12-31",
            "totalCurrentAssets": "568764000",
            "cashAndShortTermInvestments": "437159000",
            "totalCurrentLiabilities": "267166000",
            "currentDebt": "None",
            "netIncome": "1959000",
            "capitalExpenditures": "2405000",
            "operatingCashflow": "26768000",
            "grossProfit": "145895000",
            "totalRevenue": "167061000",
            "sentiment": 0,
            "surprise": "0.02",
            "closePrice": "51.275"
        },
        {
            "fiscalDateEnding": "2016-09-30",
            "totalCurrentAssets": "565974000",
            "cashAndShortTermInvestments": "439626000",
            "totalCurrentLiabilities": "264867000",
            "currentDebt": "None",
            "netIncome": "-54000",
            "capitalExpenditures": "1047000",
            "operatingCashflow": "20239000",
            "grossProfit": "137781000",
            "totalRevenue": "159438000",
            "sentiment": 0,
            "surprise": "0.05",
            "closePrice": "55.67"
        },
        {
            "fiscalDateEnding": "2016-06-30",
            "totalCurrentAssets": "530669000",
            "cashAndShortTermInvestments": "410180000",
            "totalCurrentLiabilities": "260541000",
            "currentDebt": "None",
            "netIncome": "-2610000",
            "capitalExpenditures": "1033000",
            "operatingCashflow": "24047000",
            "grossProfit": "130779000",
            "totalRevenue": "151774000",
            "sentiment": 0,
            "surprise": "0.04",
            "closePrice": "51.45"
        },
        {
            "fiscalDateEnding": "2016-03-31",
            "totalCurrentAssets": "517377000",
            "cashAndShortTermInvestments": "387179000",
            "totalCurrentLiabilities": "264964000",
            "currentDebt": "None",
            "netIncome": "5794000",
            "capitalExpenditures": "1273000",
            "operatingCashflow": "37179000",
            "grossProfit": "138768000",
            "totalRevenue": "159565000",
            "sentiment": 0,
            "surprise": "0.11",
            "closePrice": "42.93"
        },
        {
            "fiscalDateEnding": "2015-12-31",
            "totalCurrentAssets": "532749000",
            "cashAndShortTermInvestments": "401106000",
            "totalCurrentLiabilities": "255181000",
            "currentDebt": "None",
            "netIncome": "4878000",
            "capitalExpenditures": "1892000",
            "operatingCashflow": "15765000",
            "grossProfit": "135267000",
            "totalRevenue": "155696000",
            "sentiment": 0,
            "surprise": "0.08",
            "closePrice": "36.39"
        },
        {
            "fiscalDateEnding": "2015-09-30",
            "totalCurrentAssets": "524010000",
            "cashAndShortTermInvestments": "400010000",
            "totalCurrentLiabilities": "243800000",
            "currentDebt": "None",
            "netIncome": "-9236000",
            "capitalExpenditures": "1437000",
            "operatingCashflow": "9572000",
            "grossProfit": "119803000",
            "totalRevenue": "140742000",
            "sentiment": 0,
            "surprise": "0.02",
            "closePrice": "38.73"
        },
        {
            "fiscalDateEnding": "2015-06-30",
            "totalCurrentAssets": "544589000",
            "cashAndShortTermInvestments": "411353000",
            "totalCurrentLiabilities": "242949000",
            "currentDebt": "None",
            "netIncome": "-1300000",
            "capitalExpenditures": "3789000",
            "operatingCashflow": "21897000",
            "grossProfit": "118576000",
            "totalRevenue": "139123000",
            "sentiment": 0,
            "surprise": "-0.12",
            "closePrice": "34.84"
        },
        {
            "fiscalDateEnding": "2015-03-31",
            "totalCurrentAssets": "525409000",
            "cashAndShortTermInvestments": "387609000",
            "totalCurrentLiabilities": "257929000",
            "currentDebt": "None",
            "netIncome": "3352000",
            "capitalExpenditures": "11031000",
            "operatingCashflow": "35982000",
            "grossProfit": "129821000",
            "totalRevenue": "150735000",
            "sentiment": 0,
            "surprise": "-0.04",
            "closePrice": "44.72"
        },
        {
            "fiscalDateEnding": "2014-12-31",
            "totalCurrentAssets": "514435000",
            "cashAndShortTermInvestments": "364902000",
            "totalCurrentLiabilities": "245131000",
            "currentDebt": "None",
            "netIncome": "3073000",
            "capitalExpenditures": "16168000",
            "operatingCashflow": "20239000",
            "grossProfit": "133080000",
            "totalRevenue": "153021000",
            "sentiment": 0,
            "surprise": "-0.01",
            "closePrice": "45.3"
        },
        {
            "fiscalDateEnding": "2014-09-30",
            "totalCurrentAssets": "550399000",
            "cashAndShortTermInvestments": "414543000",
            "totalCurrentLiabilities": "238593000",
            "currentDebt": "None",
            "netIncome": "6496000",
            "capitalExpenditures": "18350000",
            "operatingCashflow": "32182000",
            "grossProfit": "130858000",
            "totalRevenue": "151144000",
            "sentiment": 0,
            "surprise": "-0.1",
            "closePrice": "42.97"
        },
        {
            "fiscalDateEnding": "2014-06-30",
            "totalCurrentAssets": "528327000",
            "cashAndShortTermInvestments": "398517000",
            "totalCurrentLiabilities": "234011000",
            "currentDebt": "None",
            "netIncome": "12729000",
            "capitalExpenditures": "19532000",
            "operatingCashflow": "35444000",
            "grossProfit": "131716000",
            "totalRevenue": "152643000",
            "sentiment": 0,
            "surprise": "0.03",
            "closePrice": "50.34"
        },
        {
            "fiscalDateEnding": "2014-03-31",
            "totalCurrentAssets": "630531000",
            "cashAndShortTermInvestments": "482709000",
            "totalCurrentLiabilities": "243527000",
            "currentDebt": "None",
            "netIncome": "15657000",
            "capitalExpenditures": "19717000",
            "operatingCashflow": "39919000",
            "grossProfit": "136950000",
            "totalRevenue": "156819000",
            "sentiment": 0,
            "surprise": "0.05",
            "closePrice": "47.56"
        },
        {
            "fiscalDateEnding": "2013-12-31",
            "totalCurrentAssets": "636513000",
            "cashAndShortTermInvestments": "500511000",
            "totalCurrentLiabilities": "222847000",
            "currentDebt": "None",
            "netIncome": "17591000",
            "capitalExpenditures": "20955000",
            "operatingCashflow": "30162000",
            "grossProfit": "134752000",
            "totalRevenue": "153250000",
            "sentiment": 0,
            "surprise": "0.1",
            "closePrice": "69.44"
        },
        {
            "fiscalDateEnding": "2013-09-30",
            "totalCurrentAssets": "606786000",
            "cashAndShortTermInvestments": "485149000",
            "totalCurrentLiabilities": "216073000",
            "currentDebt": "None",
            "netIncome": "17354000",
            "capitalExpenditures": "16431000",
            "operatingCashflow": "24482000",
            "grossProfit": "123707000",
            "totalRevenue": "141863000",
            "sentiment": 0,
            "surprise": "0.08",
            "closePrice": "80.51"
        },
        {
            "fiscalDateEnding": "2013-06-30",
            "totalCurrentAssets": "567197000",
            "cashAndShortTermInvestments": "458818000",
            "totalCurrentLiabilities": "206270000",
            "currentDebt": "None",
            "netIncome": "13462000",
            "capitalExpenditures": "10027000",
            "operatingCashflow": "24574000",
            "grossProfit": "116630000",
            "totalRevenue": "134408000",
            "sentiment": 0,
            "surprise": "0.05",
            "closePrice": "85.04"
        },
        {
            "fiscalDateEnding": "2013-03-31",
            "totalCurrentAssets": "555498000",
            "cashAndShortTermInvestments": "435912000",
            "totalCurrentLiabilities": "212404000",
            "currentDebt": "None",
            "netIncome": "16985000",
            "capitalExpenditures": "11424000",
            "operatingCashflow": "42881000",
            "grossProfit": "120418000",
            "totalRevenue": "138274000",
            "sentiment": 0,
            "surprise": "0.07",
            "closePrice": "76.33"
        },
        {
            "fiscalDateEnding": "2012-12-31",
            "totalCurrentAssets": "497842000",
            "cashAndShortTermInvestments": "397246000",
            "totalCurrentLiabilities": "184113000",
            "currentDebt": "None",
            "netIncome": "12200000",
            "capitalExpenditures": "2252000",
            "operatingCashflow": "27459000",
            "grossProfit": "111684000",
            "totalRevenue": "128147000",
            "sentiment": 0,
            "surprise": "0.07",
            "closePrice": "76.9"
        },
        {
            "fiscalDateEnding": "2012-09-30",
            "totalCurrentAssets": "448696000",
            "cashAndShortTermInvestments": "353933000",
            "totalCurrentLiabilities": "173318000",
            "currentDebt": "None",
            "netIncome": "13899000",
            "capitalExpenditures": "1673000",
            "operatingCashflow": "24434000",
            "grossProfit": "102819000",
            "totalRevenue": "118162000",
            "sentiment": 0,
            "surprise": "0.1",
            "closePrice": "62.37"
        },
        {
            "fiscalDateEnding": "2012-06-30",
            "totalCurrentAssets": "403076000",
            "cashAndShortTermInvestments": "320083000",
            "totalCurrentLiabilities": "157481000",
            "currentDebt": "None",
            "netIncome": "10125000",
            "capitalExpenditures": "1681000",
            "operatingCashflow": "17909000",
            "grossProfit": "95977000",
            "totalRevenue": "111267000",
            "sentiment": 0,
            "surprise": "0.07",
            "closePrice": "48.52"
        },
        {
            "fiscalDateEnding": "2012-03-31",
            "totalCurrentAssets": "395350000",
            "cashAndShortTermInvestments": "300234000",
            "totalCurrentLiabilities": "173049000",
            "currentDebt": "None",
            "netIncome": "9842000",
            "capitalExpenditures": "1379000",
            "operatingCashflow": "30117000",
            "grossProfit": "99334000",
            "totalRevenue": "114014000",
            "sentiment": 0,
            "surprise": "0.03",
            "closePrice": "54.13"
        },
        {
            "fiscalDateEnding": "2011-12-31",
            "totalCurrentAssets": "345485000",
            "cashAndShortTermInvestments": "257152000",
            "totalCurrentLiabilities": "150523000",
            "currentDebt": "None",
            "netIncome": "7160000",
            "capitalExpenditures": "1520000",
            "operatingCashflow": "27732000",
            "grossProfit": "90030000",
            "totalRevenue": "103640000",
            "sentiment": 0,
            "surprise": "0.02",
            "closePrice": "51.0"
        },
        {
            "fiscalDateEnding": "2011-09-30",
            "totalCurrentAssets": "311214000",
            "cashAndShortTermInvestments": "219890000",
            "totalCurrentLiabilities": "144283000",
            "currentDebt": "None",
            "netIncome": "7899000",
            "capitalExpenditures": "1379000",
            "operatingCashflow": "11058000",
            "grossProfit": "84384000",
            "totalRevenue": "97458000",
            "sentiment": 0,
            "surprise": "0.03",
            "closePrice": "44.78"
        },
        {
            "fiscalDateEnding": "2011-06-30",
            "totalCurrentAssets": "336284000",
            "cashAndShortTermInvestments": "254157000",
            "totalCurrentLiabilities": "139749000",
            "currentDebt": "None",
            "netIncome": "7039000",
            "capitalExpenditures": "1518000",
            "operatingCashflow": "31093000",
            "grossProfit": "79484000",
            "totalRevenue": "91527000",
            "sentiment": 0,
            "surprise": "0.04",
            "closePrice": "41.16"
        },
        {
            "fiscalDateEnding": "2011-03-31",
            "totalCurrentAssets": "312730000",
            "cashAndShortTermInvestments": "218320000",
            "totalCurrentLiabilities": "133350000",
            "currentDebt": "None",
            "netIncome": "4835000",
            "capitalExpenditures": "865000",
            "operatingCashflow": "18954000",
            "grossProfit": "77797000",
            "totalRevenue": "89621000",
            "sentiment": 0,
            "surprise": "0.02",
            "closePrice": "39.24"
        },
        {
            "fiscalDateEnding": "2010-12-31",
            "totalCurrentAssets": "281467000",
            "cashAndShortTermInvestments": "193543000",
            "totalCurrentLiabilities": "120936000",
            "currentDebt": "None",
            "netIncome": "7252000",
            "capitalExpenditures": "1199000",
            "operatingCashflow": "10005000",
            "grossProfit": "73475000",
            "totalRevenue": "83629000",
            "sentiment": 0,
            "surprise": "0.01",
            "closePrice": "32.18"
        },
        {
            "fiscalDateEnding": "2010-09-30",
            "totalCurrentAssets": "254510000",
            "cashAndShortTermInvestments": "178801000",
            "totalCurrentLiabilities": "113290000",
            "currentDebt": "None",
            "netIncome": "5419000",
            "capitalExpenditures": "1028000",
            "operatingCashflow": "7532000",
            "grossProfit": "65709000",
            "totalRevenue": "75226000",
            "sentiment": 0,
            "surprise": "0.01",
            "closePrice": "29.19"
        },
        {
            "fiscalDateEnding": "2010-06-30",
            "totalCurrentAssets": "249250000",
            "cashAndShortTermInvestments": "180434000",
            "totalCurrentLiabilities": "107535000",
            "currentDebt": "None",
            "netIncome": "3498000",
            "capitalExpenditures": "773000",
            "operatingCashflow": "15919000",
            "grossProfit": "56780000",
            "totalRevenue": "66300000",
            "sentiment": 0,
            "surprise": "0",
            "closePrice": "19.6"
        }
    ]
}