{
    "CWAN": [
        {
            "fiscalDateEnding": "2023-12-31",
            "totalCurrentAssets": "415996000",
            "cashAndShortTermInvestments": "296222000",
            "totalCurrentLiabilities": "80792000",
            "currentDebt": "2750000",
            "netIncome": "-4433000",
            "capitalExpenditures": "1562000",
            "operatingCashflow": "24097000",
            "grossProfit": "70684000",
            "totalRevenue": "99019000",
            "sentiment": 0,
            "surprise": "0.02",
            "closePrice": "19.44"
        },
        {
            "fiscalDateEnding": "2023-09-30",
            "totalCurrentAssets": "401230000",
            "cashAndShortTermInvestments": "285233000",
            "totalCurrentLiabilities": "63139000",
            "currentDebt": "2750000",
            "netIncome": "-1889000",
            "capitalExpenditures": "769000",
            "operatingCashflow": "31433000",
            "grossProfit": "67651000",
            "totalRevenue": "94664000",
            "sentiment": 0,
            "surprise": "0.01",
            "closePrice": "17.93"
        },
        {
            "fiscalDateEnding": "2023-06-30",
            "totalCurrentAssets": "365353000",
            "cashAndShortTermInvestments": "253534000",
            "totalCurrentLiabilities": "58106000",
            "currentDebt": "2750000",
            "netIncome": "-10921000",
            "capitalExpenditures": "1576000",
            "operatingCashflow": "21137000",
            "grossProfit": "62925000",
            "totalRevenue": "89879000",
            "sentiment": 0,
            "surprise": "0.01",
            "closePrice": "16.78"
        },
        {
            "fiscalDateEnding": "2023-03-31",
            "totalCurrentAssets": "348991000",
            "cashAndShortTermInvestments": "240074000",
            "totalCurrentLiabilities": "59409000",
            "currentDebt": "2750000",
            "netIncome": "-4384000",
            "capitalExpenditures": "1717000",
            "operatingCashflow": "7935000",
            "grossProfit": "59781000",
            "totalRevenue": "84606000",
            "sentiment": 0,
            "surprise": "0.01",
            "closePrice": "14.62"
        },
        {
            "fiscalDateEnding": "2022-12-31",
            "totalCurrentAssets": "356346000",
            "cashAndShortTermInvestments": "255614000",
            "totalCurrentLiabilities": "66012000",
            "currentDebt": "2750000",
            "netIncome": "-2962000",
            "capitalExpenditures": "1878000",
            "operatingCashflow": "18158000",
            "grossProfit": "59714000",
            "totalRevenue": "82687000",
            "sentiment": 0,
            "surprise": "0.01",
            "closePrice": "18.99"
        },
        {
            "fiscalDateEnding": "2022-09-30",
            "totalCurrentAssets": "373146000",
            "cashAndShortTermInvestments": "291523000",
            "totalCurrentLiabilities": "35552000",
            "currentDebt": "2750000",
            "netIncome": "-2974000",
            "capitalExpenditures": "1912000",
            "operatingCashflow": "14680000",
            "grossProfit": "53832000",
            "totalRevenue": "76552000",
            "sentiment": 0,
            "surprise": "0.01",
            "closePrice": "15.21"
        },
        {
            "fiscalDateEnding": "2022-06-30",
            "totalCurrentAssets": "354462000",
            "cashAndShortTermInvestments": "281646000",
            "totalCurrentLiabilities": "29742000",
            "currentDebt": "2750000",
            "netIncome": "-2428000",
            "capitalExpenditures": "1741000",
            "operatingCashflow": "18251000",
            "grossProfit": "52490000",
            "totalRevenue": "73409000",
            "sentiment": 0,
            "surprise": "0",
            "closePrice": "13.21"
        },
        {
            "fiscalDateEnding": "2022-03-31",
            "totalCurrentAssets": "334618000",
            "cashAndShortTermInvestments": "263674000",
            "totalCurrentLiabilities": "27824000",
            "currentDebt": "2750000",
            "netIncome": "398000",
            "capitalExpenditures": "2227000",
            "operatingCashflow": "6916000",
            "grossProfit": "49606000",
            "totalRevenue": "70778000",
            "sentiment": 0,
            "surprise": "0",
            "closePrice": "18.65"
        },
        {
            "fiscalDateEnding": "2021-12-31",
            "totalCurrentAssets": "321338000",
            "cashAndShortTermInvestments": "254597000",
            "totalCurrentLiabilities": "31198000",
            "currentDebt": "2750000",
            "netIncome": "101000",
            "capitalExpenditures": "1526000",
            "operatingCashflow": "12417000",
            "grossProfit": "49582000",
            "totalRevenue": "69763000",
            "sentiment": 0,
            "surprise": "0.01",
            "closePrice": "18.9"
        },
        {
            "fiscalDateEnding": "2021-09-30",
            "totalCurrentAssets": "305203000",
            "cashAndShortTermInvestments": "245094000",
            "totalCurrentLiabilities": "32266000",
            "currentDebt": "2750000",
            "netIncome": "-8314000",
            "capitalExpenditures": "1268000",
            "operatingCashflow": "7293000",
            "grossProfit": "46704000",
            "totalRevenue": "64489000",
            "sentiment": 0,
            "surprise": "0.02",
            "closePrice": "22.4"
        }
    ]
}