{
    "DAY": [
        {
            "fiscalDateEnding": "2023-12-31",
            "totalCurrentAssets": "5955200000",
            "cashAndShortTermInvestments": "570300000",
            "totalCurrentLiabilities": "5334900000",
            "currentDebt": "7600000",
            "netIncome": "45600000",
            "capitalExpenditures": "3600000",
            "operatingCashflow": "89900000",
            "grossProfit": "169800000",
            "totalRevenue": "399700000",
            "sentiment": 0,
            "surprise": "0.18",
            "closePrice": "69.31"
        },
        {
            "fiscalDateEnding": "2023-09-30",
            "totalCurrentAssets": "5914600000",
            "cashAndShortTermInvestments": "510300000",
            "totalCurrentLiabilities": "5411500000",
            "currentDebt": "7500000",
            "netIncome": "-3800000",
            "capitalExpenditures": "5300000",
            "operatingCashflow": "36600000",
            "grossProfit": "160500000",
            "totalRevenue": "377500000",
            "sentiment": 0,
            "surprise": "0.07",
            "closePrice": "61.69"
        },
        {
            "fiscalDateEnding": "2023-06-30",
            "totalCurrentAssets": "5067200000",
            "cashAndShortTermInvestments": "486600000",
            "totalCurrentLiabilities": "4604200000",
            "currentDebt": "7600000",
            "netIncome": "3100000",
            "capitalExpenditures": "3600000",
            "operatingCashflow": "81700000",
            "grossProfit": "155900000",
            "totalRevenue": "365900000",
            "sentiment": 0,
            "surprise": "0.03",
            "closePrice": "67.0"
        },
        {
            "fiscalDateEnding": "2023-03-31",
            "totalCurrentAssets": "7041700000",
            "cashAndShortTermInvestments": "428600000",
            "totalCurrentLiabilities": "6591400000",
            "currentDebt": "7700000",
            "netIncome": "9900000",
            "capitalExpenditures": "6500000",
            "operatingCashflow": "11300000",
            "grossProfit": "160300000",
            "totalRevenue": "370600000",
            "sentiment": 0,
            "surprise": "0",
            "closePrice": "62.61"
        },
        {
            "fiscalDateEnding": "2022-12-31",
            "totalCurrentAssets": "5440300000",
            "cashAndShortTermInvestments": "431900000",
            "totalCurrentLiabilities": "5079800000",
            "currentDebt": "7800000",
            "netIncome": "-5200000",
            "capitalExpenditures": "9800000",
            "operatingCashflow": "41800000",
            "grossProfit": "135100000",
            "totalRevenue": "336100000",
            "sentiment": 0,
            "surprise": "0.11",
            "closePrice": "74.63"
        },
        {
            "fiscalDateEnding": "2022-09-30",
            "totalCurrentAssets": "5007200000",
            "cashAndShortTermInvestments": "408400000",
            "totalCurrentLiabilities": "4675700000",
            "currentDebt": "8100000",
            "netIncome": "-21000000",
            "capitalExpenditures": "3800000",
            "operatingCashflow": "52100000",
            "grossProfit": "119000000",
            "totalRevenue": "315600000",
            "sentiment": 0,
            "surprise": "0.08",
            "closePrice": "61.95"
        },
        {
            "fiscalDateEnding": "2022-06-30",
            "totalCurrentAssets": "6037500000",
            "cashAndShortTermInvestments": "371200000",
            "totalCurrentLiabilities": "5699200000",
            "currentDebt": "8300000",
            "netIncome": "-19800000",
            "capitalExpenditures": "4500000",
            "operatingCashflow": "33200000",
            "grossProfit": "116000000",
            "totalRevenue": "301200000",
            "sentiment": 0,
            "surprise": "0.11",
            "closePrice": "58.78"
        },
        {
            "fiscalDateEnding": "2022-03-31",
            "totalCurrentAssets": "7978000000",
            "cashAndShortTermInvestments": "354800000",
            "totalCurrentLiabilities": "7628900000",
            "currentDebt": "8300000",
            "netIncome": "-27400000",
            "capitalExpenditures": "2100000",
            "operatingCashflow": "5500000",
            "grossProfit": "103100000",
            "totalRevenue": "293300000",
            "sentiment": 0,
            "surprise": "0.05",
            "closePrice": "61.24"
        },
        {
            "fiscalDateEnding": "2021-12-31",
            "totalCurrentAssets": "4144100000",
            "cashAndShortTermInvestments": "367500000",
            "totalCurrentLiabilities": "3741900000",
            "currentDebt": "8300000",
            "netIncome": "-9500000",
            "capitalExpenditures": "4200000",
            "operatingCashflow": "-100000",
            "grossProfit": "103900000",
            "totalRevenue": "282100000",
            "sentiment": 0,
            "surprise": "0.03",
            "closePrice": "81.01"
        },
        {
            "fiscalDateEnding": "2021-09-30",
            "totalCurrentAssets": "5963600000",
            "cashAndShortTermInvestments": "378800000",
            "totalCurrentLiabilities": "5554800000",
            "currentDebt": "8300000",
            "netIncome": "-20900000",
            "capitalExpenditures": "1400000",
            "operatingCashflow": "25800000",
            "grossProfit": "93100000",
            "totalRevenue": "257200000",
            "sentiment": 0,
            "surprise": "0",
            "closePrice": "128.21"
        },
        {
            "fiscalDateEnding": "2021-06-30",
            "totalCurrentAssets": "3755700000",
            "cashAndShortTermInvestments": "335200000",
            "totalCurrentLiabilities": "3374000000",
            "currentDebt": "8300000",
            "netIncome": "-25800000",
            "capitalExpenditures": "2500000",
            "operatingCashflow": "27600000",
            "grossProfit": "92100000",
            "totalRevenue": "250400000",
            "sentiment": 0,
            "surprise": "0.02",
            "closePrice": "100.0"
        },
        {
            "fiscalDateEnding": "2021-03-31",
            "totalCurrentAssets": "4832200000",
            "cashAndShortTermInvestments": "339600000",
            "totalCurrentLiabilities": "4420500000",
            "currentDebt": "8200000",
            "netIncome": "-19200000",
            "capitalExpenditures": "3400000",
            "operatingCashflow": "-4500000",
            "grossProfit": "93200000",
            "totalRevenue": "234500000",
            "sentiment": 0,
            "surprise": "0",
            "closePrice": "89.1"
        },
        {
            "fiscalDateEnding": "2020-12-31",
            "totalCurrentAssets": "4122600000",
            "cashAndShortTermInvestments": "188200000",
            "totalCurrentLiabilities": "3863900000",
            "currentDebt": "7200000",
            "netIncome": "-17300000",
            "capitalExpenditures": "4500000",
            "operatingCashflow": "-77500000",
            "grossProfit": "85500000",
            "totalRevenue": "222800000",
            "sentiment": 0,
            "surprise": "0.02",
            "closePrice": "104.73"
        },
        {
            "fiscalDateEnding": "2020-09-30",
            "totalCurrentAssets": "3371300000",
            "cashAndShortTermInvestments": "1050600000",
            "totalCurrentLiabilities": "2741400000",
            "currentDebt": "7700000",
            "netIncome": "-800000",
            "capitalExpenditures": "3700000",
            "operatingCashflow": "23400000",
            "grossProfit": "76700000",
            "totalRevenue": "204400000",
            "sentiment": 0,
            "surprise": "0.07",
            "closePrice": "91.04"
        },
        {
            "fiscalDateEnding": "2020-06-30",
            "totalCurrentAssets": "3350000000",
            "cashAndShortTermInvestments": "985900000",
            "totalCurrentLiabilities": "2744500000",
            "currentDebt": "8600000",
            "netIncome": "5500000",
            "capitalExpenditures": "5000000",
            "operatingCashflow": "22500000",
            "grossProfit": "78600000",
            "totalRevenue": "192600000",
            "sentiment": 0,
            "surprise": "0.07",
            "closePrice": "84.27"
        },
        {
            "fiscalDateEnding": "2020-03-31",
            "totalCurrentAssets": "4056500000",
            "cashAndShortTermInvestments": "1872400000",
            "totalCurrentLiabilities": "3752700000",
            "currentDebt": "9700000",
            "netIncome": "8600000",
            "capitalExpenditures": "4900000",
            "operatingCashflow": "1400000",
            "grossProfit": "100500000",
            "totalRevenue": "222700000",
            "sentiment": 0,
            "surprise": "0.04",
            "closePrice": "61.87"
        },
        {
            "fiscalDateEnding": "2019-12-31",
            "totalCurrentAssets": "3623700000",
            "cashAndShortTermInvestments": "1348100000",
            "totalCurrentLiabilities": "3371700000",
            "currentDebt": "10800000",
            "netIncome": "-1500000",
            "capitalExpenditures": "5500000",
            "operatingCashflow": "26000000",
            "grossProfit": "97800000",
            "totalRevenue": "221800000",
            "sentiment": 0,
            "surprise": "-0.03",
            "closePrice": "73.43"
        },
        {
            "fiscalDateEnding": "2019-09-30",
            "totalCurrentAssets": "3004300000",
            "cashAndShortTermInvestments": "751900000",
            "totalCurrentLiabilities": "2743200000",
            "currentDebt": "20100000",
            "netIncome": "62700000",
            "capitalExpenditures": "3100000",
            "operatingCashflow": "14400000",
            "grossProfit": "88800000",
            "totalRevenue": "202300000",
            "sentiment": 0,
            "surprise": "0.01",
            "closePrice": "50.03"
        },
        {
            "fiscalDateEnding": "2019-06-30",
            "totalCurrentAssets": "4351800000",
            "cashAndShortTermInvestments": "2127500000",
            "totalCurrentLiabilities": "4093300000",
            "currentDebt": "6800000",
            "netIncome": "6300000",
            "capitalExpenditures": "3700000",
            "operatingCashflow": "19000000",
            "grossProfit": "88000000",
            "totalRevenue": "196300000",
            "sentiment": 0,
            "surprise": "0.04",
            "closePrice": "51.74"
        },
        {
            "fiscalDateEnding": "2019-03-31",
            "totalCurrentAssets": "4890100000",
            "cashAndShortTermInvestments": "2701200000",
            "totalCurrentLiabilities": "4683700000",
            "currentDebt": "6800000",
            "netIncome": "11200000",
            "capitalExpenditures": "4000000",
            "operatingCashflow": "-8800000",
            "grossProfit": "93600000",
            "totalRevenue": "203700000",
            "sentiment": 0,
            "surprise": "0.02",
            "closePrice": "51.76"
        },
        {
            "fiscalDateEnding": "2018-12-31",
            "totalCurrentAssets": "2934100000",
            "cashAndShortTermInvestments": "872300000",
            "totalCurrentLiabilities": "2769600000",
            "currentDebt": "6800000",
            "netIncome": "-2100000",
            "capitalExpenditures": "1200000",
            "operatingCashflow": "27600000",
            "grossProfit": "86000000",
            "totalRevenue": "200300000",
            "sentiment": 0,
            "surprise": "-0.04",
            "closePrice": "46.04"
        },
        {
            "fiscalDateEnding": "2018-09-30",
            "totalCurrentAssets": "3718300000",
            "cashAndShortTermInvestments": "188000000",
            "totalCurrentLiabilities": "3596300000",
            "currentDebt": "6800000",
            "netIncome": "4200000",
            "capitalExpenditures": "1900000",
            "operatingCashflow": "17100000",
            "grossProfit": "73500000",
            "totalRevenue": "179600000",
            "sentiment": 0,
            "surprise": "0.08",
            "closePrice": "35.68"
        },
        {
            "fiscalDateEnding": "2018-06-30",
            "totalCurrentAssets": "3984300000",
            "cashAndShortTermInvestments": "171800000",
            "totalCurrentLiabilities": "3863600000",
            "currentDebt": "5100000",
            "netIncome": "-63300000",
            "capitalExpenditures": "2000000",
            "operatingCashflow": "-11800000",
            "grossProfit": "72500000",
            "totalRevenue": "179300000",
            "sentiment": 0,
            "surprise": "0",
            "closePrice": "37.64"
        },
        {
            "fiscalDateEnding": "2018-03-31",
            "totalCurrentAssets": "4488200000",
            "cashAndShortTermInvestments": "62200000",
            "totalCurrentLiabilities": "4454400000",
            "currentDebt": "None",
            "netIncome": "600000",
            "capitalExpenditures": "2900000",
            "operatingCashflow": "-23400000",
            "grossProfit": "82900000",
            "totalRevenue": "188800000",
            "sentiment": 0,
            "surprise": "0.02",
            "closePrice": "31.21"
        }
    ]
}