{
    "DBX": [
        {
            "fiscalDateEnding": "2023-12-31",
            "totalCurrentAssets": "1516600000",
            "cashAndShortTermInvestments": "1356000000",
            "totalCurrentLiabilities": "1201500000",
            "currentDebt": "116200000",
            "netIncome": "227300000",
            "capitalExpenditures": "10300000",
            "operatingCashflow": "200300000",
            "grossProfit": "513000000",
            "totalRevenue": "624100000",
            "sentiment": 0.18484050327656296,
            "surprise": "0.02",
            "closePrice": "32.54"
        },
        {
            "fiscalDateEnding": "2023-09-30",
            "totalCurrentAssets": "1467100000",
            "cashAndShortTermInvestments": "1308900000",
            "totalCurrentLiabilities": "1196800000",
            "currentDebt": "112600000",
            "netIncome": "114100000",
            "capitalExpenditures": "9400000",
            "operatingCashflow": "255900000",
            "grossProfit": "513400000",
            "totalRevenue": "636300000",
            "sentiment": 0.19888804194935958,
            "surprise": "0.07",
            "closePrice": "26.43"
        },
        {
            "fiscalDateEnding": "2023-06-30",
            "totalCurrentAssets": "1380500000",
            "cashAndShortTermInvestments": "1227500000",
            "totalCurrentLiabilities": "1177200000",
            "currentDebt": "113400000",
            "netIncome": "43200000",
            "capitalExpenditures": "3000000",
            "operatingCashflow": "187600000",
            "grossProfit": "502400000",
            "totalRevenue": "625400000",
            "sentiment": 0.14059728335482255,
            "surprise": "0.05",
            "closePrice": "25.95"
        },
        {
            "fiscalDateEnding": "2023-03-31",
            "totalCurrentAssets": "1399700000",
            "cashAndShortTermInvestments": "1253100000",
            "totalCurrentLiabilities": "1152500000",
            "currentDebt": "114200000",
            "netIncome": "69000000",
            "capitalExpenditures": "1900000",
            "operatingCashflow": "139900000",
            "grossProfit": "494300000",
            "totalRevenue": "615400000",
            "sentiment": 0.223152356614895,
            "surprise": "0.06",
            "closePrice": "19.62"
        },
        {
            "fiscalDateEnding": "2022-12-31",
            "totalCurrentAssets": "1489800000",
            "cashAndShortTermInvestments": "1343400000",
            "totalCurrentLiabilities": "1196500000",
            "currentDebt": "114800000",
            "netIncome": "328300000",
            "capitalExpenditures": "14000000",
            "operatingCashflow": "194600000",
            "grossProfit": "483000000",
            "totalRevenue": "591700000",
            "sentiment": 0.20746118220227472,
            "surprise": "0.01",
            "closePrice": "23.96"
        },
        {
            "fiscalDateEnding": "2022-09-30",
            "totalCurrentAssets": "1579700000",
            "cashAndShortTermInvestments": "1453400000",
            "totalCurrentLiabilities": "1156400000",
            "currentDebt": "111300000",
            "netIncome": "83200000",
            "capitalExpenditures": "6200000",
            "operatingCashflow": "251400000",
            "grossProfit": "481300000",
            "totalRevenue": "601400000",
            "sentiment": 0.12748275321723174,
            "surprise": "0.05",
            "closePrice": "20.43"
        },
        {
            "fiscalDateEnding": "2022-06-30",
            "totalCurrentAssets": "1593100000",
            "cashAndShortTermInvestments": "1446300000",
            "totalCurrentLiabilities": "1135700000",
            "currentDebt": "115000000",
            "netIncome": "62000000",
            "capitalExpenditures": "4000000",
            "operatingCashflow": "209900000",
            "grossProfit": "466900000",
            "totalRevenue": "573700000",
            "sentiment": 0.09386059704649592,
            "surprise": "0.01",
            "closePrice": "23.99"
        },
        {
            "fiscalDateEnding": "2022-03-31",
            "totalCurrentAssets": "1622900000",
            "cashAndShortTermInvestments": "1495600000",
            "totalCurrentLiabilities": "1117400000",
            "currentDebt": "118900000",
            "netIncome": "79700000",
            "capitalExpenditures": "10700000",
            "operatingCashflow": "141400000",
            "grossProfit": "449500000",
            "totalRevenue": "568700000",
            "sentiment": 0.07533659814545544,
            "surprise": "0.01",
            "closePrice": "21.3"
        },
        {
            "fiscalDateEnding": "2021-12-31",
            "totalCurrentAssets": "1849800000",
            "cashAndShortTermInvestments": "1718100000",
            "totalCurrentLiabilities": "1175800000",
            "currentDebt": "120400000",
            "netIncome": "124600000",
            "capitalExpenditures": "8100000",
            "operatingCashflow": "162700000",
            "grossProfit": "449700000",
            "totalRevenue": "559900000",
            "sentiment": 0,
            "surprise": "0.04",
            "closePrice": "23.58"
        },
        {
            "fiscalDateEnding": "2021-09-30",
            "totalCurrentAssets": "2056300000",
            "cashAndShortTermInvestments": "1928700000",
            "totalCurrentLiabilities": "1175100000",
            "currentDebt": "120900000",
            "netIncome": "75600000",
            "capitalExpenditures": "10000000",
            "operatingCashflow": "231500000",
            "grossProfit": "438200000",
            "totalRevenue": "553300000",
            "sentiment": 0,
            "surprise": "0.02",
            "closePrice": "31.01"
        },
        {
            "fiscalDateEnding": "2021-06-30",
            "totalCurrentAssets": "2067300000",
            "cashAndShortTermInvestments": "1944200000",
            "totalCurrentLiabilities": "1125000000",
            "currentDebt": "113900000",
            "netIncome": "88000000",
            "capitalExpenditures": "3900000",
            "operatingCashflow": "219900000",
            "grossProfit": "423500000",
            "totalRevenue": "535000000",
            "sentiment": 0,
            "surprise": "0.07",
            "closePrice": "31.58"
        },
        {
            "fiscalDateEnding": "2021-03-31",
            "totalCurrentAssets": "2034000000",
            "cashAndShortTermInvestments": "1916400000",
            "totalCurrentLiabilities": "1074900000",
            "currentDebt": "105200000",
            "netIncome": "47600000",
            "capitalExpenditures": "6900000",
            "operatingCashflow": "115700000",
            "grossProfit": "402300000",
            "totalRevenue": "515000000",
            "sentiment": 0,
            "surprise": "0.04",
            "closePrice": "24.53"
        },
        {
            "fiscalDateEnding": "2020-12-31",
            "totalCurrentAssets": "1227500000",
            "cashAndShortTermInvestments": "1121300000",
            "totalCurrentLiabilities": "1087800000",
            "currentDebt": "99600000",
            "netIncome": "-345800000",
            "capitalExpenditures": "12500000",
            "operatingCashflow": "170700000",
            "grossProfit": "398300000",
            "totalRevenue": "473000000",
            "sentiment": 0,
            "surprise": "0.04",
            "closePrice": "24.37"
        },
        {
            "fiscalDateEnding": "2020-09-30",
            "totalCurrentAssets": "1330200000",
            "cashAndShortTermInvestments": "1226500000",
            "totalCurrentLiabilities": "1026900000",
            "currentDebt": "86400000",
            "netIncome": "32700000",
            "capitalExpenditures": "13900000",
            "operatingCashflow": "200900000",
            "grossProfit": "384200000",
            "totalRevenue": "491200000",
            "sentiment": 0,
            "surprise": "0.07",
            "closePrice": "20.12"
        },
        {
            "fiscalDateEnding": "2020-06-30",
            "totalCurrentAssets": "1222300000",
            "cashAndShortTermInvestments": "1117600000",
            "totalCurrentLiabilities": "981800000",
            "currentDebt": "83800000",
            "netIncome": "17500000",
            "capitalExpenditures": "26100000",
            "operatingCashflow": "145900000",
            "grossProfit": "364900000",
            "totalRevenue": "470300000",
            "sentiment": 0,
            "surprise": "0.05",
            "closePrice": "23.27"
        },
        {
            "fiscalDateEnding": "2020-03-31",
            "totalCurrentAssets": "1195200000",
            "cashAndShortTermInvestments": "1080200000",
            "totalCurrentLiabilities": "970800000",
            "currentDebt": "164300000",
            "netIncome": "39300000",
            "capitalExpenditures": "27800000",
            "operatingCashflow": "53300000",
            "grossProfit": "351900000",
            "totalRevenue": "487500000",
            "sentiment": 0,
            "surprise": "0.03",
            "closePrice": "21.89"
        },
        {
            "fiscalDateEnding": "2019-12-31",
            "totalCurrentAssets": "1243200000",
            "cashAndShortTermInvestments": "1159000000",
            "totalCurrentLiabilities": "1014800000",
            "currentDebt": "156600000",
            "netIncome": "-6600000",
            "capitalExpenditures": "27200000",
            "operatingCashflow": "186800000",
            "grossProfit": "341100000",
            "totalRevenue": "409000000",
            "sentiment": 0,
            "surprise": "0.02",
            "closePrice": "18.715"
        },
        {
            "fiscalDateEnding": "2019-09-30",
            "totalCurrentAssets": "1133600000",
            "cashAndShortTermInvestments": "1030900000",
            "totalCurrentLiabilities": "948300000",
            "currentDebt": "146900000",
            "netIncome": "-17000000",
            "capitalExpenditures": "47200000",
            "operatingCashflow": "149700000",
            "grossProfit": "323400000",
            "totalRevenue": "427100000",
            "sentiment": 0,
            "surprise": "0.02",
            "closePrice": "20.96"
        },
        {
            "fiscalDateEnding": "2019-06-30",
            "totalCurrentAssets": "1067700000",
            "cashAndShortTermInvestments": "972800000",
            "totalCurrentLiabilities": "903100000",
            "currentDebt": "147200000",
            "netIncome": "-21400000",
            "capitalExpenditures": "33700000",
            "operatingCashflow": "128800000",
            "grossProfit": "298600000",
            "totalRevenue": "400300000",
            "sentiment": 0,
            "surprise": "0.02",
            "closePrice": "21.46"
        },
        {
            "fiscalDateEnding": "2019-03-31",
            "totalCurrentAssets": "1007600000",
            "cashAndShortTermInvestments": "915200000",
            "totalCurrentLiabilities": "865800000",
            "currentDebt": "None",
            "netIncome": "-7700000",
            "capitalExpenditures": "29700000",
            "operatingCashflow": "63200000",
            "grossProfit": "287200000",
            "totalRevenue": "385600000",
            "sentiment": 0,
            "surprise": "0.04",
            "closePrice": "23.23"
        },
        {
            "fiscalDateEnding": "2018-12-31",
            "totalCurrentAssets": "1210200000",
            "cashAndShortTermInvestments": "1089300000",
            "totalCurrentLiabilities": "837500000",
            "currentDebt": "73800000",
            "netIncome": "-9500000",
            "capitalExpenditures": "35500000",
            "operatingCashflow": "123700000",
            "grossProfit": "281500000",
            "totalRevenue": "374000000",
            "sentiment": 0,
            "surprise": "0.02",
            "closePrice": "25.59"
        },
        {
            "fiscalDateEnding": "2018-09-30",
            "totalCurrentAssets": "1163700000",
            "cashAndShortTermInvestments": "1039100000",
            "totalCurrentLiabilities": "815100000",
            "currentDebt": "80500000",
            "netIncome": "-5800000",
            "capitalExpenditures": "8400000",
            "operatingCashflow": "128000000",
            "grossProfit": "270100000",
            "totalRevenue": "360300000",
            "sentiment": 0,
            "surprise": "0.05",
            "closePrice": "24.74"
        },
        {
            "fiscalDateEnding": "2018-06-30",
            "totalCurrentAssets": "1099800000",
            "cashAndShortTermInvestments": "981800000",
            "totalCurrentLiabilities": "793300000",
            "currentDebt": "87100000",
            "netIncome": "-4100000",
            "capitalExpenditures": "9700000",
            "operatingCashflow": "111900000",
            "grossProfit": "249700000",
            "totalRevenue": "339200000",
            "sentiment": 0,
            "surprise": "0.05",
            "closePrice": "34.43"
        },
        {
            "fiscalDateEnding": "2018-03-31",
            "totalCurrentAssets": "929900000",
            "cashAndShortTermInvestments": "846000000",
            "totalCurrentLiabilities": "746100000",
            "currentDebt": "92800000",
            "netIncome": "-465500000",
            "capitalExpenditures": "12400000",
            "operatingCashflow": "61800000",
            "grossProfit": "195700000",
            "totalRevenue": "316300000",
            "sentiment": 0,
            "surprise": "0.03",
            "closePrice": "32.0"
        }
    ]
}