{
    "DDOG": [
        {
            "fiscalDateEnding": "2023-12-31",
            "totalCurrentAssets": "3178137000",
            "cashAndShortTermInvestments": "2582898000",
            "totalCurrentLiabilities": "1003052000",
            "currentDebt": "None",
            "netIncome": "53993000",
            "capitalExpenditures": "18936000",
            "operatingCashflow": "220226000",
            "grossProfit": "484820000",
            "totalRevenue": "588970000",
            "sentiment": 0.22745700395118235,
            "surprise": "0.11",
            "closePrice": "131.68"
        },
        {
            "fiscalDateEnding": "2023-09-30",
            "totalCurrentAssets": "2819484000",
            "cashAndShortTermInvestments": "2341689000",
            "totalCurrentLiabilities": "842476000",
            "currentDebt": "None",
            "netIncome": "22630000",
            "capitalExpenditures": "14594000",
            "operatingCashflow": "152783000",
            "grossProfit": "444217000",
            "totalRevenue": "546233000",
            "sentiment": 0.18071831361287233,
            "surprise": "0.11",
            "closePrice": "102.2"
        },
        {
            "fiscalDateEnding": "2023-06-30",
            "totalCurrentAssets": "2600070000",
            "cashAndShortTermInvestments": "2185362000",
            "totalCurrentLiabilities": "761362000",
            "currentDebt": "None",
            "netIncome": "-3969000",
            "capitalExpenditures": "11426000",
            "operatingCashflow": "153158000",
            "grossProfit": "407614000",
            "totalRevenue": "507934000",
            "sentiment": 0.23429716063811468,
            "surprise": "0.08",
            "closePrice": "88.04"
        },
        {
            "fiscalDateEnding": "2023-03-31",
            "totalCurrentAssets": "2462992000",
            "cashAndShortTermInvestments": "2017890000",
            "totalCurrentLiabilities": "772954000",
            "currentDebt": "None",
            "netIncome": "-24086000",
            "capitalExpenditures": "17450000",
            "operatingCashflow": "133787000",
            "grossProfit": "381800000",
            "totalRevenue": "479445000",
            "sentiment": 0.25411504699841514,
            "surprise": "0.04",
            "closePrice": "75.4"
        },
        {
            "fiscalDateEnding": "2022-12-31",
            "totalCurrentAssets": "2344234000",
            "cashAndShortTermInvestments": "1884326000",
            "totalCurrentLiabilities": "759748000",
            "currentDebt": "None",
            "netIncome": "-29034000",
            "capitalExpenditures": "18090000",
            "operatingCashflow": "114441000",
            "grossProfit": "372642000",
            "totalRevenue": "466870000",
            "sentiment": 0.22185996075334383,
            "surprise": "0.07",
            "closePrice": "82.47"
        },
        {
            "fiscalDateEnding": "2022-09-30",
            "totalCurrentAssets": "2176569000",
            "cashAndShortTermInvestments": "1766263000",
            "totalCurrentLiabilities": "674408000",
            "currentDebt": "None",
            "netIncome": "-25985000",
            "capitalExpenditures": "16518000",
            "operatingCashflow": "83618000",
            "grossProfit": "342934000",
            "totalRevenue": "432805000",
            "sentiment": 0.1840361053026455,
            "surprise": "0.07",
            "closePrice": "75.01"
        },
        {
            "fiscalDateEnding": "2022-06-30",
            "totalCurrentAssets": "2069588000",
            "cashAndShortTermInvestments": "1703540000",
            "totalCurrentLiabilities": "625876000",
            "currentDebt": "None",
            "netIncome": "-4879000",
            "capitalExpenditures": "12794000",
            "operatingCashflow": "72960000",
            "grossProfit": "324213000",
            "totalRevenue": "401597000",
            "sentiment": -0.005606580462587204,
            "surprise": "0.09",
            "closePrice": "110.49"
        },
        {
            "fiscalDateEnding": "2022-03-31",
            "totalCurrentAssets": "2003671000",
            "cashAndShortTermInvestments": "1671009000",
            "totalCurrentLiabilities": "601972000",
            "currentDebt": "None",
            "netIncome": "9738000",
            "capitalExpenditures": "17487000",
            "operatingCashflow": "147388000",
            "grossProfit": "288568000",
            "totalRevenue": "356960000",
            "sentiment": 0.07338683272691823,
            "surprise": "0.12",
            "closePrice": "111.87"
        },
        {
            "fiscalDateEnding": "2021-12-31",
            "totalCurrentAssets": "1870948000",
            "cashAndShortTermInvestments": "1554446000",
            "totalCurrentLiabilities": "528696000",
            "currentDebt": "None",
            "netIncome": "7169000",
            "capitalExpenditures": "9110000",
            "operatingCashflow": "115793000",
            "grossProfit": "259049000",
            "totalRevenue": "321443000",
            "sentiment": 0,
            "surprise": "0.08",
            "closePrice": "174.6"
        },
        {
            "fiscalDateEnding": "2021-09-30",
            "totalCurrentAssets": "1736336000",
            "cashAndShortTermInvestments": "1467126000",
            "totalCurrentLiabilities": "440202000",
            "currentDebt": "None",
            "netIncome": "-5484000",
            "capitalExpenditures": "10296000",
            "operatingCashflow": "67379000",
            "grossProfit": "207156000",
            "totalRevenue": "265786000",
            "sentiment": 0,
            "surprise": "0.07",
            "closePrice": "166.95"
        },
        {
            "fiscalDateEnding": "2021-06-30",
            "totalCurrentAssets": "1642386000",
            "cashAndShortTermInvestments": "1410159000",
            "totalCurrentLiabilities": "381057000",
            "currentDebt": "None",
            "netIncome": "-9362000",
            "capitalExpenditures": "9438000",
            "operatingCashflow": "51723000",
            "grossProfit": "176451000",
            "totalRevenue": "228485000",
            "sentiment": 0,
            "surprise": "0.07",
            "closePrice": "132.47"
        },
        {
            "fiscalDateEnding": "2021-03-31",
            "totalCurrentAssets": "1746857000",
            "cashAndShortTermInvestments": "1547896000",
            "totalCurrentLiabilities": "320814000",
            "currentDebt": "None",
            "netIncome": "-13068000",
            "capitalExpenditures": "7181000",
            "operatingCashflow": "51650000",
            "grossProfit": "151883000",
            "totalRevenue": "193074000",
            "sentiment": 0,
            "surprise": "0.03",
            "closePrice": "71.36"
        },
        {
            "fiscalDateEnding": "2020-12-31",
            "totalCurrentAssets": "1718080000",
            "cashAndShortTermInvestments": "1517459000",
            "totalCurrentLiabilities": "297844000",
            "currentDebt": "None",
            "netIncome": "-16160000",
            "capitalExpenditures": "7176000",
            "operatingCashflow": "23828000",
            "grossProfit": "136674000",
            "totalRevenue": "165515000",
            "sentiment": 0,
            "surprise": "0.04",
            "closePrice": "117.6"
        },
        {
            "fiscalDateEnding": "2020-09-30",
            "totalCurrentAssets": "1652975000",
            "cashAndShortTermInvestments": "1494784000",
            "totalCurrentLiabilities": "254650000",
            "currentDebt": "None",
            "netIncome": "-15150000",
            "capitalExpenditures": "7629000",
            "operatingCashflow": "36270000",
            "grossProfit": "120691000",
            "totalRevenue": "142252000",
            "sentiment": 0,
            "surprise": "0.04",
            "closePrice": "92.6"
        },
        {
            "fiscalDateEnding": "2020-06-30",
            "totalCurrentAssets": "1626072000",
            "cashAndShortTermInvestments": "1465799000",
            "totalCurrentLiabilities": "241408000",
            "currentDebt": "None",
            "netIncome": "284000",
            "capitalExpenditures": "6135000",
            "operatingCashflow": "24738000",
            "grossProfit": "111134000",
            "totalRevenue": "135718000",
            "sentiment": 0,
            "surprise": "0.04",
            "closePrice": "90.01"
        },
        {
            "fiscalDateEnding": "2020-03-31",
            "totalCurrentAssets": "933065000",
            "cashAndShortTermInvestments": "794734000",
            "totalCurrentLiabilities": "210638000",
            "currentDebt": "13436000",
            "netIncome": "6479000",
            "capitalExpenditures": "4943000",
            "operatingCashflow": "24255000",
            "grossProfit": "104769000",
            "totalRevenue": "129061000",
            "sentiment": 0,
            "surprise": "0.07",
            "closePrice": "55.69"
        },
        {
            "fiscalDateEnding": "2019-12-31",
            "totalCurrentAssets": "903942000",
            "cashAndShortTermInvestments": "773971000",
            "totalCurrentLiabilities": "200239000",
            "currentDebt": "11916000",
            "netIncome": "891000",
            "capitalExpenditures": "6572000",
            "operatingCashflow": "17430000",
            "grossProfit": "87920000",
            "totalRevenue": "111866000",
            "sentiment": 0,
            "surprise": "0.05",
            "closePrice": "48.5"
        },
        {
            "fiscalDateEnding": "2019-09-30",
            "totalCurrentAssets": "872476000",
            "cashAndShortTermInvestments": "760945000",
            "totalCurrentLiabilities": "176661000",
            "currentDebt": "10222000",
            "netIncome": "-4161000",
            "capitalExpenditures": "7484000",
            "operatingCashflow": "3824000",
            "grossProfit": "72567000",
            "totalRevenue": "96064000",
            "sentiment": 0,
            "surprise": "0.15",
            "closePrice": "34.4"
        }
    ]
}