{
    "DGII": [
        {
            "fiscalDateEnding": "2023-12-31",
            "totalCurrentAssets": "165378000",
            "cashAndShortTermInvestments": "31548000",
            "totalCurrentLiabilities": "70445000",
            "currentDebt": "None",
            "netIncome": "-3054000",
            "capitalExpenditures": "292000",
            "operatingCashflow": "18672000",
            "grossProfit": "61100000",
            "totalRevenue": "106089000",
            "sentiment": 0.19059150979449405,
            "surprise": "0.04",
            "closePrice": "27.68"
        },
        {
            "fiscalDateEnding": "2023-09-30",
            "totalCurrentAssets": "166198000",
            "cashAndShortTermInvestments": "31693000",
            "totalCurrentLiabilities": "85978000",
            "currentDebt": "15523000",
            "netIncome": "6365000",
            "capitalExpenditures": "503000",
            "operatingCashflow": "8947000",
            "grossProfit": "63991000",
            "totalRevenue": "112163000",
            "sentiment": 0.22225092004023317,
            "surprise": "0.04",
            "closePrice": "22.07"
        },
        {
            "fiscalDateEnding": "2023-06-30",
            "totalCurrentAssets": "167354000",
            "cashAndShortTermInvestments": "29580000",
            "totalCurrentLiabilities": "89019000",
            "currentDebt": "15523000",
            "netIncome": "6727000",
            "capitalExpenditures": "987000",
            "operatingCashflow": "18197000",
            "grossProfit": "63819000",
            "totalRevenue": "112236000",
            "sentiment": 0.1893125645598249,
            "surprise": "0.03",
            "closePrice": "35.67"
        },
        {
            "fiscalDateEnding": "2023-03-31",
            "totalCurrentAssets": "169066000",
            "cashAndShortTermInvestments": "31660000",
            "totalCurrentLiabilities": "83769000",
            "currentDebt": "15523000",
            "netIncome": "5899000",
            "capitalExpenditures": "1892000",
            "operatingCashflow": "6927000",
            "grossProfit": "62872000",
            "totalRevenue": "111144000",
            "sentiment": 0.2586252648383154,
            "surprise": "0.06",
            "closePrice": "32.11"
        },
        {
            "fiscalDateEnding": "2022-12-31",
            "totalCurrentAssets": "170241000",
            "cashAndShortTermInvestments": "30949000",
            "totalCurrentLiabilities": "90565000",
            "currentDebt": "15523000",
            "netIncome": "5779000",
            "capitalExpenditures": "963000",
            "operatingCashflow": "2680000",
            "grossProfit": "61521000",
            "totalRevenue": "109306000",
            "sentiment": 0.20870174820581444,
            "surprise": "0.06",
            "closePrice": "36.45"
        },
        {
            "fiscalDateEnding": "2022-09-30",
            "totalCurrentAssets": "166208000",
            "cashAndShortTermInvestments": "34900000",
            "totalCurrentLiabilities": "96507000",
            "currentDebt": "15523000",
            "netIncome": "11223000",
            "capitalExpenditures": "-2244000",
            "operatingCashflow": "6524000",
            "grossProfit": "58995000",
            "totalRevenue": "105738000",
            "sentiment": 0.3035050707075797,
            "surprise": "0.04",
            "closePrice": "39.23"
        },
        {
            "fiscalDateEnding": "2022-06-30",
            "totalCurrentAssets": "169557000",
            "cashAndShortTermInvestments": "41515000",
            "totalCurrentLiabilities": "94578000",
            "currentDebt": "15523000",
            "netIncome": "4126000",
            "capitalExpenditures": "2554000",
            "operatingCashflow": "19458000",
            "grossProfit": "57426000",
            "totalRevenue": "103517000",
            "sentiment": 0.12773312374636023,
            "surprise": "0.08",
            "closePrice": "34.78"
        },
        {
            "fiscalDateEnding": "2022-03-31",
            "totalCurrentAssets": "167840000",
            "cashAndShortTermInvestments": "41386000",
            "totalCurrentLiabilities": "89977000",
            "currentDebt": "15523000",
            "netIncome": "2847000",
            "capitalExpenditures": "1210000",
            "operatingCashflow": "5881000",
            "grossProfit": "51984000",
            "totalRevenue": "94713000",
            "sentiment": 0.2120614852433119,
            "surprise": "0.09",
            "closePrice": "19.66"
        },
        {
            "fiscalDateEnding": "2021-12-31",
            "totalCurrentAssets": "156702000",
            "cashAndShortTermInvestments": "47188000",
            "totalCurrentLiabilities": "79311000",
            "currentDebt": "11148000",
            "netIncome": "1187000",
            "capitalExpenditures": "454000",
            "operatingCashflow": "5877000",
            "grossProfit": "47881000",
            "totalRevenue": "84257000",
            "sentiment": 0,
            "surprise": "0.07",
            "closePrice": "22.17"
        },
        {
            "fiscalDateEnding": "2021-09-30",
            "totalCurrentAssets": "246658000",
            "cashAndShortTermInvestments": "152432000",
            "totalCurrentLiabilities": "58941000",
            "currentDebt": "None",
            "netIncome": "4588000",
            "capitalExpenditures": "612000",
            "operatingCashflow": "15639000",
            "grossProfit": "42626000",
            "totalRevenue": "79106000",
            "sentiment": 0,
            "surprise": "0.05",
            "closePrice": "22.53"
        },
        {
            "fiscalDateEnding": "2021-06-30",
            "totalCurrentAssets": "246314000",
            "cashAndShortTermInvestments": "146942000",
            "totalCurrentLiabilities": "57415000",
            "currentDebt": "None",
            "netIncome": "3157000",
            "capitalExpenditures": "358000",
            "operatingCashflow": "20787000",
            "grossProfit": "42556000",
            "totalRevenue": "79079000",
            "sentiment": 0,
            "surprise": "0.01",
            "closePrice": "20.7"
        },
        {
            "fiscalDateEnding": "2021-03-31",
            "totalCurrentAssets": "234431000",
            "cashAndShortTermInvestments": "127189000",
            "totalCurrentLiabilities": "56861000",
            "currentDebt": "None",
            "netIncome": "2928000",
            "capitalExpenditures": "510000",
            "operatingCashflow": "12985000",
            "grossProfit": "40457000",
            "totalRevenue": "77301000",
            "sentiment": 0,
            "surprise": "0.01",
            "closePrice": "17.87"
        },
        {
            "fiscalDateEnding": "2020-12-31",
            "totalCurrentAssets": "167262000",
            "cashAndShortTermInvestments": "49263000",
            "totalCurrentLiabilities": "67487000",
            "currentDebt": "1972000",
            "netIncome": "-307000",
            "capitalExpenditures": "777000",
            "operatingCashflow": "8312000",
            "grossProfit": "41019000",
            "totalRevenue": "73146000",
            "sentiment": 0,
            "surprise": "-0.07",
            "closePrice": "19.91"
        },
        {
            "fiscalDateEnding": "2020-09-30",
            "totalCurrentAssets": "170058000",
            "cashAndShortTermInvestments": "54129000",
            "totalCurrentLiabilities": "61230000",
            "currentDebt": "1972000",
            "netIncome": "4433000",
            "capitalExpenditures": "206000",
            "operatingCashflow": "15325000",
            "grossProfit": "37518000",
            "totalRevenue": "73169000",
            "sentiment": 0,
            "surprise": "0.06",
            "closePrice": "17.5"
        },
        {
            "fiscalDateEnding": "2020-06-30",
            "totalCurrentAssets": "166462000",
            "cashAndShortTermInvestments": "55085000",
            "totalCurrentLiabilities": "50345000",
            "currentDebt": "1972000",
            "netIncome": "1766000",
            "capitalExpenditures": "259000",
            "operatingCashflow": "31836000",
            "grossProfit": "37349000",
            "totalRevenue": "70338000",
            "sentiment": 0,
            "surprise": "0.04",
            "closePrice": "12.76"
        },
        {
            "fiscalDateEnding": "2020-03-31",
            "totalCurrentAssets": "188367000",
            "cashAndShortTermInvestments": "58086000",
            "totalCurrentLiabilities": "53206000",
            "currentDebt": "4550000",
            "netIncome": "2004000",
            "capitalExpenditures": "238000",
            "operatingCashflow": "9384000",
            "grossProfit": "38641000",
            "totalRevenue": "73447000",
            "sentiment": 0,
            "surprise": "0.01",
            "closePrice": "11.04"
        },
        {
            "fiscalDateEnding": "2019-12-31",
            "totalCurrentAssets": "185035000",
            "cashAndShortTermInvestments": "49072000",
            "totalCurrentLiabilities": "61525000",
            "currentDebt": "3898000",
            "netIncome": "208000",
            "capitalExpenditures": "196000",
            "operatingCashflow": "-22067000",
            "grossProfit": "30464000",
            "totalRevenue": "62317000",
            "sentiment": 0,
            "surprise": "0",
            "closePrice": "16.73"
        },
        {
            "fiscalDateEnding": "2019-09-30",
            "totalCurrentAssets": "192547000",
            "cashAndShortTermInvestments": "92792000",
            "totalCurrentLiabilities": "44458000",
            "currentDebt": "None",
            "netIncome": "2286000",
            "capitalExpenditures": "735000",
            "operatingCashflow": "6436000",
            "grossProfit": "30595000",
            "totalRevenue": "64960000",
            "sentiment": 0,
            "surprise": "0.02",
            "closePrice": "15.1"
        },
        {
            "fiscalDateEnding": "2019-06-30",
            "totalCurrentAssets": "177922000",
            "cashAndShortTermInvestments": "86348000",
            "totalCurrentLiabilities": "35021000",
            "currentDebt": "None",
            "netIncome": "1648000",
            "capitalExpenditures": "1254000",
            "operatingCashflow": "16326000",
            "grossProfit": "28328000",
            "totalRevenue": "61166000",
            "sentiment": 0,
            "surprise": "0.02",
            "closePrice": "12.83"
        },
        {
            "fiscalDateEnding": "2019-03-31",
            "totalCurrentAssets": "175167000",
            "cashAndShortTermInvestments": "72090000",
            "totalCurrentLiabilities": "41091000",
            "currentDebt": "None",
            "netIncome": "1342000",
            "capitalExpenditures": "5571000",
            "operatingCashflow": "91000",
            "grossProfit": "30329000",
            "totalRevenue": "65764000",
            "sentiment": 0,
            "surprise": "0.02",
            "closePrice": "13.1"
        },
        {
            "fiscalDateEnding": "2018-12-31",
            "totalCurrentAssets": "173690000",
            "cashAndShortTermInvestments": "76469000",
            "totalCurrentLiabilities": "40771000",
            "currentDebt": "None",
            "netIncome": "4682000",
            "capitalExpenditures": "1775000",
            "operatingCashflow": "6111000",
            "grossProfit": "29783000",
            "totalRevenue": "62313000",
            "sentiment": 0,
            "surprise": "0.06",
            "closePrice": "11.86"
        },
        {
            "fiscalDateEnding": "2018-09-30",
            "totalCurrentAssets": "162046000",
            "cashAndShortTermInvestments": "62750000",
            "totalCurrentLiabilities": "35573000",
            "currentDebt": "None",
            "netIncome": "3340000",
            "capitalExpenditures": "879000",
            "operatingCashflow": "6066000",
            "grossProfit": "30613000",
            "totalRevenue": "65118000",
            "sentiment": 0,
            "surprise": "0.07",
            "closePrice": "11.59"
        },
        {
            "fiscalDateEnding": "2018-06-30",
            "totalCurrentAssets": "146039000",
            "cashAndShortTermInvestments": "52457000",
            "totalCurrentLiabilities": "30494000",
            "currentDebt": "None",
            "netIncome": "2904000",
            "capitalExpenditures": "178000",
            "operatingCashflow": "-3863000",
            "grossProfit": "29648000",
            "totalRevenue": "62272000",
            "sentiment": 0,
            "surprise": "0.05",
            "closePrice": "13.5"
        },
        {
            "fiscalDateEnding": "2018-03-31",
            "totalCurrentAssets": "140301000",
            "cashAndShortTermInvestments": "57148000",
            "totalCurrentLiabilities": "30981000",
            "currentDebt": "None",
            "netIncome": "-126000",
            "capitalExpenditures": "332000",
            "operatingCashflow": "-3653000",
            "grossProfit": "26834000",
            "totalRevenue": "54548000",
            "sentiment": 0,
            "surprise": "-0.034",
            "closePrice": "11.15"
        },
        {
            "fiscalDateEnding": "2017-12-31",
            "totalCurrentAssets": "140048000",
            "cashAndShortTermInvestments": "73814000",
            "totalCurrentLiabilities": "23470000",
            "currentDebt": "None",
            "netIncome": "-4487000",
            "capitalExpenditures": "453000",
            "operatingCashflow": "-1328000",
            "grossProfit": "21959000",
            "totalRevenue": "44955000",
            "sentiment": 0,
            "surprise": "-0.04",
            "closePrice": "10.4"
        },
        {
            "fiscalDateEnding": "2017-09-30",
            "totalCurrentAssets": "174360000",
            "cashAndShortTermInvestments": "110237000",
            "totalCurrentLiabilities": "17980000",
            "currentDebt": "None",
            "netIncome": "4343000",
            "capitalExpenditures": "196000",
            "operatingCashflow": "2933000",
            "grossProfit": "21334000",
            "totalRevenue": "45105000",
            "sentiment": 0,
            "surprise": "0.08",
            "closePrice": "10.2"
        },
        {
            "fiscalDateEnding": "2017-06-30",
            "totalCurrentAssets": "176490000",
            "cashAndShortTermInvestments": "109282000",
            "totalCurrentLiabilities": "21810000",
            "currentDebt": "None",
            "netIncome": "1335000",
            "capitalExpenditures": "593000",
            "operatingCashflow": "419000",
            "grossProfit": "22485000",
            "totalRevenue": "45739000",
            "sentiment": 0,
            "surprise": "0",
            "closePrice": "10.05"
        },
        {
            "fiscalDateEnding": "2017-03-31",
            "totalCurrentAssets": "173592000",
            "cashAndShortTermInvestments": "107976000",
            "totalCurrentLiabilities": "21790000",
            "currentDebt": "None",
            "netIncome": "1331000",
            "capitalExpenditures": "430000",
            "operatingCashflow": "1158000",
            "grossProfit": "21902000",
            "totalRevenue": "45615000",
            "sentiment": 0,
            "surprise": "-0.03",
            "closePrice": "12.3"
        },
        {
            "fiscalDateEnding": "2016-12-31",
            "totalCurrentAssets": "192015000",
            "cashAndShortTermInvestments": "133081000",
            "totalCurrentLiabilities": "17782000",
            "currentDebt": "None",
            "netIncome": "2357000",
            "capitalExpenditures": "554000",
            "operatingCashflow": "-2035000",
            "grossProfit": "21453000",
            "totalRevenue": "45175000",
            "sentiment": 0,
            "surprise": "0.02",
            "closePrice": "13.6"
        },
        {
            "fiscalDateEnding": "2016-09-30",
            "totalCurrentAssets": "195645000",
            "cashAndShortTermInvestments": "134109000",
            "totalCurrentLiabilities": "23808000",
            "currentDebt": "None",
            "netIncome": "3844000",
            "capitalExpenditures": "1145000",
            "operatingCashflow": "6506000",
            "grossProfit": "24604000",
            "totalRevenue": "50454000",
            "sentiment": 0,
            "surprise": "0.03",
            "closePrice": "10.45"
        },
        {
            "fiscalDateEnding": "2016-06-30",
            "totalCurrentAssets": "186022000",
            "cashAndShortTermInvestments": "124209000",
            "totalCurrentLiabilities": "23944000",
            "currentDebt": "None",
            "netIncome": "4277000",
            "capitalExpenditures": "375000",
            "operatingCashflow": "9095000",
            "grossProfit": "25977000",
            "totalRevenue": "52130000",
            "sentiment": 0,
            "surprise": "0.06",
            "closePrice": "11.32"
        },
        {
            "fiscalDateEnding": "2016-03-31",
            "totalCurrentAssets": "176930000",
            "cashAndShortTermInvestments": "115384000",
            "totalCurrentLiabilities": "20679000",
            "currentDebt": "None",
            "netIncome": "2137000",
            "capitalExpenditures": "664000",
            "operatingCashflow": "7933000",
            "grossProfit": "24742000",
            "totalRevenue": "50162000",
            "sentiment": 0,
            "surprise": "0.04",
            "closePrice": "9.26"
        },
        {
            "fiscalDateEnding": "2015-12-31",
            "totalCurrentAssets": "165124000",
            "cashAndShortTermInvestments": "102392000",
            "totalCurrentLiabilities": "18305000",
            "currentDebt": "None",
            "netIncome": "6450000",
            "capitalExpenditures": "545000",
            "operatingCashflow": "3555000",
            "grossProfit": "24357000",
            "totalRevenue": "53171000",
            "sentiment": 0,
            "surprise": "0.05",
            "closePrice": "10.45"
        },
        {
            "fiscalDateEnding": "2015-09-30",
            "totalCurrentAssets": "160185000",
            "cashAndShortTermInvestments": "92209000",
            "totalCurrentLiabilities": "23189000",
            "currentDebt": "None",
            "netIncome": "2985000",
            "capitalExpenditures": "612000",
            "operatingCashflow": "5078000",
            "grossProfit": "26305000",
            "totalRevenue": "47435000",
            "sentiment": 0,
            "surprise": "0.06",
            "closePrice": "11.73"
        },
        {
            "fiscalDateEnding": "2015-06-30",
            "totalCurrentAssets": "156371000",
            "cashAndShortTermInvestments": "91282000",
            "totalCurrentLiabilities": "20884000",
            "currentDebt": "None",
            "netIncome": "2496000",
            "capitalExpenditures": "853000",
            "operatingCashflow": "7436000",
            "grossProfit": "25024000",
            "totalRevenue": "54538000",
            "sentiment": 0,
            "surprise": "0.05",
            "closePrice": "9.53"
        },
        {
            "fiscalDateEnding": "2015-03-31",
            "totalCurrentAssets": "155638000",
            "cashAndShortTermInvestments": "84877000",
            "totalCurrentLiabilities": "22473000",
            "currentDebt": "None",
            "netIncome": "1446000",
            "capitalExpenditures": "1566000",
            "operatingCashflow": "-3783000",
            "grossProfit": "23235000",
            "totalRevenue": "53151000",
            "sentiment": 0,
            "surprise": "None",
            "closePrice": "9.64"
        },
        {
            "fiscalDateEnding": "2014-12-31",
            "totalCurrentAssets": "142890000",
            "cashAndShortTermInvestments": "77667000",
            "totalCurrentLiabilities": "23213000",
            "currentDebt": "None",
            "netIncome": "-339000",
            "capitalExpenditures": "1469000",
            "operatingCashflow": "5343000",
            "grossProfit": "22557000",
            "totalRevenue": "48723000",
            "sentiment": 0,
            "surprise": "0.01",
            "closePrice": "8.91"
        },
        {
            "fiscalDateEnding": "2014-09-30",
            "totalCurrentAssets": "147681000",
            "cashAndShortTermInvestments": "80388000",
            "totalCurrentLiabilities": "21754000",
            "currentDebt": "None",
            "netIncome": "426000",
            "capitalExpenditures": "702000",
            "operatingCashflow": "-736000",
            "grossProfit": "23647000",
            "totalRevenue": "51612000",
            "sentiment": 0,
            "surprise": "-0.01",
            "closePrice": "8.2"
        },
        {
            "fiscalDateEnding": "2014-06-30",
            "totalCurrentAssets": "151896000",
            "cashAndShortTermInvestments": "88246000",
            "totalCurrentLiabilities": "21458000",
            "currentDebt": "None",
            "netIncome": "-101000",
            "capitalExpenditures": "798000",
            "operatingCashflow": "5735000",
            "grossProfit": "22149000",
            "totalRevenue": "47881000",
            "sentiment": 0,
            "surprise": "-0.05",
            "closePrice": "8.47"
        },
        {
            "fiscalDateEnding": "2014-03-31",
            "totalCurrentAssets": "153780000",
            "cashAndShortTermInvestments": "88592000",
            "totalCurrentLiabilities": "19009000",
            "currentDebt": "None",
            "netIncome": "738000",
            "capitalExpenditures": "946000",
            "operatingCashflow": "-2853000",
            "grossProfit": "21780000",
            "totalRevenue": "45881000",
            "sentiment": 0,
            "surprise": "0.02",
            "closePrice": "10.4"
        },
        {
            "fiscalDateEnding": "2013-12-31",
            "totalCurrentAssets": "160727000",
            "cashAndShortTermInvestments": "97811000",
            "totalCurrentLiabilities": "20699000",
            "currentDebt": "None",
            "netIncome": "688000",
            "capitalExpenditures": "975000",
            "operatingCashflow": "-337000",
            "grossProfit": "22908000",
            "totalRevenue": "47322000",
            "sentiment": 0,
            "surprise": "-0.02",
            "closePrice": "12.09"
        },
        {
            "fiscalDateEnding": "2013-09-30",
            "totalCurrentAssets": "148962000",
            "cashAndShortTermInvestments": "88326000",
            "totalCurrentLiabilities": "21290000",
            "currentDebt": "None",
            "netIncome": "2047000",
            "capitalExpenditures": "471000",
            "operatingCashflow": "3640000",
            "grossProfit": "25963000",
            "totalRevenue": "51369000",
            "sentiment": 0,
            "surprise": "0.01",
            "closePrice": "10.08"
        },
        {
            "fiscalDateEnding": "2013-06-30",
            "totalCurrentAssets": "149886000",
            "cashAndShortTermInvestments": "90698000",
            "totalCurrentLiabilities": "20779000",
            "currentDebt": "None",
            "netIncome": "1528000",
            "capitalExpenditures": "335000",
            "operatingCashflow": "4758000",
            "grossProfit": "24720000",
            "totalRevenue": "48824000",
            "sentiment": 0,
            "surprise": "0",
            "closePrice": "10.43"
        },
        {
            "fiscalDateEnding": "2013-03-31",
            "totalCurrentAssets": "138811000",
            "cashAndShortTermInvestments": "79758000",
            "totalCurrentLiabilities": "19188000",
            "currentDebt": "None",
            "netIncome": "1000000",
            "capitalExpenditures": "653000",
            "operatingCashflow": "1062000",
            "grossProfit": "24961000",
            "totalRevenue": "48160000",
            "sentiment": 0,
            "surprise": "0.06",
            "closePrice": "9.32"
        },
        {
            "fiscalDateEnding": "2012-12-31",
            "totalCurrentAssets": "158597000",
            "cashAndShortTermInvestments": "101522000",
            "totalCurrentLiabilities": "18996000",
            "currentDebt": "None",
            "netIncome": "1230000",
            "capitalExpenditures": "1427000",
            "operatingCashflow": "2288000",
            "grossProfit": "24479000",
            "totalRevenue": "46991000",
            "sentiment": 0,
            "surprise": "0.01",
            "closePrice": "9.9"
        },
        {
            "fiscalDateEnding": "2012-09-30",
            "totalCurrentAssets": "173569000",
            "cashAndShortTermInvestments": "118618000",
            "totalCurrentLiabilities": "18192000",
            "currentDebt": "None",
            "netIncome": "2462000",
            "capitalExpenditures": "950000",
            "operatingCashflow": "6168000",
            "grossProfit": "24820000",
            "totalRevenue": "47248000",
            "sentiment": 0,
            "surprise": "0.02",
            "closePrice": "9.26"
        },
        {
            "fiscalDateEnding": "2012-06-30",
            "totalCurrentAssets": "165222000",
            "cashAndShortTermInvestments": "108496000",
            "totalCurrentLiabilities": "18557000",
            "currentDebt": "None",
            "netIncome": "2307000",
            "capitalExpenditures": "353000",
            "operatingCashflow": "2851000",
            "grossProfit": "25304000",
            "totalRevenue": "47632000",
            "sentiment": 0,
            "surprise": "0.04",
            "closePrice": "9.19"
        },
        {
            "fiscalDateEnding": "2012-03-31",
            "totalCurrentAssets": "165092000",
            "cashAndShortTermInvestments": "110058000",
            "totalCurrentLiabilities": "22428000",
            "currentDebt": "None",
            "netIncome": "2122000",
            "capitalExpenditures": "1026000",
            "operatingCashflow": "5866000",
            "grossProfit": "25783000",
            "totalRevenue": "49001000",
            "sentiment": 0,
            "surprise": "-0.02",
            "closePrice": "11.19"
        },
        {
            "fiscalDateEnding": "2011-12-31",
            "totalCurrentAssets": "152789000",
            "cashAndShortTermInvestments": "96698000",
            "totalCurrentLiabilities": "17558000",
            "currentDebt": "None",
            "netIncome": "724000",
            "capitalExpenditures": "1624000",
            "operatingCashflow": "242000",
            "grossProfit": "24430000",
            "totalRevenue": "46662000",
            "sentiment": 0,
            "surprise": "0.01",
            "closePrice": "11.99"
        },
        {
            "fiscalDateEnding": "2011-09-30",
            "totalCurrentAssets": "162234000",
            "cashAndShortTermInvestments": "106208000",
            "totalCurrentLiabilities": "19486000",
            "currentDebt": "None",
            "netIncome": "2849000",
            "capitalExpenditures": "570000",
            "operatingCashflow": "5671000",
            "grossProfit": "27516000",
            "totalRevenue": "51836000",
            "sentiment": 0,
            "surprise": "-0.04",
            "closePrice": "12.91"
        },
        {
            "fiscalDateEnding": "2011-06-30",
            "totalCurrentAssets": "156736000",
            "cashAndShortTermInvestments": "98425000",
            "totalCurrentLiabilities": "24349000",
            "currentDebt": "None",
            "netIncome": "3615000",
            "capitalExpenditures": "745000",
            "operatingCashflow": "8648000",
            "grossProfit": "28755000",
            "totalRevenue": "54248000",
            "sentiment": 0,
            "surprise": "0.01",
            "closePrice": "14.62"
        }
    ]
}