{
    "DIOD": [
        {
            "fiscalDateEnding": "2023-12-31",
            "totalCurrentAssets": "1187385000",
            "cashAndShortTermInvestments": "325631000",
            "totalCurrentLiabilities": "393498000",
            "currentDebt": "4471000",
            "netIncome": "25292000",
            "capitalExpenditures": "27297000",
            "operatingCashflow": "38392000",
            "grossProfit": "112476000",
            "totalRevenue": "320241000",
            "sentiment": 0.1542822479813284,
            "surprise": "0.02",
            "closePrice": "68.23"
        },
        {
            "fiscalDateEnding": "2023-09-30",
            "totalCurrentAssets": "1182582000",
            "cashAndShortTermInvestments": "304917000",
            "totalCurrentLiabilities": "414907000",
            "currentDebt": "1159000",
            "netIncome": "48720000",
            "capitalExpenditures": "38483000",
            "operatingCashflow": "50094000",
            "grossProfit": "155876000",
            "totalRevenue": "405063000",
            "sentiment": 0.23417571699500192,
            "surprise": "-0.09",
            "closePrice": "66.76"
        },
        {
            "fiscalDateEnding": "2023-06-30",
            "totalCurrentAssets": "1160389000",
            "cashAndShortTermInvestments": "330658000",
            "totalCurrentLiabilities": "412956000",
            "currentDebt": "1186000",
            "netIncome": "82020000",
            "capitalExpenditures": "36986000",
            "operatingCashflow": "92617000",
            "grossProfit": "195376000",
            "totalRevenue": "462746000",
            "sentiment": 0.254030883837983,
            "surprise": "0.02",
            "closePrice": "85.61"
        },
        {
            "fiscalDateEnding": "2023-03-31",
            "totalCurrentAssets": "1121771000",
            "cashAndShortTermInvestments": "331914000",
            "totalCurrentLiabilities": "390346000",
            "currentDebt": "1203000",
            "netIncome": "71150000",
            "capitalExpenditures": "48003000",
            "operatingCashflow": "99811000",
            "grossProfit": "194454000",
            "totalRevenue": "463216000",
            "sentiment": 0.27237140376567187,
            "surprise": "0.12",
            "closePrice": "82.6"
        },
        {
            "fiscalDateEnding": "2022-12-31",
            "totalCurrentAssets": "1161671000",
            "cashAndShortTermInvestments": "343791000",
            "totalCurrentLiabilities": "432530000",
            "currentDebt": "1723000",
            "netIncome": "92051000",
            "capitalExpenditures": "63801000",
            "operatingCashflow": "102935000",
            "grossProfit": "206196000",
            "totalRevenue": "492859000",
            "sentiment": 0.3552343279712439,
            "surprise": "0.12",
            "closePrice": "91.65"
        },
        {
            "fiscalDateEnding": "2022-09-30",
            "totalCurrentAssets": "1276561000",
            "cashAndShortTermInvestments": "385905000",
            "totalCurrentLiabilities": "511541000",
            "currentDebt": "9287000",
            "netIncome": "86386000",
            "capitalExpenditures": "69822000",
            "operatingCashflow": "132227000",
            "grossProfit": "217818000",
            "totalRevenue": "517541000",
            "sentiment": 0.4430179757630501,
            "surprise": "0.12",
            "closePrice": "72.93"
        },
        {
            "fiscalDateEnding": "2022-06-30",
            "totalCurrentAssets": "1214613000",
            "cashAndShortTermInvestments": "308701000",
            "totalCurrentLiabilities": "499977000",
            "currentDebt": "9345000",
            "netIncome": "80155000",
            "capitalExpenditures": "39563000",
            "operatingCashflow": "85022000",
            "grossProfit": "206526000",
            "totalRevenue": "501201000",
            "sentiment": -0.015674599517218838,
            "surprise": "0.16",
            "closePrice": "83.51"
        },
        {
            "fiscalDateEnding": "2022-03-31",
            "totalCurrentAssets": "1152089000",
            "cashAndShortTermInvestments": "312536000",
            "totalCurrentLiabilities": "463493000",
            "currentDebt": "11112000",
            "netIncome": "72691000",
            "capitalExpenditures": "38542000",
            "operatingCashflow": "72317000",
            "grossProfit": "196697000",
            "totalRevenue": "482730000",
            "sentiment": 0.09804601883425966,
            "surprise": "0.21",
            "closePrice": "80.44"
        },
        {
            "fiscalDateEnding": "2021-12-31",
            "totalCurrentAssets": "1187672000",
            "cashAndShortTermInvestments": "370141000",
            "totalCurrentLiabilities": "471034000",
            "currentDebt": "17396000",
            "netIncome": "65513000",
            "capitalExpenditures": "55045000",
            "operatingCashflow": "77554000",
            "grossProfit": "190691000",
            "totalRevenue": "477677000",
            "sentiment": 0,
            "surprise": "0.15",
            "closePrice": "96.8"
        },
        {
            "fiscalDateEnding": "2021-09-30",
            "totalCurrentAssets": "1063883000",
            "cashAndShortTermInvestments": "287907000",
            "totalCurrentLiabilities": "444625000",
            "currentDebt": "18416000",
            "netIncome": "68424000",
            "capitalExpenditures": "41113000",
            "operatingCashflow": "98925000",
            "grossProfit": "181231000",
            "totalRevenue": "470810000",
            "sentiment": 0,
            "surprise": "0.08",
            "closePrice": "99.24"
        },
        {
            "fiscalDateEnding": "2021-06-30",
            "totalCurrentAssets": "1042478000",
            "cashAndShortTermInvestments": "300036000",
            "totalCurrentLiabilities": "460205000",
            "currentDebt": "18358000",
            "netIncome": "55374000",
            "capitalExpenditures": "27858000",
            "operatingCashflow": "93868000",
            "grossProfit": "159802000",
            "totalRevenue": "437921000",
            "sentiment": 0,
            "surprise": "0.08",
            "closePrice": "87.38"
        },
        {
            "fiscalDateEnding": "2021-03-31",
            "totalCurrentAssets": "1050351000",
            "cashAndShortTermInvestments": "284619000",
            "totalCurrentLiabilities": "432838000",
            "currentDebt": "18363000",
            "netIncome": "39452000",
            "capitalExpenditures": "17179000",
            "operatingCashflow": "68196000",
            "grossProfit": "138636000",
            "totalRevenue": "408978000",
            "sentiment": 0,
            "surprise": "0.14",
            "closePrice": "72.33"
        },
        {
            "fiscalDateEnding": "2020-12-31",
            "totalCurrentAssets": "1023987000",
            "cashAndShortTermInvestments": "274207000",
            "totalCurrentLiabilities": "509762000",
            "currentDebt": "22009000",
            "netIncome": "29735000",
            "capitalExpenditures": "27316000",
            "operatingCashflow": "60785000",
            "grossProfit": "122697000",
            "totalRevenue": "350370000",
            "sentiment": 0,
            "surprise": "0.04",
            "closePrice": "81.78"
        },
        {
            "fiscalDateEnding": "2020-09-30",
            "totalCurrentAssets": "1214689000",
            "cashAndShortTermInvestments": "590657000",
            "totalCurrentLiabilities": "321533000",
            "currentDebt": "86094000",
            "netIncome": "27152000",
            "capitalExpenditures": "17769000",
            "operatingCashflow": "39701000",
            "grossProfit": "111090000",
            "totalRevenue": "303096000",
            "sentiment": 0,
            "surprise": "0.03",
            "closePrice": "63.47"
        },
        {
            "fiscalDateEnding": "2020-06-30",
            "totalCurrentAssets": "1126485000",
            "cashAndShortTermInvestments": "506858000",
            "totalCurrentLiabilities": "325335000",
            "currentDebt": "77313000",
            "netIncome": "21033000",
            "capitalExpenditures": "16520000",
            "operatingCashflow": "33059000",
            "grossProfit": "101492000",
            "totalRevenue": "282416000",
            "sentiment": 0,
            "surprise": "0.03",
            "closePrice": "52.25"
        },
        {
            "fiscalDateEnding": "2020-03-31",
            "totalCurrentAssets": "796446000",
            "cashAndShortTermInvestments": "272375000",
            "totalCurrentLiabilities": "264117000",
            "currentDebt": "47127000",
            "netIncome": "20168000",
            "capitalExpenditures": "14208000",
            "operatingCashflow": "53675000",
            "grossProfit": "95842000",
            "totalRevenue": "279547000",
            "sentiment": 0,
            "surprise": "-0.02",
            "closePrice": "49.89"
        },
        {
            "fiscalDateEnding": "2019-12-31",
            "totalCurrentAssets": "809959000",
            "cashAndShortTermInvestments": "263215000",
            "totalCurrentLiabilities": "285322000",
            "currentDebt": "46562000",
            "netIncome": "47190000",
            "capitalExpenditures": "22377000",
            "operatingCashflow": "52067000",
            "grossProfit": "109362000",
            "totalRevenue": "325457000",
            "sentiment": 0,
            "surprise": "0.02",
            "closePrice": "50.1"
        },
        {
            "fiscalDateEnding": "2019-09-30",
            "totalCurrentAssets": "763035000",
            "cashAndShortTermInvestments": "226277000",
            "totalCurrentLiabilities": "297704000",
            "currentDebt": "44663000",
            "netIncome": "38060000",
            "capitalExpenditures": "25430000",
            "operatingCashflow": "67217000",
            "grossProfit": "122046000",
            "totalRevenue": "320845000",
            "sentiment": 0,
            "surprise": "0.03",
            "closePrice": "48.87"
        },
        {
            "fiscalDateEnding": "2019-06-30",
            "totalCurrentAssets": "756654000",
            "cashAndShortTermInvestments": "241956000",
            "totalCurrentLiabilities": "275411000",
            "currentDebt": "43197000",
            "netIncome": "36284000",
            "capitalExpenditures": "32059000",
            "operatingCashflow": "40599000",
            "grossProfit": "121988000",
            "totalRevenue": "319499000",
            "sentiment": 0,
            "surprise": "0.03",
            "closePrice": "38.37"
        },
        {
            "fiscalDateEnding": "2019-03-31",
            "totalCurrentAssets": "780990000",
            "cashAndShortTermInvestments": "307918000",
            "totalCurrentLiabilities": "256143000",
            "currentDebt": "28403000",
            "netIncome": "31716000",
            "capitalExpenditures": "18639000",
            "operatingCashflow": "69889000",
            "grossProfit": "112411000",
            "totalRevenue": "300084000",
            "sentiment": 0,
            "surprise": "0.09",
            "closePrice": "35.2"
        },
        {
            "fiscalDateEnding": "2018-12-31",
            "totalCurrentAssets": "734838000",
            "cashAndShortTermInvestments": "248552000",
            "totalCurrentLiabilities": "254024000",
            "currentDebt": "28695000",
            "netIncome": "29519000",
            "capitalExpenditures": "15348000",
            "operatingCashflow": "61638000",
            "grossProfit": "114199000",
            "totalRevenue": "314446000",
            "sentiment": 0,
            "surprise": "0.07",
            "closePrice": "37.4"
        },
        {
            "fiscalDateEnding": "2018-09-30",
            "totalCurrentAssets": "647569000",
            "cashAndShortTermInvestments": "157554000",
            "totalCurrentLiabilities": "261870000",
            "currentDebt": "26285000",
            "netIncome": "30908000",
            "capitalExpenditures": "19169000",
            "operatingCashflow": "35547000",
            "grossProfit": "115214000",
            "totalRevenue": "317973000",
            "sentiment": 0,
            "surprise": "0.05",
            "closePrice": "31.05"
        },
        {
            "fiscalDateEnding": "2018-06-30",
            "totalCurrentAssets": "618540000",
            "cashAndShortTermInvestments": "159628000",
            "totalCurrentLiabilities": "237705000",
            "currentDebt": "23717000",
            "netIncome": "25068000",
            "capitalExpenditures": "21354000",
            "operatingCashflow": "34422000",
            "grossProfit": "107268000",
            "totalRevenue": "301841000",
            "sentiment": 0,
            "surprise": "0.05",
            "closePrice": "37.67"
        },
        {
            "fiscalDateEnding": "2018-03-31",
            "totalCurrentAssets": "634319000",
            "cashAndShortTermInvestments": "186262000",
            "totalCurrentLiabilities": "240383000",
            "currentDebt": "21876000",
            "netIncome": "18526000",
            "capitalExpenditures": "31636000",
            "operatingCashflow": "53959000",
            "grossProfit": "98595000",
            "totalRevenue": "268726000",
            "sentiment": 0,
            "surprise": "0.08",
            "closePrice": "30.16"
        },
        {
            "fiscalDateEnding": "2017-12-31",
            "totalCurrentAssets": "662324000",
            "cashAndShortTermInvestments": "208378000",
            "totalCurrentLiabilities": "247162000",
            "currentDebt": "21282000",
            "netIncome": "-30651000",
            "capitalExpenditures": "29284000",
            "operatingCashflow": "74783000",
            "grossProfit": "96379000",
            "totalRevenue": "268430000",
            "sentiment": 0,
            "surprise": "0.03",
            "closePrice": "26.39"
        },
        {
            "fiscalDateEnding": "2017-09-30",
            "totalCurrentAssets": "701479000",
            "cashAndShortTermInvestments": "213963000",
            "totalCurrentLiabilities": "225192000",
            "currentDebt": "19067000",
            "netIncome": "14450000",
            "capitalExpenditures": "37994000",
            "operatingCashflow": "40903000",
            "grossProfit": "96347000",
            "totalRevenue": "280374000",
            "sentiment": 0,
            "surprise": "0",
            "closePrice": "33.83"
        },
        {
            "fiscalDateEnding": "2017-06-30",
            "totalCurrentAssets": "758433000",
            "cashAndShortTermInvestments": "283025000",
            "totalCurrentLiabilities": "217041000",
            "currentDebt": "17895000",
            "netIncome": "13179000",
            "capitalExpenditures": "24777000",
            "operatingCashflow": "18269000",
            "grossProfit": "90139000",
            "totalRevenue": "259149000",
            "sentiment": 0,
            "surprise": "0",
            "closePrice": "26.83"
        },
        {
            "fiscalDateEnding": "2017-03-31",
            "totalCurrentAssets": "739249000",
            "cashAndShortTermInvestments": "297643000",
            "totalCurrentLiabilities": "187866000",
            "currentDebt": "15938000",
            "netIncome": "1217000",
            "capitalExpenditures": "19106000",
            "operatingCashflow": "51613000",
            "grossProfit": "73911000",
            "totalRevenue": "229024000",
            "sentiment": 0,
            "surprise": "0.07",
            "closePrice": "23.71"
        },
        {
            "fiscalDateEnding": "2016-12-31",
            "totalCurrentAssets": "732782000",
            "cashAndShortTermInvestments": "277644000",
            "totalCurrentLiabilities": "185373000",
            "currentDebt": "15033000",
            "netIncome": "1268000",
            "capitalExpenditures": "11495000",
            "operatingCashflow": "33362000",
            "grossProfit": "67263000",
            "totalRevenue": "232085000",
            "sentiment": 0,
            "surprise": "0",
            "closePrice": "24.13"
        },
        {
            "fiscalDateEnding": "2016-09-30",
            "totalCurrentAssets": "739512000",
            "cashAndShortTermInvestments": "255292000",
            "totalCurrentLiabilities": "172606000",
            "currentDebt": "10300000",
            "netIncome": "10648000",
            "capitalExpenditures": "17982000",
            "operatingCashflow": "11534000",
            "grossProfit": "80623000",
            "totalRevenue": "246651000",
            "sentiment": 0,
            "surprise": "0.02",
            "closePrice": "22.2"
        },
        {
            "fiscalDateEnding": "2016-06-30",
            "totalCurrentAssets": "718250000",
            "cashAndShortTermInvestments": "236799000",
            "totalCurrentLiabilities": "180102000",
            "currentDebt": "10290000",
            "netIncome": "5752000",
            "capitalExpenditures": "15511000",
            "operatingCashflow": "6396000",
            "grossProfit": "74817000",
            "totalRevenue": "14656000",
            "sentiment": 0,
            "surprise": "0",
            "closePrice": "18.57"
        },
        {
            "fiscalDateEnding": "2016-03-31",
            "totalCurrentAssets": "744530000",
            "cashAndShortTermInvestments": "280057000",
            "totalCurrentLiabilities": "173105000",
            "currentDebt": "10290000",
            "netIncome": "-1733000",
            "capitalExpenditures": "13561000",
            "operatingCashflow": "28468000",
            "grossProfit": "64220000",
            "totalRevenue": "16591000",
            "sentiment": 0,
            "surprise": "0.03",
            "closePrice": "17.89"
        },
        {
            "fiscalDateEnding": "2015-12-31",
            "totalCurrentAssets": "750551000",
            "cashAndShortTermInvestments": "283120000",
            "totalCurrentLiabilities": "179663000",
            "currentDebt": "10282000",
            "netIncome": "-4773000",
            "capitalExpenditures": "38250000",
            "operatingCashflow": "53597000",
            "grossProfit": "53597000",
            "totalRevenue": "214381000",
            "sentiment": 0,
            "surprise": "0.08",
            "closePrice": "18.57"
        },
        {
            "fiscalDateEnding": "2015-09-30",
            "totalCurrentAssets": "663088000",
            "cashAndShortTermInvestments": "213341000",
            "totalCurrentLiabilities": "187623000",
            "currentDebt": "261000",
            "netIncome": "2837000",
            "capitalExpenditures": "48117000",
            "operatingCashflow": "8635000",
            "grossProfit": "61636000",
            "totalRevenue": "14446000",
            "sentiment": 0,
            "surprise": "-0.17",
            "closePrice": "23.21"
        },
        {
            "fiscalDateEnding": "2015-06-30",
            "totalCurrentAssets": "681546000",
            "cashAndShortTermInvestments": "220436000",
            "totalCurrentLiabilities": "173444000",
            "currentDebt": "979000",
            "netIncome": "15078000",
            "capitalExpenditures": "23338000",
            "operatingCashflow": "19858000",
            "grossProfit": "69437000",
            "totalRevenue": "13515000",
            "sentiment": 0,
            "surprise": "0.01",
            "closePrice": "21.77"
        },
        {
            "fiscalDateEnding": "2015-03-31",
            "totalCurrentAssets": "671598000",
            "cashAndShortTermInvestments": "248835000",
            "totalCurrentLiabilities": "155550000",
            "currentDebt": "973000",
            "netIncome": "11132000",
            "capitalExpenditures": "23539000",
            "operatingCashflow": "54345000",
            "grossProfit": "63913000",
            "totalRevenue": "43121000",
            "sentiment": 0,
            "surprise": "0.01",
            "closePrice": "27.29"
        },
        {
            "fiscalDateEnding": "2014-12-31",
            "totalCurrentAssets": "675510000",
            "cashAndShortTermInvestments": "254726000",
            "totalCurrentLiabilities": "149271000",
            "currentDebt": "287000",
            "netIncome": "16665000",
            "capitalExpenditures": "20685000",
            "operatingCashflow": "70662000",
            "grossProfit": "70662000",
            "totalRevenue": "223671000",
            "sentiment": 0,
            "surprise": "0.04",
            "closePrice": "28.78"
        },
        {
            "fiscalDateEnding": "2014-09-30",
            "totalCurrentAssets": "695730000",
            "cashAndShortTermInvestments": "251014000",
            "totalCurrentLiabilities": "168543000",
            "currentDebt": "2009000",
            "netIncome": "19427000",
            "capitalExpenditures": "13413000",
            "operatingCashflow": "24132000",
            "grossProfit": "74732000",
            "totalRevenue": "233777000",
            "sentiment": 0,
            "surprise": "0.01",
            "closePrice": "26.22"
        },
        {
            "fiscalDateEnding": "2014-06-30",
            "totalCurrentAssets": "688192000",
            "cashAndShortTermInvestments": "253121000",
            "totalCurrentLiabilities": "167912000",
            "currentDebt": "2487000",
            "netIncome": "17385000",
            "capitalExpenditures": "11851000",
            "operatingCashflow": "21851000",
            "grossProfit": "70304000",
            "totalRevenue": "200955000",
            "sentiment": 0,
            "surprise": "0.03",
            "closePrice": "26.18"
        },
        {
            "fiscalDateEnding": "2014-03-31",
            "totalCurrentAssets": "643377000",
            "cashAndShortTermInvestments": "232164000",
            "totalCurrentLiabilities": "148360000",
            "currentDebt": "2482000",
            "netIncome": "10202000",
            "capitalExpenditures": "11817000",
            "operatingCashflow": "46118000",
            "grossProfit": "61581000",
            "totalRevenue": "189367000",
            "sentiment": 0,
            "surprise": "0.02",
            "closePrice": "26.19"
        },
        {
            "fiscalDateEnding": "2013-12-31",
            "totalCurrentAssets": "650085000",
            "cashAndShortTermInvestments": "219557000",
            "totalCurrentLiabilities": "156916000",
            "currentDebt": "1127000",
            "netIncome": "6204000",
            "capitalExpenditures": "16274000",
            "operatingCashflow": "32057000",
            "grossProfit": "60801000",
            "totalRevenue": "210993000",
            "sentiment": 0,
            "surprise": "0.03",
            "closePrice": "23.33"
        },
        {
            "fiscalDateEnding": "2013-09-30",
            "totalCurrentAssets": "672265000",
            "cashAndShortTermInvestments": "230904000",
            "totalCurrentLiabilities": "183336000",
            "currentDebt": "5499000",
            "netIncome": "13619000",
            "capitalExpenditures": "7029000",
            "operatingCashflow": "16661000",
            "grossProfit": "69559000",
            "totalRevenue": "224510000",
            "sentiment": 0,
            "surprise": "-0.01",
            "closePrice": "22.18"
        },
        {
            "fiscalDateEnding": "2013-06-30",
            "totalCurrentAssets": "642886000",
            "cashAndShortTermInvestments": "222546000",
            "totalCurrentLiabilities": "176080000",
            "currentDebt": "4507000",
            "netIncome": "8635000",
            "capitalExpenditures": "7797000",
            "operatingCashflow": "29845000",
            "grossProfit": "61293000",
            "totalRevenue": "195735000",
            "sentiment": 0,
            "surprise": "0.06",
            "closePrice": "27.3"
        },
        {
            "fiscalDateEnding": "2013-03-31",
            "totalCurrentAssets": "611889000",
            "cashAndShortTermInvestments": "210205000",
            "totalCurrentLiabilities": "158916000",
            "currentDebt": "3713000",
            "netIncome": "-1926000",
            "capitalExpenditures": "15954000",
            "operatingCashflow": "31328000",
            "grossProfit": "46183000",
            "totalRevenue": "211340000",
            "sentiment": 0,
            "surprise": "0.1",
            "closePrice": "22.33"
        },
        {
            "fiscalDateEnding": "2012-12-31",
            "totalCurrentAssets": "491410000",
            "cashAndShortTermInvestments": "157121000",
            "totalCurrentLiabilities": "113518000",
            "currentDebt": "7629000",
            "netIncome": "4075000",
            "capitalExpenditures": "15277000",
            "operatingCashflow": "16350000",
            "grossProfit": "43247000",
            "totalRevenue": "163287000",
            "sentiment": 0,
            "surprise": "0.07",
            "closePrice": "19.96"
        },
        {
            "fiscalDateEnding": "2012-09-30",
            "totalCurrentAssets": "518510000",
            "cashAndShortTermInvestments": "168266000",
            "totalCurrentLiabilities": "133337000",
            "currentDebt": "7101000",
            "netIncome": "8553000",
            "capitalExpenditures": "18652000",
            "operatingCashflow": "17595000",
            "grossProfit": "43605000",
            "totalRevenue": "166617000",
            "sentiment": 0,
            "surprise": "0",
            "closePrice": "14.96"
        },
        {
            "fiscalDateEnding": "2012-06-30",
            "totalCurrentAssets": "486489000",
            "cashAndShortTermInvestments": "168293000",
            "totalCurrentLiabilities": "113979000",
            "currentDebt": "1004000",
            "netIncome": "6653000",
            "capitalExpenditures": "12294000",
            "operatingCashflow": "16824000",
            "grossProfit": "41028000",
            "totalRevenue": "159239000",
            "sentiment": 0,
            "surprise": "-0.04",
            "closePrice": "18.91"
        },
        {
            "fiscalDateEnding": "2012-03-31",
            "totalCurrentAssets": "477936000",
            "cashAndShortTermInvestments": "176728000",
            "totalCurrentLiabilities": "110004000",
            "currentDebt": "10517000",
            "netIncome": "4871000",
            "capitalExpenditures": "11943000",
            "operatingCashflow": "13447000",
            "grossProfit": "33706000",
            "totalRevenue": "144663000",
            "sentiment": 0,
            "surprise": "0",
            "closePrice": "21.34"
        },
        {
            "fiscalDateEnding": "2011-12-31",
            "totalCurrentAssets": "426798000",
            "cashAndShortTermInvestments": "129510000",
            "totalCurrentLiabilities": "109711000",
            "currentDebt": "8000000",
            "netIncome": "3115000",
            "capitalExpenditures": "11139000",
            "operatingCashflow": "-3403000",
            "grossProfit": "35495000",
            "totalRevenue": "143313000",
            "sentiment": 0,
            "surprise": "-0.01",
            "closePrice": "26.16"
        },
        {
            "fiscalDateEnding": "2011-09-30",
            "totalCurrentAssets": "429300000",
            "cashAndShortTermInvestments": "124897000",
            "totalCurrentLiabilities": "118178000",
            "currentDebt": "236000",
            "netIncome": "9957000",
            "capitalExpenditures": "24818000",
            "operatingCashflow": "16971000",
            "grossProfit": "45194000",
            "totalRevenue": "161577000",
            "sentiment": 0,
            "surprise": "-0.06",
            "closePrice": "24.18"
        },
        {
            "fiscalDateEnding": "2011-06-30",
            "totalCurrentAssets": "588829000",
            "cashAndShortTermInvestments": "290366000",
            "totalCurrentLiabilities": "273275000",
            "currentDebt": "142272000",
            "netIncome": "17981000",
            "capitalExpenditures": "32551000",
            "operatingCashflow": "32352000",
            "grossProfit": "55615000",
            "totalRevenue": "170806000",
            "sentiment": 0,
            "surprise": "0.01",
            "closePrice": "19.78"
        },
        {
            "fiscalDateEnding": "2011-03-31",
            "totalCurrentAssets": "569013000",
            "cashAndShortTermInvestments": "278740000",
            "totalCurrentLiabilities": "255089000",
            "currentDebt": "130245000",
            "netIncome": "19684000",
            "capitalExpenditures": "12433000",
            "operatingCashflow": "15730000",
            "grossProfit": "57393000",
            "totalRevenue": "161555000",
            "sentiment": 0,
            "surprise": "0",
            "closePrice": "33.67"
        },
        {
            "fiscalDateEnding": "2010-12-31",
            "totalCurrentAssets": "540752000",
            "cashAndShortTermInvestments": "270901000",
            "totalCurrentLiabilities": "251365000",
            "currentDebt": "418000",
            "netIncome": "23967000",
            "capitalExpenditures": "22467000",
            "operatingCashflow": "27959000",
            "grossProfit": "62643000",
            "totalRevenue": "163767000",
            "sentiment": 0,
            "surprise": "0.05",
            "closePrice": "25.64"
        }
    ]
}