{
    "DLB": [
        {
            "fiscalDateEnding": "2023-12-31",
            "totalCurrentAssets": "1451355000",
            "cashAndShortTermInvestments": "797639000",
            "totalCurrentLiabilities": "394096000",
            "currentDebt": "None",
            "netIncome": "66981000",
            "capitalExpenditures": "6099000",
            "operatingCashflow": "8409000",
            "grossProfit": "283514000",
            "totalRevenue": "315574000",
            "sentiment": 0.30150169852751457,
            "surprise": "0.15",
            "closePrice": "84.5025202744853"
        },
        {
            "fiscalDateEnding": "2023-09-30",
            "totalCurrentAssets": "1487804000",
            "cashAndShortTermInvestments": "884512000",
            "totalCurrentLiabilities": "422226000",
            "currentDebt": "None",
            "netIncome": "9186000",
            "capitalExpenditures": "8185000",
            "operatingCashflow": "85015000",
            "grossProfit": "255010000",
            "totalRevenue": "290562000",
            "sentiment": 0.2710643880586782,
            "surprise": "0.12",
            "closePrice": "87.1401639414038"
        },
        {
            "fiscalDateEnding": "2023-06-30",
            "totalCurrentAssets": "1469365000",
            "cashAndShortTermInvestments": "889289000",
            "totalCurrentLiabilities": "423036000",
            "currentDebt": "None",
            "netIncome": "16399000",
            "capitalExpenditures": "7413000",
            "operatingCashflow": "121129000",
            "grossProfit": "256855000",
            "totalRevenue": "298370000",
            "sentiment": 0.38575530968199107,
            "surprise": "0",
            "closePrice": "86.9037025706191"
        },
        {
            "fiscalDateEnding": "2023-03-31",
            "totalCurrentAssets": "1462596000",
            "cashAndShortTermInvestments": "814836000",
            "totalCurrentLiabilities": "314011000",
            "currentDebt": "None",
            "netIncome": "95696000",
            "capitalExpenditures": "7524000",
            "operatingCashflow": "104542000",
            "grossProfit": "334842000",
            "totalRevenue": "375891000",
            "sentiment": 0.2719322922774569,
            "surprise": "0.28",
            "closePrice": "80.6894956872415"
        },
        {
            "fiscalDateEnding": "2022-12-31",
            "totalCurrentAssets": "1349415000",
            "cashAndShortTermInvestments": "759033000",
            "totalCurrentLiabilities": "290447000",
            "currentDebt": "None",
            "netIncome": "79375000",
            "capitalExpenditures": "7217000",
            "operatingCashflow": "56395000",
            "grossProfit": "300471000",
            "totalRevenue": "334921000",
            "sentiment": 0.23608295503197801,
            "surprise": "0.32",
            "closePrice": "81.2646327749172"
        },
        {
            "fiscalDateEnding": "2022-09-30",
            "totalCurrentAssets": "1310894000",
            "cashAndShortTermInvestments": "809340000",
            "totalCurrentLiabilities": "277518000",
            "currentDebt": "None",
            "netIncome": "27756000",
            "capitalExpenditures": "22210000",
            "operatingCashflow": "51309000",
            "grossProfit": "241025000",
            "totalRevenue": "278204000",
            "sentiment": 0.30092646768713227,
            "surprise": "-0.06",
            "closePrice": "68.3087501998514"
        },
        {
            "fiscalDateEnding": "2022-06-30",
            "totalCurrentAssets": "1504719000",
            "cashAndShortTermInvestments": "1015717000",
            "totalCurrentLiabilities": "285485000",
            "currentDebt": "None",
            "netIncome": "39597000",
            "capitalExpenditures": "11165000",
            "operatingCashflow": "172608000",
            "grossProfit": "253628000",
            "totalRevenue": "289585000",
            "sentiment": 0.023067029486977017,
            "surprise": "0.09",
            "closePrice": "73.6988709251099"
        },
        {
            "fiscalDateEnding": "2022-03-31",
            "totalCurrentAssets": "1621570000",
            "cashAndShortTermInvestments": "1042081000",
            "totalCurrentLiabilities": "280959000",
            "currentDebt": "None",
            "netIncome": "36720000",
            "capitalExpenditures": "201000",
            "operatingCashflow": "62999000",
            "grossProfit": "298856000",
            "totalRevenue": "334371000",
            "sentiment": 0.05808371027308988,
            "surprise": "0.1",
            "closePrice": "73.3859536123631"
        },
        {
            "fiscalDateEnding": "2021-12-31",
            "totalCurrentAssets": "1695145000",
            "cashAndShortTermInvestments": "1137304000",
            "totalCurrentLiabilities": "283290000",
            "currentDebt": "None",
            "netIncome": "80014000",
            "capitalExpenditures": "25852000",
            "operatingCashflow": "31660000",
            "grossProfit": "318924000",
            "totalRevenue": "351633000",
            "sentiment": 0,
            "surprise": "-0.05",
            "closePrice": "82.7112951948106"
        },
        {
            "fiscalDateEnding": "2021-09-30",
            "totalCurrentAssets": "1760498000",
            "cashAndShortTermInvestments": "1264219000",
            "totalCurrentLiabilities": "315717000",
            "currentDebt": "None",
            "netIncome": "44191000",
            "capitalExpenditures": "11835000",
            "operatingCashflow": "109773000",
            "grossProfit": "254326000",
            "totalRevenue": "285025000",
            "sentiment": 0,
            "surprise": "0.02",
            "closePrice": "86.0097332011858"
        },
        {
            "fiscalDateEnding": "2021-06-30",
            "totalCurrentAssets": "1772876000",
            "cashAndShortTermInvestments": "1267925000",
            "totalCurrentLiabilities": "308965000",
            "currentDebt": "None",
            "netIncome": "54621000",
            "capitalExpenditures": "13732000",
            "operatingCashflow": "172352000",
            "grossProfit": "255155000",
            "totalRevenue": "286799000",
            "sentiment": 0,
            "surprise": "0.23",
            "closePrice": "92.3828939176649"
        },
        {
            "fiscalDateEnding": "2021-03-31",
            "totalCurrentAssets": "1751148000",
            "cashAndShortTermInvestments": "1163152000",
            "totalCurrentLiabilities": "308977000",
            "currentDebt": "None",
            "netIncome": "76217000",
            "capitalExpenditures": "13360000",
            "operatingCashflow": "83468000",
            "grossProfit": "287180000",
            "totalRevenue": "319558000",
            "sentiment": 0,
            "surprise": "0.24",
            "closePrice": "99.649147713141"
        },
        {
            "fiscalDateEnding": "2020-12-31",
            "totalCurrentAssets": "1724671000",
            "cashAndShortTermInvestments": "1162285000",
            "totalCurrentLiabilities": "316419000",
            "currentDebt": "None",
            "netIncome": "135198000",
            "capitalExpenditures": "15527000",
            "operatingCashflow": "82160000",
            "grossProfit": "354570000",
            "totalRevenue": "389874000",
            "sentiment": 0,
            "surprise": "0.44",
            "closePrice": "85.651559768089"
        },
        {
            "fiscalDateEnding": "2020-09-30",
            "totalCurrentAssets": "1547196000",
            "cashAndShortTermInvestments": "1118824000",
            "totalCurrentLiabilities": "267109000",
            "currentDebt": "None",
            "netIncome": "26829000",
            "capitalExpenditures": "7538000",
            "operatingCashflow": "112662000",
            "grossProfit": "228726000",
            "totalRevenue": "271191000",
            "sentiment": 0,
            "surprise": "0.11",
            "closePrice": "78.2917457151465"
        },
        {
            "fiscalDateEnding": "2020-06-30",
            "totalCurrentAssets": "1503435000",
            "cashAndShortTermInvestments": "1044486000",
            "totalCurrentLiabilities": "257702000",
            "currentDebt": "None",
            "netIncome": "67285000",
            "capitalExpenditures": "0",
            "operatingCashflow": "134288000",
            "grossProfit": "217021000",
            "totalRevenue": "246909000",
            "sentiment": 0,
            "surprise": "0.59",
            "closePrice": "66.7978528568891"
        },
        {
            "fiscalDateEnding": "2020-03-31",
            "totalCurrentAssets": "1459572000",
            "cashAndShortTermInvestments": "899790000",
            "totalCurrentLiabilities": "307254000",
            "currentDebt": "None",
            "netIncome": "88496000",
            "capitalExpenditures": "0",
            "operatingCashflow": "65740000",
            "grossProfit": "314985000",
            "totalRevenue": "351815000",
            "sentiment": 0,
            "surprise": "-0.05",
            "closePrice": "55.6467455623647"
        },
        {
            "fiscalDateEnding": "2019-12-31",
            "totalCurrentAssets": "1401008000",
            "cashAndShortTermInvestments": "911663000",
            "totalCurrentLiabilities": "293459000",
            "currentDebt": "None",
            "netIncome": "48753000",
            "capitalExpenditures": "26285000",
            "operatingCashflow": "31159000",
            "grossProfit": "254562000",
            "totalRevenue": "291877000",
            "sentiment": 0,
            "surprise": "-0.02",
            "closePrice": "65.2572704115227"
        },
        {
            "fiscalDateEnding": "2019-09-30",
            "totalCurrentAssets": "1381540000",
            "cashAndShortTermInvestments": "916356000",
            "totalCurrentLiabilities": "306853000",
            "currentDebt": "None",
            "netIncome": "43918000",
            "capitalExpenditures": "-10689000",
            "operatingCashflow": "130480000",
            "grossProfit": "252867000",
            "totalRevenue": "298827000",
            "sentiment": 0,
            "surprise": "-0.05",
            "closePrice": "61.9324057883685"
        },
        {
            "fiscalDateEnding": "2019-06-30",
            "totalCurrentAssets": "1338817000",
            "cashAndShortTermInvestments": "837297000",
            "totalCurrentLiabilities": "278339000",
            "currentDebt": "None",
            "netIncome": "39574000",
            "capitalExpenditures": "10200000",
            "operatingCashflow": "91350000",
            "grossProfit": "262469000",
            "totalRevenue": "302159000",
            "sentiment": 0,
            "surprise": "-0.11",
            "closePrice": "64.1265731819131"
        },
        {
            "fiscalDateEnding": "2019-03-31",
            "totalCurrentAssets": "1395761000",
            "cashAndShortTermInvestments": "885275000",
            "totalCurrentLiabilities": "265450000",
            "currentDebt": "None",
            "netIncome": "73440000",
            "capitalExpenditures": "5000000",
            "operatingCashflow": "48892000",
            "grossProfit": "301683000",
            "totalRevenue": "338258000",
            "sentiment": 0,
            "surprise": "0.18",
            "closePrice": "60.5724505752081"
        },
        {
            "fiscalDateEnding": "2018-12-31",
            "totalCurrentAssets": "1423803000",
            "cashAndShortTermInvestments": "966344000",
            "totalCurrentLiabilities": "294585000",
            "currentDebt": "None",
            "netIncome": "98219000",
            "capitalExpenditures": "30604000",
            "operatingCashflow": "56952000",
            "grossProfit": "263747000",
            "totalRevenue": "302376000",
            "sentiment": 0,
            "surprise": "0.37",
            "closePrice": "57.6559025554705"
        },
        {
            "fiscalDateEnding": "2018-09-30",
            "totalCurrentAssets": "1496576000",
            "cashAndShortTermInvestments": "1096201000",
            "totalCurrentLiabilities": "285198000",
            "currentDebt": "None",
            "netIncome": "26716000",
            "capitalExpenditures": "17945000",
            "operatingCashflow": "111731000",
            "grossProfit": "209312000",
            "totalRevenue": "265325000",
            "sentiment": 0,
            "surprise": "0.17",
            "closePrice": "60.5317561645096"
        },
        {
            "fiscalDateEnding": "2018-06-30",
            "totalCurrentAssets": "1238933000",
            "cashAndShortTermInvestments": "1024905000",
            "totalCurrentLiabilities": "240312000",
            "currentDebt": "None",
            "netIncome": "3116000",
            "capitalExpenditures": "700",
            "operatingCashflow": "142430000",
            "grossProfit": "180397000",
            "totalRevenue": "214780000",
            "sentiment": 0,
            "surprise": "0.09",
            "closePrice": "60.1217110247532"
        },
        {
            "fiscalDateEnding": "2018-03-31",
            "totalCurrentAssets": "1154665000",
            "cashAndShortTermInvestments": "946016000",
            "totalCurrentLiabilities": "213149000",
            "currentDebt": "None",
            "netIncome": "65216000",
            "capitalExpenditures": "2800",
            "operatingCashflow": "80892000",
            "grossProfit": "268695000",
            "totalRevenue": "299722000",
            "sentiment": 0,
            "surprise": "0.02",
            "closePrice": "61.1816018851852"
        },
        {
            "fiscalDateEnding": "2017-12-31",
            "totalCurrentAssets": "1035511000",
            "cashAndShortTermInvestments": "848997000",
            "totalCurrentLiabilities": "223182000",
            "currentDebt": "None",
            "netIncome": "-53302000",
            "capitalExpenditures": "30473000",
            "operatingCashflow": "17149000",
            "grossProfit": "268634000",
            "totalRevenue": "299527000",
            "sentiment": 0,
            "surprise": "0.22",
            "closePrice": "59.683910200744"
        },
        {
            "fiscalDateEnding": "2017-09-30",
            "totalCurrentAssets": "1011434000",
            "cashAndShortTermInvestments": "882125000",
            "totalCurrentLiabilities": "245773000",
            "currentDebt": "None",
            "netIncome": "21795000",
            "capitalExpenditures": "17949000",
            "operatingCashflow": "80428000",
            "grossProfit": "212810000",
            "totalRevenue": "242048000",
            "sentiment": 0,
            "surprise": "-0.06",
            "closePrice": "55.4101136990985"
        },
        {
            "fiscalDateEnding": "2017-06-30",
            "totalCurrentAssets": "978310000",
            "cashAndShortTermInvestments": "840281000",
            "totalCurrentLiabilities": "213400000",
            "currentDebt": "None",
            "netIncome": "76043000",
            "capitalExpenditures": "5300",
            "operatingCashflow": "138037000",
            "grossProfit": "273540000",
            "totalRevenue": "305665000",
            "sentiment": 0,
            "surprise": "0.08",
            "closePrice": "48.7346439902425"
        },
        {
            "fiscalDateEnding": "2017-03-31",
            "totalCurrentAssets": "871671000",
            "cashAndShortTermInvestments": "787613000",
            "totalCurrentLiabilities": "213056000",
            "currentDebt": "None",
            "netIncome": "50590000",
            "capitalExpenditures": "5250000",
            "operatingCashflow": "88605000",
            "grossProfit": "240497000",
            "totalRevenue": "267474000",
            "sentiment": 0,
            "surprise": "0.02",
            "closePrice": "48.1797301738156"
        },
        {
            "fiscalDateEnding": "2016-12-31",
            "totalCurrentAssets": "811016000",
            "cashAndShortTermInvestments": "677656000",
            "totalCurrentLiabilities": "207171000",
            "currentDebt": "None",
            "netIncome": "53374000",
            "capitalExpenditures": "22576000",
            "operatingCashflow": "70723000",
            "grossProfit": "236300000",
            "totalRevenue": "266267000",
            "sentiment": 0,
            "surprise": "0.12",
            "closePrice": "45.5009468408508"
        },
        {
            "fiscalDateEnding": "2016-09-30",
            "totalCurrentAssets": "759730000",
            "cashAndShortTermInvestments": "641386000",
            "totalCurrentLiabilities": "213083000",
            "currentDebt": "None",
            "netIncome": "23933000",
            "capitalExpenditures": "25933000",
            "operatingCashflow": "76109000",
            "grossProfit": "202775000",
            "totalRevenue": "232997000",
            "sentiment": 0,
            "surprise": "0.03",
            "closePrice": "45.5752446389867"
        },
        {
            "fiscalDateEnding": "2016-06-30",
            "totalCurrentAssets": "871929000",
            "cashAndShortTermInvestments": "718769000",
            "totalCurrentLiabilities": "212077000",
            "currentDebt": "None",
            "netIncome": "63628000",
            "capitalExpenditures": "0",
            "operatingCashflow": "127089000",
            "grossProfit": "252966000",
            "totalRevenue": "277587000",
            "sentiment": 0,
            "surprise": "0.11",
            "closePrice": "45.5367080810194"
        },
        {
            "fiscalDateEnding": "2016-03-31",
            "totalCurrentAssets": "786287000",
            "cashAndShortTermInvestments": "625469000",
            "totalCurrentLiabilities": "198487000",
            "currentDebt": "None",
            "netIncome": "67398000",
            "capitalExpenditures": "0",
            "operatingCashflow": "89471000",
            "grossProfit": "249967000",
            "totalRevenue": "274340000",
            "sentiment": 0,
            "surprise": "0.2",
            "closePrice": "38.6161231460749"
        },
        {
            "fiscalDateEnding": "2015-12-31",
            "totalCurrentAssets": "737941000",
            "cashAndShortTermInvestments": "606243000",
            "totalCurrentLiabilities": "196535000",
            "currentDebt": "None",
            "netIncome": "30901000",
            "capitalExpenditures": "105300000",
            "operatingCashflow": "67395000",
            "grossProfit": "211048000",
            "totalRevenue": "240814000",
            "sentiment": 0,
            "surprise": "0.02",
            "closePrice": "28.7510217791625"
        },
        {
            "fiscalDateEnding": "2015-09-30",
            "totalCurrentAssets": "821229000",
            "cashAndShortTermInvestments": "670827000",
            "totalCurrentLiabilities": "209681000",
            "currentDebt": "None",
            "netIncome": "46553000",
            "capitalExpenditures": "52465000",
            "operatingCashflow": "83260000",
            "grossProfit": "207371000",
            "totalRevenue": "232748000",
            "sentiment": 0,
            "surprise": "0.12",
            "closePrice": "30.7020029097379"
        },
        {
            "fiscalDateEnding": "2015-06-30",
            "totalCurrentAssets": "895529000",
            "cashAndShortTermInvestments": "636701000",
            "totalCurrentLiabilities": "209358000",
            "currentDebt": "None",
            "netIncome": "35506000",
            "capitalExpenditures": "16300000",
            "operatingCashflow": "48177000",
            "grossProfit": "206822000",
            "totalRevenue": "231702000",
            "sentiment": 0,
            "surprise": "0.04",
            "closePrice": "33.7569420615408"
        },
        {
            "fiscalDateEnding": "2015-03-31",
            "totalCurrentAssets": "942018000",
            "cashAndShortTermInvestments": "659032000",
            "totalCurrentLiabilities": "221152000",
            "currentDebt": "None",
            "netIncome": "57974000",
            "capitalExpenditures": "0",
            "operatingCashflow": "174495000",
            "grossProfit": "246801000",
            "totalRevenue": "271950000",
            "sentiment": 0,
            "surprise": "0.08",
            "closePrice": "34.2391648407846"
        },
        {
            "fiscalDateEnding": "2014-12-31",
            "totalCurrentAssets": "892158000",
            "cashAndShortTermInvestments": "620558000",
            "totalCurrentLiabilities": "192323000",
            "currentDebt": "None",
            "netIncome": "41357000",
            "capitalExpenditures": "28077000",
            "operatingCashflow": "3445000",
            "grossProfit": "214828000",
            "totalRevenue": "234238000",
            "sentiment": 0,
            "surprise": "0.02",
            "closePrice": "37.6815545307571"
        },
        {
            "fiscalDateEnding": "2014-09-30",
            "totalCurrentAssets": "1005851000",
            "cashAndShortTermInvestments": "799680000",
            "totalCurrentLiabilities": "189370000",
            "currentDebt": "None",
            "netIncome": "45941000",
            "capitalExpenditures": "59596000",
            "operatingCashflow": "89579000",
            "grossProfit": "214537000",
            "totalRevenue": "226957000",
            "sentiment": 0,
            "surprise": "0.13",
            "closePrice": "36.1250200076279"
        },
        {
            "fiscalDateEnding": "2014-06-30",
            "totalCurrentAssets": "986950000",
            "cashAndShortTermInvestments": "771543000",
            "totalCurrentLiabilities": "185173000",
            "currentDebt": "None",
            "netIncome": "39779000",
            "capitalExpenditures": "26800000",
            "operatingCashflow": "92548000",
            "grossProfit": "204481000",
            "totalRevenue": "223350000",
            "sentiment": 0,
            "surprise": "0.12",
            "closePrice": "39.1458653224667"
        },
        {
            "fiscalDateEnding": "2014-03-31",
            "totalCurrentAssets": "967394000",
            "cashAndShortTermInvestments": "737981000",
            "totalCurrentLiabilities": "176482000",
            "currentDebt": "None",
            "netIncome": "75868000",
            "capitalExpenditures": "21305000",
            "operatingCashflow": "102138000",
            "grossProfit": "261087000",
            "totalRevenue": "278592000",
            "sentiment": 0,
            "surprise": "0.24",
            "closePrice": "39.288863917252"
        },
        {
            "fiscalDateEnding": "2013-12-31",
            "totalCurrentAssets": "858811000",
            "cashAndShortTermInvestments": "664046000",
            "totalCurrentLiabilities": "150031000",
            "currentDebt": "None",
            "netIncome": "44515000",
            "capitalExpenditures": "8967000",
            "operatingCashflow": "77282000",
            "grossProfit": "209895000",
            "totalRevenue": "231277000",
            "sentiment": 0,
            "surprise": "0.09",
            "closePrice": "37.1081353467766"
        },
        {
            "fiscalDateEnding": "2013-09-30",
            "totalCurrentAssets": "818579000",
            "cashAndShortTermInvestments": "594664000",
            "totalCurrentLiabilities": "172815000",
            "currentDebt": "None",
            "netIncome": "45795000",
            "capitalExpenditures": "8910000",
            "operatingCashflow": "67056000",
            "grossProfit": "193161000",
            "totalRevenue": "216652000",
            "sentiment": 0,
            "surprise": "0.11",
            "closePrice": "32.4338687797332"
        },
        {
            "fiscalDateEnding": "2013-06-30",
            "totalCurrentAssets": "714540000",
            "cashAndShortTermInvestments": "517903000",
            "totalCurrentLiabilities": "152244000",
            "currentDebt": "None",
            "netIncome": "30216000",
            "capitalExpenditures": "5637000",
            "operatingCashflow": "85389000",
            "grossProfit": "182734000",
            "totalRevenue": "207074000",
            "sentiment": 0,
            "surprise": "-0.01",
            "closePrice": "30.5480748110025"
        },
        {
            "fiscalDateEnding": "2013-03-31",
            "totalCurrentAssets": "677081000",
            "cashAndShortTermInvestments": "452923000",
            "totalCurrentLiabilities": "152374000",
            "currentDebt": "None",
            "netIncome": "61911000",
            "capitalExpenditures": "5449000",
            "operatingCashflow": "56756000",
            "grossProfit": "226063000",
            "totalRevenue": "249346000",
            "sentiment": 0,
            "surprise": "0.04",
            "closePrice": "28.9393406196683"
        },
        {
            "fiscalDateEnding": "2012-12-31",
            "totalCurrentAssets": "618558000",
            "cashAndShortTermInvestments": "434874000",
            "totalCurrentLiabilities": "144465000",
            "currentDebt": "None",
            "netIncome": "51349000",
            "capitalExpenditures": "10765000",
            "operatingCashflow": "67300000",
            "grossProfit": "210997000",
            "totalRevenue": "236602000",
            "sentiment": 0,
            "surprise": "0.05",
            "closePrice": "28.3762836527013"
        },
        {
            "fiscalDateEnding": "2012-09-30",
            "totalCurrentAssets": "970286000",
            "cashAndShortTermInvestments": "795293000",
            "totalCurrentLiabilities": "156840000",
            "currentDebt": "None",
            "netIncome": "51494000",
            "capitalExpenditures": "117124000",
            "operatingCashflow": "76923000",
            "grossProfit": "198761000",
            "totalRevenue": "225755000",
            "sentiment": 0,
            "surprise": "0.04",
            "closePrice": "27.0222339793729"
        },
        {
            "fiscalDateEnding": "2012-06-30",
            "totalCurrentAssets": "1169031000",
            "cashAndShortTermInvestments": "992807000",
            "totalCurrentLiabilities": "152438000",
            "currentDebt": "None",
            "netIncome": "51529000",
            "capitalExpenditures": "20125000",
            "operatingCashflow": "98329000",
            "grossProfit": "189291000",
            "totalRevenue": "210322000",
            "sentiment": 0,
            "surprise": "-0.03",
            "closePrice": "28.3610664456625"
        },
        {
            "fiscalDateEnding": "2012-03-31",
            "totalCurrentAssets": "1294005000",
            "cashAndShortTermInvestments": "1098723000",
            "totalCurrentLiabilities": "149798000",
            "currentDebt": "None",
            "netIncome": "88120000",
            "capitalExpenditures": "17884000",
            "operatingCashflow": "118877000",
            "grossProfit": "239167000",
            "totalRevenue": "262759000",
            "sentiment": 0,
            "surprise": "0.06",
            "closePrice": "29.810808110343"
        },
        {
            "fiscalDateEnding": "2011-12-31",
            "totalCurrentAssets": "1229050000",
            "cashAndShortTermInvestments": "1021826000",
            "totalCurrentLiabilities": "149632000",
            "currentDebt": "None",
            "netIncome": "73159000",
            "capitalExpenditures": "12566000",
            "operatingCashflow": "95792000",
            "grossProfit": "213768000",
            "totalRevenue": "234178000",
            "sentiment": 0,
            "surprise": "0.05",
            "closePrice": "28.8126253248253"
        },
        {
            "fiscalDateEnding": "2011-09-30",
            "totalCurrentAssets": "1158598000",
            "cashAndShortTermInvestments": "942793000",
            "totalCurrentLiabilities": "159385000",
            "currentDebt": "None",
            "netIncome": "79071000",
            "capitalExpenditures": "17028000",
            "operatingCashflow": "109529000",
            "grossProfit": "218126000",
            "totalRevenue": "243768000",
            "sentiment": 0,
            "surprise": "0.11",
            "closePrice": "21.936255024592"
        },
        {
            "fiscalDateEnding": "2011-06-30",
            "totalCurrentAssets": "1093916000",
            "cashAndShortTermInvestments": "903671000",
            "totalCurrentLiabilities": "136616000",
            "currentDebt": "None",
            "netIncome": "61748000",
            "capitalExpenditures": "10783000",
            "operatingCashflow": "122568000",
            "grossProfit": "191066000",
            "totalRevenue": "218999000",
            "sentiment": 0,
            "surprise": "0.01",
            "closePrice": "29.8424964527404"
        },
        {
            "fiscalDateEnding": "2011-03-31",
            "totalCurrentAssets": "1022435000",
            "cashAndShortTermInvestments": "787086000",
            "totalCurrentLiabilities": "147612000",
            "currentDebt": "None",
            "netIncome": "82061000",
            "capitalExpenditures": "9905000",
            "operatingCashflow": "100939000",
            "grossProfit": "221569000",
            "totalRevenue": "250026000",
            "sentiment": 0,
            "surprise": "0",
            "closePrice": "40.2204285878851"
        },
        {
            "fiscalDateEnding": "2010-12-31",
            "totalCurrentAssets": "924057000",
            "cashAndShortTermInvestments": "704231000",
            "totalCurrentLiabilities": "144330000",
            "currentDebt": "None",
            "netIncome": "86387000",
            "capitalExpenditures": "9646000",
            "operatingCashflow": "70652000",
            "grossProfit": "213573000",
            "totalRevenue": "242712000",
            "sentiment": 0,
            "surprise": "0.14",
            "closePrice": "48.7683589495806"
        },
        {
            "fiscalDateEnding": "2010-09-30",
            "totalCurrentAssets": "1060413000",
            "cashAndShortTermInvestments": "848130000",
            "totalCurrentLiabilities": "165756000",
            "currentDebt": "None",
            "netIncome": "65011000",
            "capitalExpenditures": "12600000",
            "operatingCashflow": "67847000",
            "grossProfit": "201464000",
            "totalRevenue": "227807000",
            "sentiment": 0,
            "surprise": "0.08",
            "closePrice": "52.1669336717004"
        },
        {
            "fiscalDateEnding": "2010-06-30",
            "totalCurrentAssets": "1012238000",
            "cashAndShortTermInvestments": "822869000",
            "totalCurrentLiabilities": "171616000",
            "currentDebt": "None",
            "netIncome": "63452000",
            "capitalExpenditures": "7518000",
            "operatingCashflow": "74969000",
            "grossProfit": "190213000",
            "totalRevenue": "230269000",
            "sentiment": 0,
            "surprise": "0.05",
            "closePrice": "52.1590115861011"
        }
    ]
}