{
    "DOCN": [
        {
            "fiscalDateEnding": "2023-12-31",
            "totalCurrentAssets": "502994000",
            "cashAndShortTermInvestments": "411768000",
            "totalCurrentLiabilities": "192645000",
            "currentDebt": "5221000",
            "netIncome": "15939000",
            "capitalExpenditures": "53661000",
            "operatingCashflow": "80516000",
            "grossProfit": "106469000",
            "totalRevenue": "180874000",
            "sentiment": 0.08643204548911837,
            "surprise": "0.07",
            "closePrice": "35.85"
        },
        {
            "fiscalDateEnding": "2023-09-30",
            "totalCurrentAssets": "471459000",
            "cashAndShortTermInvestments": "384081000",
            "totalCurrentLiabilities": "184289000",
            "currentDebt": "5277000",
            "netIncome": "19175000",
            "capitalExpenditures": "21409000",
            "operatingCashflow": "54050000",
            "grossProfit": "106733000",
            "totalRevenue": "177062000",
            "sentiment": 0.11257454767733142,
            "surprise": "0.08",
            "closePrice": "21.23"
        },
        {
            "fiscalDateEnding": "2023-06-30",
            "totalCurrentAssets": "642069000",
            "cashAndShortTermInvestments": "550507000",
            "totalCurrentLiabilities": "167311000",
            "currentDebt": "None",
            "netIncome": "665000",
            "capitalExpenditures": "24635000",
            "operatingCashflow": "74329000",
            "grossProfit": "102460000",
            "totalRevenue": "169814000",
            "sentiment": 0.20777789100372274,
            "surprise": "0.03",
            "closePrice": "46.68"
        },
        {
            "fiscalDateEnding": "2023-03-31",
            "totalCurrentAssets": "698612000",
            "cashAndShortTermInvestments": "612553000",
            "totalCurrentLiabilities": "54240000",
            "currentDebt": "None",
            "netIncome": "-34937000",
            "capitalExpenditures": "25108000",
            "operatingCashflow": "78039000",
            "grossProfit": "93255000",
            "totalRevenue": "165134000",
            "sentiment": 0.23589284717587036,
            "surprise": "0",
            "closePrice": "33.42"
        },
        {
            "fiscalDateEnding": "2022-12-31",
            "totalCurrentAssets": "945991000",
            "cashAndShortTermInvestments": "864234000",
            "totalCurrentLiabilities": "165516000",
            "currentDebt": "None",
            "netIncome": "-10066000",
            "capitalExpenditures": "30992000",
            "operatingCashflow": "62834000",
            "grossProfit": "102817000",
            "totalRevenue": "162998000",
            "sentiment": 0.17715099957343042,
            "surprise": "0.08",
            "closePrice": "35.58"
        },
        {
            "fiscalDateEnding": "2022-09-30",
            "totalCurrentAssets": "908356000",
            "cashAndShortTermInvestments": "824654000",
            "totalCurrentLiabilities": "98808000",
            "currentDebt": "None",
            "netIncome": "7903000",
            "capitalExpenditures": "31939000",
            "operatingCashflow": "55845000",
            "grossProfit": "95385000",
            "totalRevenue": "152115000",
            "sentiment": 0.1645156561555094,
            "surprise": "0.15",
            "closePrice": "29.4"
        },
        {
            "fiscalDateEnding": "2022-06-30",
            "totalCurrentAssets": "1231132000",
            "cashAndShortTermInvestments": "1166154000",
            "totalCurrentLiabilities": "74227000",
            "currentDebt": "None",
            "netIncome": "-6759000",
            "capitalExpenditures": "32034000",
            "operatingCashflow": "46072000",
            "grossProfit": "86068000",
            "totalRevenue": "133882000",
            "sentiment": 0.02453206015891181,
            "surprise": "0.1",
            "closePrice": "47.87"
        },
        {
            "fiscalDateEnding": "2022-03-31",
            "totalCurrentAssets": "1611904000",
            "cashAndShortTermInvestments": "1555206000",
            "totalCurrentLiabilities": "62451000",
            "currentDebt": "None",
            "netIncome": "-18123000",
            "capitalExpenditures": "25252000",
            "operatingCashflow": "30401000",
            "grossProfit": "80125000",
            "totalRevenue": "127327000",
            "sentiment": 0.07576452169475363,
            "surprise": "-0.05",
            "closePrice": "43.56"
        },
        {
            "fiscalDateEnding": "2021-12-31",
            "totalCurrentAssets": "1770056000",
            "cashAndShortTermInvestments": "1713387000",
            "totalCurrentLiabilities": "58239000",
            "currentDebt": "None",
            "netIncome": "-12125000",
            "capitalExpenditures": "32686000",
            "operatingCashflow": "32733000",
            "grossProfit": "75262000",
            "totalRevenue": "119662000",
            "sentiment": 0,
            "surprise": "0.01",
            "closePrice": "55.64"
        },
        {
            "fiscalDateEnding": "2021-09-30",
            "totalCurrentAssets": "642783000",
            "cashAndShortTermInvestments": "589750000",
            "totalCurrentLiabilities": "57577000",
            "currentDebt": "None",
            "netIncome": "-1852000",
            "capitalExpenditures": "26664000",
            "operatingCashflow": "40179000",
            "grossProfit": "67922000",
            "totalRevenue": "111428000",
            "sentiment": 0,
            "surprise": "0.05",
            "closePrice": "105.32"
        },
        {
            "fiscalDateEnding": "2021-06-30",
            "totalCurrentAssets": "629117000",
            "cashAndShortTermInvestments": "577218000",
            "totalCurrentLiabilities": "55387000",
            "currentDebt": "None",
            "netIncome": "-2187000",
            "capitalExpenditures": "25981000",
            "operatingCashflow": "40406000",
            "grossProfit": "60665000",
            "totalRevenue": "103810000",
            "sentiment": 0,
            "surprise": "-0.07",
            "closePrice": "57.44"
        },
        {
            "fiscalDateEnding": "2021-03-31",
            "totalCurrentAssets": "607282000",
            "cashAndShortTermInvestments": "560053000",
            "totalCurrentLiabilities": "46049000",
            "currentDebt": "None",
            "netIncome": "-3339000",
            "capitalExpenditures": "23768000",
            "operatingCashflow": "19791000",
            "grossProfit": "54117000",
            "totalRevenue": "93661000",
            "sentiment": 0,
            "surprise": "-0.08",
            "closePrice": "42.27"
        }
    ]
}