{
    "DOCU": [
        {
            "fiscalDateEnding": "2024-01-31",
            "totalCurrentAssets": "1567667000",
            "cashAndShortTermInvestments": "797060000",
            "totalCurrentLiabilities": "1660621000",
            "currentDebt": "None",
            "netIncome": "27241000",
            "capitalExpenditures": "22114000",
            "operatingCashflow": "270698000",
            "grossProfit": "564479000",
            "totalRevenue": "710677000",
            "sentiment": 0.3023594097124354,
            "surprise": "0.12",
            "closePrice": "53.56"
        },
        {
            "fiscalDateEnding": "2023-10-31",
            "totalCurrentAssets": "2042683000",
            "cashAndShortTermInvestments": "1188578000",
            "totalCurrentLiabilities": "2189221000",
            "currentDebt": "689111000",
            "netIncome": "38805000",
            "capitalExpenditures": "23841000",
            "operatingCashflow": "264177000",
            "grossProfit": "557776000",
            "totalRevenue": "698844000",
            "sentiment": 0.2585893236281441,
            "surprise": "0.16",
            "closePrice": "47.44"
        },
        {
            "fiscalDateEnding": "2023-07-31",
            "totalCurrentAssets": "1956469000",
            "cashAndShortTermInvestments": "1017778000",
            "totalCurrentLiabilities": "2233964000",
            "currentDebt": "725105000",
            "netIncome": "7395000",
            "capitalExpenditures": "27379000",
            "operatingCashflow": "211016000",
            "grossProfit": "542105000",
            "totalRevenue": "686095000",
            "sentiment": 0.1839804197258723,
            "surprise": "0.06",
            "closePrice": "52.13"
        },
        {
            "fiscalDateEnding": "2023-04-30",
            "totalCurrentAssets": "1804062000",
            "cashAndShortTermInvestments": "940494000",
            "totalCurrentLiabilities": "2195464000",
            "currentDebt": "723995000",
            "netIncome": "539000",
            "capitalExpenditures": "19057000",
            "operatingCashflow": "233635000",
            "grossProfit": "524901000",
            "totalRevenue": "659422000",
            "sentiment": 0.16204348383495532,
            "surprise": "0.16",
            "closePrice": "58.48"
        },
        {
            "fiscalDateEnding": "2023-01-31",
            "totalCurrentAssets": "1631004000",
            "cashAndShortTermInvestments": "1031666000",
            "totalCurrentLiabilities": "2208322000",
            "currentDebt": "722887000",
            "netIncome": "4863000",
            "capitalExpenditures": "24064000",
            "operatingCashflow": "137057000",
            "grossProfit": "522150000",
            "totalRevenue": "657924000",
            "sentiment": 0.20099346293982734,
            "surprise": "0.13",
            "closePrice": "64.41"
        },
        {
            "fiscalDateEnding": "2022-10-31",
            "totalCurrentAssets": "1480385000",
            "cashAndShortTermInvestments": "632620000",
            "totalCurrentLiabilities": "1449531000",
            "currentDebt": "36921000",
            "netIncome": "-29866000",
            "capitalExpenditures": "16477000",
            "operatingCashflow": "52537000",
            "grossProfit": "515921000",
            "totalRevenue": "644007000",
            "sentiment": 0.16872282052962137,
            "surprise": "0.15",
            "closePrice": "43.75"
        },
        {
            "fiscalDateEnding": "2022-07-31",
            "totalCurrentAssets": "1422782000",
            "cashAndShortTermInvestments": "994725000",
            "totalCurrentLiabilities": "1402245000",
            "currentDebt": "None",
            "netIncome": "-45078000",
            "capitalExpenditures": "15404000",
            "operatingCashflow": "120879000",
            "grossProfit": "485480000",
            "totalRevenue": "620552000",
            "sentiment": -0.05033714309739268,
            "surprise": "0.02",
            "closePrice": "57.95"
        },
        {
            "fiscalDateEnding": "2022-04-30",
            "totalCurrentAssets": "1362524000",
            "cashAndShortTermInvestments": "967615000",
            "totalCurrentLiabilities": "1343716000",
            "currentDebt": "16000",
            "netIncome": "-27373000",
            "capitalExpenditures": "21709000",
            "operatingCashflow": "196286000",
            "grossProfit": "456276000",
            "totalRevenue": "587043000",
            "sentiment": -0.05445125602073451,
            "surprise": "-0.08",
            "closePrice": "87.36"
        },
        {
            "fiscalDateEnding": "2022-01-31",
            "totalCurrentAssets": "1319596000",
            "cashAndShortTermInvestments": "802822000",
            "totalCurrentLiabilities": "1371639000",
            "currentDebt": "None",
            "netIncome": "-30445000",
            "capitalExpenditures": "17470000",
            "operatingCashflow": "87792000",
            "grossProfit": "449374000",
            "totalRevenue": "579211000",
            "sentiment": 0,
            "surprise": "0.01",
            "closePrice": "93.88"
        },
        {
            "fiscalDateEnding": "2021-10-31",
            "totalCurrentAssets": "1206589000",
            "cashAndShortTermInvestments": "818458000",
            "totalCurrentLiabilities": "1260367000",
            "currentDebt": "17510000",
            "netIncome": "-5676000",
            "capitalExpenditures": "15392000",
            "operatingCashflow": "105409000",
            "grossProfit": "429488000",
            "totalRevenue": "543978000",
            "sentiment": 0,
            "surprise": "0.12",
            "closePrice": "233.82"
        },
        {
            "fiscalDateEnding": "2021-07-31",
            "totalCurrentAssets": "1182789000",
            "cashAndShortTermInvestments": "822869000",
            "totalCurrentLiabilities": "1209630000",
            "currentDebt": "20632000",
            "netIncome": "-25501000",
            "capitalExpenditures": "15938000",
            "operatingCashflow": "177669000",
            "grossProfit": "398064000",
            "totalRevenue": "510175000",
            "sentiment": 0,
            "surprise": "0.07",
            "closePrice": "294.57"
        },
        {
            "fiscalDateEnding": "2021-04-30",
            "totalCurrentAssets": "1111436000",
            "cashAndShortTermInvestments": "780632000",
            "totalCurrentLiabilities": "1097912000",
            "currentDebt": "13343000",
            "netIncome": "-8354000",
            "capitalExpenditures": "12596000",
            "operatingCashflow": "135597000",
            "grossProfit": "363836000",
            "totalRevenue": "467406000",
            "sentiment": 0,
            "surprise": "0.16",
            "closePrice": "194.75"
        },
        {
            "fiscalDateEnding": "2021-01-31",
            "totalCurrentAssets": "1162348000",
            "cashAndShortTermInvestments": "773505000",
            "totalCurrentLiabilities": "1093173000",
            "currentDebt": "20469000",
            "netIncome": "-72412000",
            "capitalExpenditures": "18251000",
            "operatingCashflow": "62233000",
            "grossProfit": "329318000",
            "totalRevenue": "391260000",
            "sentiment": 0,
            "surprise": "0.15",
            "closePrice": "225.22"
        },
        {
            "fiscalDateEnding": "2020-10-31",
            "totalCurrentAssets": "929760000",
            "cashAndShortTermInvestments": "598574000",
            "totalCurrentLiabilities": "923100000",
            "currentDebt": "None",
            "netIncome": "-58491000",
            "capitalExpenditures": "19393000",
            "operatingCashflow": "57443000",
            "grossProfit": "285092000",
            "totalRevenue": "375154000",
            "sentiment": 0,
            "surprise": "0.09",
            "closePrice": "231.01"
        },
        {
            "fiscalDateEnding": "2020-07-31",
            "totalCurrentAssets": "968023000",
            "cashAndShortTermInvestments": "674039000",
            "totalCurrentLiabilities": "854038000",
            "currentDebt": "None",
            "netIncome": "-64560000",
            "capitalExpenditures": "18362000",
            "operatingCashflow": "118134000",
            "grossProfit": "251594000",
            "totalRevenue": "334525000",
            "sentiment": 0,
            "surprise": "0.09",
            "closePrice": "242.01"
        },
        {
            "fiscalDateEnding": "2020-04-30",
            "totalCurrentAssets": "1043243000",
            "cashAndShortTermInvestments": "757949000",
            "totalCurrentLiabilities": "729590000",
            "currentDebt": "None",
            "netIncome": "-47804000",
            "capitalExpenditures": "26389000",
            "operatingCashflow": "59144000",
            "grossProfit": "222985000",
            "totalRevenue": "289457000",
            "sentiment": 0,
            "surprise": "0.02",
            "closePrice": "140.06"
        },
        {
            "fiscalDateEnding": "2020-01-31",
            "totalCurrentAssets": "943890000",
            "cashAndShortTermInvestments": "656142000",
            "totalCurrentLiabilities": "693965000",
            "currentDebt": "None",
            "netIncome": "-47407000",
            "capitalExpenditures": "29975000",
            "operatingCashflow": "45505000",
            "grossProfit": "206820000",
            "totalRevenue": "266434000",
            "sentiment": 0,
            "surprise": "0.07",
            "closePrice": "68.68"
        },
        {
            "fiscalDateEnding": "2019-10-31",
            "totalCurrentAssets": "869390000",
            "cashAndShortTermInvestments": "653777000",
            "totalCurrentLiabilities": "588494000",
            "currentDebt": "None",
            "netIncome": "-46598000",
            "capitalExpenditures": "12280000",
            "operatingCashflow": "-1869000",
            "grossProfit": "187538000",
            "totalRevenue": "242138000",
            "sentiment": 0,
            "surprise": "0.08",
            "closePrice": "69.5"
        },
        {
            "fiscalDateEnding": "2019-07-31",
            "totalCurrentAssets": "943493000",
            "cashAndShortTermInvestments": "750253000",
            "totalCurrentLiabilities": "574149000",
            "currentDebt": "None",
            "netIncome": "-68632000",
            "capitalExpenditures": "14554000",
            "operatingCashflow": "26405000",
            "grossProfit": "174436000",
            "totalRevenue": "228339000",
            "sentiment": 0,
            "surprise": "-0.03",
            "closePrice": "46.25"
        },
        {
            "fiscalDateEnding": "2019-04-30",
            "totalCurrentAssets": "922126000",
            "cashAndShortTermInvestments": "752124000",
            "totalCurrentLiabilities": "522607000",
            "currentDebt": "None",
            "netIncome": "-45722000",
            "capitalExpenditures": "15237000",
            "operatingCashflow": "45655000",
            "grossProfit": "161943000",
            "totalRevenue": "206806000",
            "sentiment": 0,
            "surprise": "0.02",
            "closePrice": "54.74"
        },
        {
            "fiscalDateEnding": "2019-01-31",
            "totalCurrentAssets": "984521000",
            "cashAndShortTermInvestments": "769014000",
            "totalCurrentLiabilities": "516313000",
            "currentDebt": "None",
            "netIncome": "-66244000",
            "capitalExpenditures": "11317000",
            "operatingCashflow": "34137000",
            "grossProfit": "147039000",
            "totalRevenue": "189231000",
            "sentiment": 0,
            "surprise": "0.05",
            "closePrice": "58.85"
        },
        {
            "fiscalDateEnding": "2018-10-31",
            "totalCurrentAssets": "1265511000",
            "cashAndShortTermInvestments": "1094133000",
            "totalCurrentLiabilities": "434636000",
            "currentDebt": "None",
            "netIncome": "-52813000",
            "capitalExpenditures": "8576000",
            "operatingCashflow": "4261000",
            "grossProfit": "133312000",
            "totalRevenue": "174882000",
            "sentiment": 0,
            "surprise": "-0.09",
            "closePrice": "41.77"
        },
        {
            "fiscalDateEnding": "2018-07-31",
            "totalCurrentAssets": "968063000",
            "cashAndShortTermInvestments": "818795000",
            "totalCurrentLiabilities": "389590000",
            "currentDebt": "None",
            "netIncome": "-36714000",
            "capitalExpenditures": "4336000",
            "operatingCashflow": "22696000",
            "grossProfit": "130683000",
            "totalRevenue": "166997000",
            "sentiment": 0,
            "surprise": "0.02",
            "closePrice": "63.1"
        },
        {
            "fiscalDateEnding": "2018-04-30",
            "totalCurrentAssets": "415733000",
            "cashAndShortTermInvestments": "269429000",
            "totalCurrentLiabilities": "362495000",
            "currentDebt": "None",
            "netIncome": "-270687000",
            "capitalExpenditures": "6184000",
            "operatingCashflow": "14992000",
            "grossProfit": "97514000",
            "totalRevenue": "155615000",
            "sentiment": 0,
            "surprise": "0.08",
            "closePrice": "55.99"
        }
    ]
}