{
    "DOX": [
        {
            "fiscalDateEnding": "2023-12-31",
            "totalCurrentAssets": "1846136000",
            "cashAndShortTermInvestments": "382885000",
            "totalCurrentLiabilities": "1435733000",
            "currentDebt": "None",
            "netIncome": "148722000",
            "capitalExpenditures": "43743000",
            "operatingCashflow": "182387000",
            "grossProfit": "432455000",
            "totalRevenue": "1245199000",
            "sentiment": 0.23278699710827036,
            "surprise": "0",
            "closePrice": "90.2889277376382"
        },
        {
            "fiscalDateEnding": "2023-09-30",
            "totalCurrentAssets": "1911630000",
            "cashAndShortTermInvestments": "520080000",
            "totalCurrentLiabilities": "1353375000",
            "currentDebt": "None",
            "netIncome": "102666000",
            "capitalExpenditures": "26557000",
            "operatingCashflow": "272371000",
            "grossProfit": "438964000",
            "totalRevenue": "1242564000",
            "sentiment": 0.2807185462427085,
            "surprise": "0",
            "closePrice": "82.8364628737203"
        },
        {
            "fiscalDateEnding": "2023-06-30",
            "totalCurrentAssets": "2095835000",
            "cashAndShortTermInvestments": "517657000",
            "totalCurrentLiabilities": "1401346000",
            "currentDebt": "None",
            "netIncome": "160115000",
            "capitalExpenditures": "28983000",
            "operatingCashflow": "172557000",
            "grossProfit": "431955000",
            "totalRevenue": "1235962000",
            "sentiment": 0.40710272847399115,
            "surprise": "0.09",
            "closePrice": "91.3563283728766"
        },
        {
            "fiscalDateEnding": "2023-03-31",
            "totalCurrentAssets": "2104936000",
            "cashAndShortTermInvestments": "623404000",
            "totalCurrentLiabilities": "1324897000",
            "currentDebt": "None",
            "netIncome": "150309000",
            "capitalExpenditures": "35119000",
            "operatingCashflow": "294476000",
            "grossProfit": "427819000",
            "totalRevenue": "1223304000",
            "sentiment": 0.20442148423711254,
            "surprise": "0",
            "closePrice": "87.5114114787716"
        },
        {
            "fiscalDateEnding": "2022-12-31",
            "totalCurrentAssets": "2084386000",
            "cashAndShortTermInvestments": "492179000",
            "totalCurrentLiabilities": "1328850000",
            "currentDebt": "None",
            "netIncome": "129872000",
            "capitalExpenditures": "33703000",
            "operatingCashflow": "83226000",
            "grossProfit": "428871000",
            "totalRevenue": "1185720000",
            "sentiment": 0.3153096099227473,
            "surprise": "0.13",
            "closePrice": "89.7183343321339"
        },
        {
            "fiscalDateEnding": "2022-09-30",
            "totalCurrentAssets": "2003147000",
            "cashAndShortTermInvestments": "573377000",
            "totalCurrentLiabilities": "1252680000",
            "currentDebt": "None",
            "netIncome": "128936000",
            "capitalExpenditures": "81819000",
            "operatingCashflow": "216919000",
            "grossProfit": "415146000",
            "totalRevenue": "1166504000",
            "sentiment": 0.30403525321589914,
            "surprise": "0",
            "closePrice": "79.4479595971172"
        },
        {
            "fiscalDateEnding": "2022-06-30",
            "totalCurrentAssets": "2116283000",
            "cashAndShortTermInvestments": "597761000",
            "totalCurrentLiabilities": "1334319000",
            "currentDebt": "None",
            "netIncome": "128466000",
            "capitalExpenditures": "40904000",
            "operatingCashflow": "166826000",
            "grossProfit": "412076000",
            "totalRevenue": "1160290000",
            "sentiment": 0.06678257695408395,
            "surprise": "0",
            "closePrice": "82.8846776160002"
        },
        {
            "fiscalDateEnding": "2022-03-31",
            "totalCurrentAssets": "2102178000",
            "cashAndShortTermInvestments": "593056000",
            "totalCurrentLiabilities": "1402543000",
            "currentDebt": "None",
            "netIncome": "158497000",
            "capitalExpenditures": "47271000",
            "operatingCashflow": "168856000",
            "grossProfit": "404014000",
            "totalRevenue": "1145271000",
            "sentiment": -0.016741242112621603,
            "surprise": "0.29",
            "closePrice": "74.0730194553993"
        },
        {
            "fiscalDateEnding": "2021-12-31",
            "totalCurrentAssets": "2078791000",
            "cashAndShortTermInvestments": "586490000",
            "totalCurrentLiabilities": "1389001000",
            "currentDebt": "None",
            "netIncome": "133602000",
            "capitalExpenditures": "57225000",
            "operatingCashflow": "204118000",
            "grossProfit": "387914000",
            "totalRevenue": "1104632000",
            "sentiment": 0,
            "surprise": "0.02",
            "closePrice": "73.7504013193316"
        },
        {
            "fiscalDateEnding": "2021-09-30",
            "totalCurrentAssets": "2067499000",
            "cashAndShortTermInvestments": "709064000",
            "totalCurrentLiabilities": "1303865000",
            "currentDebt": "None",
            "netIncome": "123525000",
            "capitalExpenditures": "60873000",
            "operatingCashflow": "199713000",
            "grossProfit": "379943000",
            "totalRevenue": "1087309000",
            "sentiment": 0,
            "surprise": "-0.02",
            "closePrice": "74.4464923234209"
        },
        {
            "fiscalDateEnding": "2021-06-30",
            "totalCurrentAssets": "2185159000",
            "cashAndShortTermInvestments": "853301000",
            "totalCurrentLiabilities": "1275205000",
            "currentDebt": "None",
            "netIncome": "146150000",
            "capitalExpenditures": "50255000",
            "operatingCashflow": "189873000",
            "grossProfit": "376884000",
            "totalRevenue": "1066254000",
            "sentiment": 0,
            "surprise": "0.17",
            "closePrice": "71.2787228462234"
        },
        {
            "fiscalDateEnding": "2021-03-31",
            "totalCurrentAssets": "2298249000",
            "cashAndShortTermInvestments": "968988000",
            "totalCurrentLiabilities": "1339663000",
            "currentDebt": "None",
            "netIncome": "119067000",
            "capitalExpenditures": "49245000",
            "operatingCashflow": "119736000",
            "grossProfit": "363219000",
            "totalRevenue": "1048734000",
            "sentiment": 0,
            "surprise": "0",
            "closePrice": "68.6361852218633"
        },
        {
            "fiscalDateEnding": "2020-12-31",
            "totalCurrentAssets": "2658323000",
            "cashAndShortTermInvestments": "1336569000",
            "totalCurrentLiabilities": "1367943000",
            "currentDebt": "None",
            "netIncome": "299632000",
            "capitalExpenditures": "50065000",
            "operatingCashflow": "416485000",
            "grossProfit": "357627000",
            "totalRevenue": "1086343000",
            "sentiment": 0,
            "surprise": "0.02",
            "closePrice": "68.7021980967656"
        },
        {
            "fiscalDateEnding": "2020-09-30",
            "totalCurrentAssets": "2074577000",
            "cashAndShortTermInvestments": "983188000",
            "totalCurrentLiabilities": "1216200000",
            "currentDebt": "None",
            "netIncome": "134463000",
            "capitalExpenditures": "59555000",
            "operatingCashflow": "204680000",
            "grossProfit": "349392000",
            "totalRevenue": "1052948000",
            "sentiment": 0,
            "surprise": "0.04",
            "closePrice": "56.7956382653804"
        },
        {
            "fiscalDateEnding": "2020-06-30",
            "totalCurrentAssets": "2399297000",
            "cashAndShortTermInvestments": "1194043000",
            "totalCurrentLiabilities": "1306957000",
            "currentDebt": "None",
            "netIncome": "120407000",
            "capitalExpenditures": "41250000",
            "operatingCashflow": "186680000",
            "grossProfit": "344476000",
            "totalRevenue": "1026201000",
            "sentiment": 0,
            "surprise": "0.02",
            "closePrice": "57.5994563276442"
        },
        {
            "fiscalDateEnding": "2020-03-31",
            "totalCurrentAssets": "1951234000",
            "cashAndShortTermInvestments": "762602000",
            "totalCurrentLiabilities": "1566793000",
            "currentDebt": "None",
            "netIncome": "127038000",
            "capitalExpenditures": "46170000",
            "operatingCashflow": "102868000",
            "grossProfit": "363963000",
            "totalRevenue": "1047933000",
            "sentiment": 0,
            "surprise": "0.02",
            "closePrice": "60.2581406738473"
        },
        {
            "fiscalDateEnding": "2019-12-31",
            "totalCurrentAssets": "1711524000",
            "cashAndShortTermInvestments": "485875000",
            "totalCurrentLiabilities": "1268486000",
            "currentDebt": "None",
            "netIncome": "115932000",
            "capitalExpenditures": "58535000",
            "operatingCashflow": "163908000",
            "grossProfit": "355645000",
            "totalRevenue": "1041957000",
            "sentiment": 0,
            "surprise": "0.01",
            "closePrice": "67.8880424195564"
        },
        {
            "fiscalDateEnding": "2019-09-30",
            "totalCurrentAssets": "1675574000",
            "cashAndShortTermInvestments": "471632000",
            "totalCurrentLiabilities": "1207930000",
            "currentDebt": "None",
            "netIncome": "122027000",
            "capitalExpenditures": "34325000",
            "operatingCashflow": "213625000",
            "grossProfit": "363124000",
            "totalRevenue": "1030253000",
            "sentiment": 0,
            "surprise": "0",
            "closePrice": "61.7756835893748"
        },
        {
            "fiscalDateEnding": "2019-06-30",
            "totalCurrentAssets": "1646242000",
            "cashAndShortTermInvestments": "407788000",
            "totalCurrentLiabilities": "1183028000",
            "currentDebt": "None",
            "netIncome": "131448000",
            "capitalExpenditures": "35833000",
            "operatingCashflow": "164473000",
            "grossProfit": "359842000",
            "totalRevenue": "1024704000",
            "sentiment": 0,
            "surprise": "0.08",
            "closePrice": "56.6372045645795"
        },
        {
            "fiscalDateEnding": "2019-03-31",
            "totalCurrentAssets": "1638690000",
            "cashAndShortTermInvestments": "399195000",
            "totalCurrentLiabilities": "1213639000",
            "currentDebt": "None",
            "netIncome": "124279000",
            "capitalExpenditures": "20650000",
            "operatingCashflow": "168629000",
            "grossProfit": "361044000",
            "totalRevenue": "1019657000",
            "sentiment": 0,
            "surprise": "0.03",
            "closePrice": "48.5485924472489"
        },
        {
            "fiscalDateEnding": "2018-12-31",
            "totalCurrentAssets": "1681394000",
            "cashAndShortTermInvestments": "358657000",
            "totalCurrentLiabilities": "1273697000",
            "currentDebt": "None",
            "netIncome": "101692000",
            "capitalExpenditures": "37278000",
            "operatingCashflow": "109650000",
            "grossProfit": "349487000",
            "totalRevenue": "1012055000",
            "sentiment": 0,
            "surprise": "-0.01",
            "closePrice": "50.6250690979173"
        },
        {
            "fiscalDateEnding": "2018-09-30",
            "totalCurrentAssets": "1720717000",
            "cashAndShortTermInvestments": "418783000",
            "totalCurrentLiabilities": "1294957000",
            "currentDebt": "None",
            "netIncome": "44266000",
            "capitalExpenditures": "33893000",
            "operatingCashflow": "115349000",
            "grossProfit": "347665000",
            "totalRevenue": "1002588000",
            "sentiment": 0,
            "surprise": "0.01",
            "closePrice": "57.8734022846936"
        },
        {
            "fiscalDateEnding": "2018-06-30",
            "totalCurrentAssets": "1780242000",
            "cashAndShortTermInvestments": "460561000",
            "totalCurrentLiabilities": "1318757000",
            "currentDebt": "None",
            "netIncome": "91530000",
            "capitalExpenditures": "35127000",
            "operatingCashflow": "163571000",
            "grossProfit": "351629000",
            "totalRevenue": "1002198000",
            "sentiment": 0,
            "surprise": "0",
            "closePrice": "60.5582690488617"
        },
        {
            "fiscalDateEnding": "2018-03-31",
            "totalCurrentAssets": "1860947000",
            "cashAndShortTermInvestments": "470931000",
            "totalCurrentLiabilities": "1390355000",
            "currentDebt": "None",
            "netIncome": "101727000",
            "capitalExpenditures": "110347000",
            "operatingCashflow": "113728000",
            "grossProfit": "345753000",
            "totalRevenue": "992340000",
            "sentiment": 0,
            "surprise": "0",
            "closePrice": "60.8129211937495"
        },
        {
            "fiscalDateEnding": "2017-12-31",
            "totalCurrentAssets": "2093163000",
            "cashAndShortTermInvestments": "640784000",
            "totalCurrentLiabilities": "1221696000",
            "currentDebt": "None",
            "netIncome": "116873000",
            "capitalExpenditures": "51779000",
            "operatingCashflow": "164601000",
            "grossProfit": "334514000",
            "totalRevenue": "977711000",
            "sentiment": 0,
            "surprise": "0.09",
            "closePrice": "61.597980049191"
        },
        {
            "fiscalDateEnding": "2017-09-30",
            "totalCurrentAssets": "2048486000",
            "cashAndShortTermInvestments": "649611000",
            "totalCurrentLiabilities": "1172946000",
            "currentDebt": "None",
            "netIncome": "107209000",
            "capitalExpenditures": "34827000",
            "operatingCashflow": "199008000",
            "grossProfit": "343279000",
            "totalRevenue": "979724000",
            "sentiment": 0,
            "surprise": "-0.01",
            "closePrice": "56.0824105354856"
        },
        {
            "fiscalDateEnding": "2017-06-30",
            "totalCurrentAssets": "2085036000",
            "cashAndShortTermInvestments": "636526000",
            "totalCurrentLiabilities": "1177169000",
            "currentDebt": "None",
            "netIncome": "119264000",
            "capitalExpenditures": "28659000",
            "operatingCashflow": "161750000",
            "grossProfit": "338055000",
            "totalRevenue": "966695000",
            "sentiment": 0,
            "surprise": "0.06",
            "closePrice": "59.3094352782737"
        },
        {
            "fiscalDateEnding": "2017-03-31",
            "totalCurrentAssets": "2217923000",
            "cashAndShortTermInvestments": "822728000",
            "totalCurrentLiabilities": "1350993000",
            "currentDebt": "None",
            "netIncome": "112560000",
            "capitalExpenditures": "28170000",
            "operatingCashflow": "107326000",
            "grossProfit": "344272000",
            "totalRevenue": "966009000",
            "sentiment": 0,
            "surprise": "0.01",
            "closePrice": "54.4241322676242"
        },
        {
            "fiscalDateEnding": "2016-12-31",
            "totalCurrentAssets": "1996040000",
            "cashAndShortTermInvestments": "613816000",
            "totalCurrentLiabilities": "1221401000",
            "currentDebt": "None",
            "netIncome": "97793000",
            "capitalExpenditures": "41736000",
            "operatingCashflow": "168028000",
            "grossProfit": "333893000",
            "totalRevenue": "954727000",
            "sentiment": 0,
            "surprise": "0",
            "closePrice": "51.5112127727063"
        },
        {
            "fiscalDateEnding": "2016-09-30",
            "totalCurrentAssets": "2100391000",
            "cashAndShortTermInvestments": "768660000",
            "totalCurrentLiabilities": "1366010000",
            "currentDebt": "None",
            "netIncome": "95709000",
            "capitalExpenditures": "28714000",
            "operatingCashflow": "152708000",
            "grossProfit": "329549000",
            "totalRevenue": "940656000",
            "sentiment": 0,
            "surprise": "0",
            "closePrice": "51.0154725832783"
        },
        {
            "fiscalDateEnding": "2016-06-30",
            "totalCurrentAssets": "2051838000",
            "cashAndShortTermInvestments": "801187000",
            "totalCurrentLiabilities": "1092123000",
            "currentDebt": "None",
            "netIncome": "105060000",
            "capitalExpenditures": "34083000",
            "operatingCashflow": "150853000",
            "grossProfit": "328884000",
            "totalRevenue": "930133000",
            "sentiment": 0,
            "surprise": "0.03",
            "closePrice": "51.019391554563"
        },
        {
            "fiscalDateEnding": "2016-03-31",
            "totalCurrentAssets": "2107610000",
            "cashAndShortTermInvestments": "823456000",
            "totalCurrentLiabilities": "1142203000",
            "currentDebt": "None",
            "netIncome": "107720000",
            "capitalExpenditures": "29036000",
            "operatingCashflow": "117830000",
            "grossProfit": "325819000",
            "totalRevenue": "925935000",
            "sentiment": 0,
            "surprise": "0.05",
            "closePrice": "49.4864464870564"
        },
        {
            "fiscalDateEnding": "2015-12-31",
            "totalCurrentAssets": "2097762000",
            "cashAndShortTermInvestments": "865893000",
            "totalCurrentLiabilities": "1168805000",
            "currentDebt": "None",
            "netIncome": "100842000",
            "capitalExpenditures": "38253000",
            "operatingCashflow": "198843000",
            "grossProfit": "325937000",
            "totalRevenue": "921505000",
            "sentiment": 0,
            "surprise": "0",
            "closePrice": "47.6295319040033"
        },
        {
            "fiscalDateEnding": "2015-09-30",
            "totalCurrentAssets": "2378162000",
            "cashAndShortTermInvestments": "1035573000",
            "totalCurrentLiabilities": "1363503000",
            "currentDebt": "None",
            "netIncome": "91130000",
            "capitalExpenditures": "29002000",
            "operatingCashflow": "206775000",
            "grossProfit": "323671000",
            "totalRevenue": "926776000",
            "sentiment": 0,
            "surprise": "0.02",
            "closePrice": "51.8588682158143"
        },
        {
            "fiscalDateEnding": "2015-06-30",
            "totalCurrentAssets": "2455014000",
            "cashAndShortTermInvestments": "1076591000",
            "totalCurrentLiabilities": "1101392000",
            "currentDebt": "None",
            "netIncome": "107782000",
            "capitalExpenditures": "32167000",
            "operatingCashflow": "222213000",
            "grossProfit": "315531000",
            "totalRevenue": "907897000",
            "sentiment": 0,
            "surprise": "0.02",
            "closePrice": "48.5818861050412"
        },
        {
            "fiscalDateEnding": "2015-03-31",
            "totalCurrentAssets": "2325188000",
            "cashAndShortTermInvestments": "972634000",
            "totalCurrentLiabilities": "1049715000",
            "currentDebt": "None",
            "netIncome": "116261000",
            "capitalExpenditures": "22602000",
            "operatingCashflow": "135221000",
            "grossProfit": "322007000",
            "totalRevenue": "902578000",
            "sentiment": 0,
            "surprise": "0",
            "closePrice": "47.6632986062429"
        },
        {
            "fiscalDateEnding": "2014-12-31",
            "totalCurrentAssets": "2240825000",
            "cashAndShortTermInvestments": "951439000",
            "totalCurrentLiabilities": "1001393000",
            "currentDebt": "None",
            "netIncome": "130990000",
            "capitalExpenditures": "36732000",
            "operatingCashflow": "208413000",
            "grossProfit": "332841000",
            "totalRevenue": "906287000",
            "sentiment": 0,
            "surprise": "0.07",
            "closePrice": "40.6480829011281"
        },
        {
            "fiscalDateEnding": "2014-09-30",
            "totalCurrentAssets": "2423974000",
            "cashAndShortTermInvestments": "1103269000",
            "totalCurrentLiabilities": "1200747000",
            "currentDebt": "None",
            "netIncome": "100503000",
            "capitalExpenditures": "33688000",
            "operatingCashflow": "192900000",
            "grossProfit": "318660000",
            "totalRevenue": "900261000",
            "sentiment": 0,
            "surprise": "-0.01",
            "closePrice": "40.1993750029148"
        },
        {
            "fiscalDateEnding": "2014-06-30",
            "totalCurrentAssets": "2233958000",
            "cashAndShortTermInvestments": "853938000",
            "totalCurrentLiabilities": "1003215000",
            "currentDebt": "None",
            "netIncome": "109827000",
            "capitalExpenditures": "25910000",
            "operatingCashflow": "198805000",
            "grossProfit": "317873000",
            "totalRevenue": "902477000",
            "sentiment": 0,
            "surprise": "0.02",
            "closePrice": "40.1161232918604"
        },
        {
            "fiscalDateEnding": "2014-03-31",
            "totalCurrentAssets": "2177200000",
            "cashAndShortTermInvestments": "786040000",
            "totalCurrentLiabilities": "964790000",
            "currentDebt": "None",
            "netIncome": "110357000",
            "capitalExpenditures": "25228000",
            "operatingCashflow": "131015000",
            "grossProfit": "313570000",
            "totalRevenue": "896854000",
            "sentiment": 0,
            "surprise": "0.03",
            "closePrice": "39.3900605306632"
        },
        {
            "fiscalDateEnding": "2013-12-31",
            "totalCurrentAssets": "2236710000",
            "cashAndShortTermInvestments": "890583000",
            "totalCurrentLiabilities": "940841000",
            "currentDebt": "None",
            "netIncome": "101435000",
            "capitalExpenditures": "26743000",
            "operatingCashflow": "186538000",
            "grossProfit": "306642000",
            "totalRevenue": "864045000",
            "sentiment": 0,
            "surprise": "0.01",
            "closePrice": "35.5532702512559"
        },
        {
            "fiscalDateEnding": "2013-09-30",
            "totalCurrentAssets": "2282074000",
            "cashAndShortTermInvestments": "1014192000",
            "totalCurrentLiabilities": "1074256000",
            "currentDebt": "None",
            "netIncome": "88954000",
            "capitalExpenditures": "26573000",
            "operatingCashflow": "231705000",
            "grossProfit": "299227000",
            "totalRevenue": "845225000",
            "sentiment": 0,
            "surprise": "-0.01",
            "closePrice": "32.1865897195561"
        },
        {
            "fiscalDateEnding": "2013-06-30",
            "totalCurrentAssets": "2045579000",
            "cashAndShortTermInvestments": "786777000",
            "totalCurrentLiabilities": "773817000",
            "currentDebt": "None",
            "netIncome": "119558000",
            "capitalExpenditures": "21785000",
            "operatingCashflow": "173308000",
            "grossProfit": "294663000",
            "totalRevenue": "841332000",
            "sentiment": 0,
            "surprise": "0.1",
            "closePrice": "32.2416994176049"
        },
        {
            "fiscalDateEnding": "2013-03-31",
            "totalCurrentAssets": "1937463000",
            "cashAndShortTermInvestments": "661788000",
            "totalCurrentLiabilities": "781358000",
            "currentDebt": "None",
            "netIncome": "104912000",
            "capitalExpenditures": "28463000",
            "operatingCashflow": "120071000",
            "grossProfit": "294202000",
            "totalRevenue": "832938000",
            "sentiment": 0,
            "surprise": "0.01",
            "closePrice": "29.8134225358723"
        },
        {
            "fiscalDateEnding": "2012-12-31",
            "totalCurrentAssets": "1920073000",
            "cashAndShortTermInvestments": "640775000",
            "totalCurrentLiabilities": "843821000",
            "currentDebt": "None",
            "netIncome": "99015000",
            "capitalExpenditures": "29903000",
            "operatingCashflow": "145463000",
            "grossProfit": "290710000",
            "totalRevenue": "826359000",
            "sentiment": 0,
            "surprise": "0.02",
            "closePrice": "29.8632865943651"
        },
        {
            "fiscalDateEnding": "2012-09-30",
            "totalCurrentAssets": "2041070000",
            "cashAndShortTermInvestments": "879158000",
            "totalCurrentLiabilities": "1065558000",
            "currentDebt": "None",
            "netIncome": "98021000",
            "capitalExpenditures": "42830000",
            "operatingCashflow": "152056000",
            "grossProfit": "292589000",
            "totalRevenue": "822128000",
            "sentiment": 0,
            "surprise": "0",
            "closePrice": "27.5855270545133"
        },
        {
            "fiscalDateEnding": "2012-06-30",
            "totalCurrentAssets": "1818679000",
            "cashAndShortTermInvestments": "583770000",
            "totalCurrentLiabilities": "871593000",
            "currentDebt": "None",
            "netIncome": "98749000",
            "capitalExpenditures": "29019000",
            "operatingCashflow": "137531000",
            "grossProfit": "288564000",
            "totalRevenue": "808837000",
            "sentiment": 0,
            "surprise": "0.03",
            "closePrice": "24.3223466958551"
        },
        {
            "fiscalDateEnding": "2012-03-31",
            "totalCurrentAssets": "1751575000",
            "cashAndShortTermInvestments": "572258000",
            "totalCurrentLiabilities": "761501000",
            "currentDebt": "None",
            "netIncome": "101870000",
            "capitalExpenditures": "21890000",
            "operatingCashflow": "74536000",
            "grossProfit": "290384000",
            "totalRevenue": "808928000",
            "sentiment": 0,
            "surprise": "0.03",
            "closePrice": "26.5679944559612"
        },
        {
            "fiscalDateEnding": "2011-12-31",
            "totalCurrentAssets": "1749084000",
            "cashAndShortTermInvestments": "596416000",
            "totalCurrentLiabilities": "813656000",
            "currentDebt": "None",
            "netIncome": "92731000",
            "capitalExpenditures": "28314000",
            "operatingCashflow": "149946000",
            "grossProfit": "289898000",
            "totalRevenue": "807010000",
            "sentiment": 0,
            "surprise": "0",
            "closePrice": "24.5782844920437"
        },
        {
            "fiscalDateEnding": "2011-09-30",
            "totalCurrentAssets": "1979320000",
            "cashAndShortTermInvestments": "831371000",
            "totalCurrentLiabilities": "1011206000",
            "currentDebt": "None",
            "netIncome": "87379000",
            "capitalExpenditures": "29731000",
            "operatingCashflow": "147641000",
            "grossProfit": "286853000",
            "totalRevenue": "812203000",
            "sentiment": 0,
            "surprise": "0",
            "closePrice": "24.6691011294009"
        },
        {
            "fiscalDateEnding": "2011-06-30",
            "totalCurrentAssets": "1970905000",
            "cashAndShortTermInvestments": "805172000",
            "totalCurrentLiabilities": "760784000",
            "currentDebt": "None",
            "netIncome": "91785000",
            "capitalExpenditures": "24592000",
            "operatingCashflow": "150005000",
            "grossProfit": "279666000",
            "totalRevenue": "801409000",
            "sentiment": 0,
            "surprise": "0.01",
            "closePrice": "25.4451705759082"
        },
        {
            "fiscalDateEnding": "2011-03-31",
            "totalCurrentAssets": "1995249000",
            "cashAndShortTermInvestments": "812612000",
            "totalCurrentLiabilities": "769024000",
            "currentDebt": "None",
            "netIncome": "94110000",
            "capitalExpenditures": "20116000",
            "operatingCashflow": "75545000",
            "grossProfit": "275499000",
            "totalRevenue": "788935000",
            "sentiment": 0,
            "surprise": "0.01",
            "closePrice": "25.0901600844208"
        },
        {
            "fiscalDateEnding": "2010-12-31",
            "totalCurrentAssets": "2094105000",
            "cashAndShortTermInvestments": "891862000",
            "totalCurrentLiabilities": "846863000",
            "currentDebt": "None",
            "netIncome": "73391000",
            "capitalExpenditures": "35340000",
            "operatingCashflow": "162301000",
            "grossProfit": "266343000",
            "totalRevenue": "775181000",
            "sentiment": 0,
            "surprise": "-0.02",
            "closePrice": "23.8022150455364"
        },
        {
            "fiscalDateEnding": "2010-09-30",
            "totalCurrentAssets": "2251799000",
            "cashAndShortTermInvestments": "1036195000",
            "totalCurrentLiabilities": "1024147000",
            "currentDebt": "None",
            "netIncome": "94738000",
            "capitalExpenditures": "27441000",
            "operatingCashflow": "147638000",
            "grossProfit": "275903000",
            "totalRevenue": "762194000",
            "sentiment": 0,
            "surprise": "0.03",
            "closePrice": "24.7681738246997"
        },
        {
            "fiscalDateEnding": "2010-06-30",
            "totalCurrentAssets": "1992726000",
            "cashAndShortTermInvestments": "671154000",
            "totalCurrentLiabilities": "724725000",
            "currentDebt": "None",
            "netIncome": "92265000",
            "capitalExpenditures": "19430000",
            "operatingCashflow": "179485000",
            "grossProfit": "272716000",
            "totalRevenue": "753249000",
            "sentiment": 0,
            "surprise": "0.01",
            "closePrice": "23.6783741764129"
        },
        {
            "fiscalDateEnding": "2010-03-31",
            "totalCurrentAssets": "2055374000",
            "cashAndShortTermInvestments": "789500000",
            "totalCurrentLiabilities": "666453000",
            "currentDebt": "None",
            "netIncome": "68550000",
            "capitalExpenditures": "16273000",
            "operatingCashflow": "164568000",
            "grossProfit": "267784000",
            "totalRevenue": "743969000",
            "sentiment": 0,
            "surprise": "0.01",
            "closePrice": "25.7506447197461"
        },
        {
            "fiscalDateEnding": "2009-12-31",
            "totalCurrentAssets": "2022609000",
            "cashAndShortTermInvestments": "776784000",
            "totalCurrentLiabilities": "667362000",
            "currentDebt": "None",
            "netIncome": "88353000",
            "capitalExpenditures": "23801000",
            "operatingCashflow": "193507000",
            "grossProfit": "262154000",
            "totalRevenue": "724811000",
            "sentiment": 0,
            "surprise": "0.02",
            "closePrice": "23.5462772493479"
        },
        {
            "fiscalDateEnding": "2009-09-30",
            "totalCurrentAssets": "1872558000",
            "cashAndShortTermInvestments": "728762000",
            "totalCurrentLiabilities": "610867000",
            "currentDebt": "None",
            "netIncome": "85751000",
            "capitalExpenditures": "17851000",
            "operatingCashflow": "183677000",
            "grossProfit": "256708000",
            "totalRevenue": "707419000",
            "sentiment": 0,
            "surprise": "0.04",
            "closePrice": "20.2025737830134"
        },
        {
            "fiscalDateEnding": "2009-06-30",
            "totalCurrentAssets": "1989926000",
            "cashAndShortTermInvestments": "684900000",
            "totalCurrentLiabilities": "640025000",
            "currentDebt": "None",
            "netIncome": "85548000",
            "capitalExpenditures": "17656000",
            "operatingCashflow": "113880000",
            "grossProfit": "247951000",
            "totalRevenue": "690265000",
            "sentiment": 0,
            "surprise": "0.05",
            "closePrice": "19.0384696132525"
        },
        {
            "fiscalDateEnding": "2009-03-31",
            "totalCurrentAssets": "2036755000",
            "cashAndShortTermInvestments": "762351000",
            "totalCurrentLiabilities": "716395000",
            "currentDebt": "None",
            "netIncome": "80630000",
            "capitalExpenditures": "17583000",
            "operatingCashflow": "80313000",
            "grossProfit": "254518000",
            "totalRevenue": "711084000",
            "sentiment": 0,
            "surprise": "0.01",
            "closePrice": "15.9919842328144"
        },
        {
            "fiscalDateEnding": "2008-12-31",
            "totalCurrentAssets": "2018233000",
            "cashAndShortTermInvestments": "1279827000",
            "totalCurrentLiabilities": "803416000",
            "currentDebt": "None",
            "netIncome": "74247000",
            "capitalExpenditures": "30235000",
            "operatingCashflow": "141286000",
            "grossProfit": "268797000",
            "totalRevenue": "753839000",
            "sentiment": 0,
            "surprise": "0",
            "closePrice": "15.3810359451385"
        },
        {
            "fiscalDateEnding": "2008-09-30",
            "totalCurrentAssets": "2005587000",
            "cashAndShortTermInvestments": "718850000",
            "totalCurrentLiabilities": "830024000",
            "currentDebt": "None",
            "netIncome": "82711000",
            "capitalExpenditures": "34293000",
            "operatingCashflow": "178083000",
            "grossProfit": "294387000",
            "totalRevenue": "825277000",
            "sentiment": 0,
            "surprise": "-0.08",
            "closePrice": "19.5090649159218"
        },
        {
            "fiscalDateEnding": "2008-06-30",
            "totalCurrentAssets": "1971727000",
            "cashAndShortTermInvestments": "687233000",
            "totalCurrentLiabilities": "814384000",
            "currentDebt": "None",
            "netIncome": "100672000",
            "capitalExpenditures": "32404000",
            "operatingCashflow": "115093000",
            "grossProfit": "291296000",
            "totalRevenue": "820288000",
            "sentiment": 0,
            "surprise": "0.01",
            "closePrice": "23.7774468717117"
        },
        {
            "fiscalDateEnding": "2008-03-31",
            "totalCurrentAssets": "1972722000",
            "cashAndShortTermInvestments": "680670000",
            "totalCurrentLiabilities": "828723000",
            "currentDebt": "None",
            "netIncome": "99859000",
            "capitalExpenditures": "34617000",
            "operatingCashflow": "97299000",
            "grossProfit": "279387000",
            "totalRevenue": "774281000",
            "sentiment": 0,
            "surprise": "0.01",
            "closePrice": "23.2738273372762"
        },
        {
            "fiscalDateEnding": "2007-12-31",
            "totalCurrentAssets": "1917981000",
            "cashAndShortTermInvestments": "1167090000",
            "totalCurrentLiabilities": "803203000",
            "currentDebt": "None",
            "netIncome": "95664000",
            "capitalExpenditures": "34509000",
            "operatingCashflow": "93146000",
            "grossProfit": "270735000",
            "totalRevenue": "742250000",
            "sentiment": 0,
            "surprise": "0",
            "closePrice": "25.5524993291485"
        },
        {
            "fiscalDateEnding": "2007-09-30",
            "totalCurrentAssets": "1889067000",
            "cashAndShortTermInvestments": "615501000",
            "totalCurrentLiabilities": "974727000",
            "currentDebt": "None",
            "netIncome": "96243000",
            "capitalExpenditures": "40167000",
            "operatingCashflow": "107232000",
            "grossProfit": "264128000",
            "totalRevenue": "726689000",
            "sentiment": 0,
            "surprise": "0",
            "closePrice": "28.400839318989"
        },
        {
            "fiscalDateEnding": "2007-06-30",
            "totalCurrentAssets": "1856949000",
            "cashAndShortTermInvestments": "623643000",
            "totalCurrentLiabilities": "1003707000",
            "currentDebt": "None",
            "netIncome": "88181000",
            "capitalExpenditures": "41370000",
            "operatingCashflow": "126460000",
            "grossProfit": "262336000",
            "totalRevenue": "712091000",
            "sentiment": 0,
            "surprise": "0.03",
            "closePrice": "31.9922245235705"
        },
        {
            "fiscalDateEnding": "2007-03-31",
            "totalCurrentAssets": "1728568000",
            "cashAndShortTermInvestments": "621230000",
            "totalCurrentLiabilities": "998607000",
            "currentDebt": "None",
            "netIncome": "87171000",
            "capitalExpenditures": "34321000",
            "operatingCashflow": "91222000",
            "grossProfit": "258485000",
            "totalRevenue": "706361000",
            "sentiment": 0,
            "surprise": "0.02",
            "closePrice": "31.2244111350048"
        },
        {
            "fiscalDateEnding": "2006-12-31",
            "totalCurrentAssets": "1664226000",
            "cashAndShortTermInvestments": "565295000",
            "totalCurrentLiabilities": "953758000",
            "currentDebt": "None",
            "netIncome": "93342000",
            "capitalExpenditures": "50568000",
            "operatingCashflow": "99081000",
            "grossProfit": "254842000",
            "totalRevenue": "691032000",
            "sentiment": 0,
            "surprise": "0.03",
            "closePrice": "28.4338635507553"
        },
        {
            "fiscalDateEnding": "2006-09-30",
            "totalCurrentAssets": "1638706000",
            "cashAndShortTermInvestments": "607187000",
            "totalCurrentLiabilities": "1031687000",
            "currentDebt": "None",
            "netIncome": "75955000",
            "capitalExpenditures": "27100000",
            "operatingCashflow": "127803000",
            "grossProfit": "249602000",
            "totalRevenue": "665445000",
            "sentiment": 0,
            "surprise": "0.01",
            "closePrice": "31.7280306694403"
        },
        {
            "fiscalDateEnding": "2006-06-30",
            "totalCurrentAssets": "1781152000",
            "cashAndShortTermInvestments": "485458000",
            "totalCurrentLiabilities": "933165000",
            "currentDebt": "None",
            "netIncome": "85585000",
            "capitalExpenditures": "26511000",
            "operatingCashflow": "119986000",
            "grossProfit": "222827000",
            "totalRevenue": "626448000",
            "sentiment": 0,
            "surprise": "0.03",
            "closePrice": "27.6165138145402"
        },
        {
            "fiscalDateEnding": "2006-03-31",
            "totalCurrentAssets": "1862217000",
            "cashAndShortTermInvestments": "545021000",
            "totalCurrentLiabilities": "844975000",
            "currentDebt": "None",
            "netIncome": "81762000",
            "capitalExpenditures": "13047000",
            "operatingCashflow": "97957000",
            "grossProfit": "211880000",
            "totalRevenue": "601129000",
            "sentiment": 0,
            "surprise": "0.02",
            "closePrice": "28.7475937525348"
        },
        {
            "fiscalDateEnding": "2005-12-31",
            "totalCurrentAssets": "1751952000",
            "cashAndShortTermInvestments": "534388000",
            "totalCurrentLiabilities": "864731000",
            "currentDebt": "None",
            "netIncome": "75334000",
            "capitalExpenditures": "14059000",
            "operatingCashflow": "83474000",
            "grossProfit": "211915000",
            "totalRevenue": "587028000",
            "sentiment": 0,
            "surprise": "0.02",
            "closePrice": "25.676340198272"
        },
        {
            "fiscalDateEnding": "2005-09-30",
            "totalCurrentAssets": "1627742000",
            "cashAndShortTermInvestments": "707552000",
            "totalCurrentLiabilities": "858903000",
            "currentDebt": "None",
            "netIncome": "67799000",
            "capitalExpenditures": "17562000",
            "operatingCashflow": "125107000",
            "grossProfit": "210428000",
            "totalRevenue": "573318000",
            "sentiment": 0,
            "surprise": "0.01",
            "closePrice": "23.0509137728539"
        },
        {
            "fiscalDateEnding": "2005-06-30",
            "totalCurrentAssets": "1750886000",
            "cashAndShortTermInvestments": "639424000",
            "totalCurrentLiabilities": "776604000",
            "currentDebt": "None",
            "netIncome": "77097000",
            "capitalExpenditures": "17672000",
            "operatingCashflow": "80133000",
            "grossProfit": "181981000",
            "totalRevenue": "507355000",
            "sentiment": 0,
            "surprise": "0.01",
            "closePrice": "24.1076891893744"
        },
        {
            "fiscalDateEnding": "2005-03-31",
            "totalCurrentAssets": "1763307000",
            "cashAndShortTermInvestments": "546700000",
            "totalCurrentLiabilities": "769443000",
            "currentDebt": "None",
            "netIncome": "74297000",
            "capitalExpenditures": "20483000",
            "operatingCashflow": "93468000",
            "grossProfit": "177127000",
            "totalRevenue": "488416000",
            "sentiment": 0,
            "surprise": "0",
            "closePrice": "23.8187271614196"
        },
        {
            "fiscalDateEnding": "2004-12-31",
            "totalCurrentAssets": "1708727000",
            "cashAndShortTermInvestments": "590592000",
            "totalCurrentLiabilities": "782101000",
            "currentDebt": "None",
            "netIncome": "69443000",
            "capitalExpenditures": "15657000",
            "operatingCashflow": "83043000",
            "grossProfit": "173430000",
            "totalRevenue": "469532000",
            "sentiment": 0,
            "surprise": "0.03",
            "closePrice": "22.1675155731062"
        },
        {
            "fiscalDateEnding": "2004-09-30",
            "totalCurrentAssets": "1587991000",
            "cashAndShortTermInvestments": "550352000",
            "totalCurrentLiabilities": "774443000",
            "currentDebt": "None",
            "netIncome": "61582000",
            "capitalExpenditures": "20616000",
            "operatingCashflow": "86737000",
            "grossProfit": "166900000",
            "totalRevenue": "452455000",
            "sentiment": 0,
            "surprise": "0.01",
            "closePrice": "20.1860616671303"
        },
        {
            "fiscalDateEnding": "2004-06-30",
            "totalCurrentAssets": "1633734000",
            "cashAndShortTermInvestments": "492446000",
            "totalCurrentLiabilities": "775810000",
            "currentDebt": "None",
            "netIncome": "59920000",
            "capitalExpenditures": "10159000",
            "operatingCashflow": "75728000",
            "grossProfit": "165667000",
            "totalRevenue": "450224000",
            "sentiment": 0,
            "surprise": "0",
            "closePrice": "18.6421788320573"
        },
        {
            "fiscalDateEnding": "2004-03-31",
            "totalCurrentAssets": "1969679000",
            "cashAndShortTermInvestments": "796318000",
            "totalCurrentLiabilities": "1156336000",
            "currentDebt": "None",
            "netIncome": "60290000",
            "capitalExpenditures": "9324000",
            "operatingCashflow": "99288000",
            "grossProfit": "163273000",
            "totalRevenue": "442758000",
            "sentiment": 0,
            "surprise": "0.02",
            "closePrice": "23.3233636849256"
        },
        {
            "fiscalDateEnding": "2003-12-31",
            "totalCurrentAssets": "1595491000",
            "cashAndShortTermInvestments": "552213000",
            "totalCurrentLiabilities": "1087547000",
            "currentDebt": "None",
            "netIncome": "53068000",
            "capitalExpenditures": "14049000",
            "operatingCashflow": "82651000",
            "grossProfit": "155060000",
            "totalRevenue": "428295000",
            "sentiment": 0,
            "surprise": "0.02",
            "closePrice": "20.953875055696"
        }
    ]
}