{
    "DSGX": [
        {
            "fiscalDateEnding": "2024-01-31",
            "totalCurrentAssets": "415625902",
            "cashAndShortTermInvestments": "318990211",
            "totalCurrentLiabilities": "202385330",
            "currentDebt": "None",
            "netIncome": "32020145",
            "capitalExpenditures": "726020",
            "operatingCashflow": "51130230",
            "grossProfit": "97583193",
            "totalRevenue": "149083366",
            "sentiment": 0.3092277348148711,
            "surprise": "0",
            "closePrice": "87.32"
        },
        {
            "fiscalDateEnding": "2023-10-31",
            "totalCurrentAssets": "374053000",
            "cashAndShortTermInvestments": "279609000",
            "totalCurrentLiabilities": "209049000",
            "currentDebt": "None",
            "netIncome": "26602000",
            "capitalExpenditures": "1462000",
            "operatingCashflow": "56050000",
            "grossProfit": "110373000",
            "totalRevenue": "144698000",
            "sentiment": 0.260121582240392,
            "surprise": "-0.03",
            "closePrice": "81.25"
        },
        {
            "fiscalDateEnding": "2023-07-31",
            "totalCurrentAssets": "324174000",
            "cashAndShortTermInvestments": "227409000",
            "totalCurrentLiabilities": "203798000",
            "currentDebt": "None",
            "netIncome": "28116000",
            "capitalExpenditures": "2180000",
            "operatingCashflow": "52011000",
            "grossProfit": "108419000",
            "totalRevenue": "143393000",
            "sentiment": 0.3272912410221771,
            "surprise": "-0.01",
            "closePrice": "75.12"
        },
        {
            "fiscalDateEnding": "2023-04-30",
            "totalCurrentAssets": "273528000",
            "cashAndShortTermInvestments": "182187000",
            "totalCurrentLiabilities": "199630000",
            "currentDebt": "None",
            "netIncome": "29353000",
            "capitalExpenditures": "1203000",
            "operatingCashflow": "48855000",
            "grossProfit": "103729000",
            "totalRevenue": "136614000",
            "sentiment": 0.17278928191523002,
            "surprise": "0.01",
            "closePrice": "77.33"
        },
        {
            "fiscalDateEnding": "2023-01-31",
            "totalCurrentAssets": "358651000",
            "cashAndShortTermInvestments": "276385000",
            "totalCurrentLiabilities": "169595000",
            "currentDebt": "None",
            "netIncome": "29750000",
            "capitalExpenditures": "1644000",
            "operatingCashflow": "50649000",
            "grossProfit": "96087000",
            "totalRevenue": "125141000",
            "sentiment": 0.2660103944543372,
            "surprise": "0.05",
            "closePrice": "73.43"
        },
        {
            "fiscalDateEnding": "2022-10-31",
            "totalCurrentAssets": "316085000",
            "cashAndShortTermInvestments": "237356000",
            "totalCurrentLiabilities": "157746000",
            "currentDebt": "None",
            "netIncome": "26469000",
            "capitalExpenditures": "1005000",
            "operatingCashflow": "50915000",
            "grossProfit": "93937000",
            "totalRevenue": "121467000",
            "sentiment": 0.2724295577942406,
            "surprise": "0.04",
            "closePrice": "67.27"
        },
        {
            "fiscalDateEnding": "2022-07-31",
            "totalCurrentAssets": "270841000",
            "cashAndShortTermInvestments": "189030000",
            "totalCurrentLiabilities": "155853000",
            "currentDebt": "None",
            "netIncome": "22902000",
            "capitalExpenditures": "1786000",
            "operatingCashflow": "46399000",
            "grossProfit": "94092000",
            "totalRevenue": "123011000",
            "sentiment": 0.07021206399736468,
            "surprise": "0",
            "closePrice": "69.24"
        },
        {
            "fiscalDateEnding": "2022-04-30",
            "totalCurrentAssets": "292251000",
            "cashAndShortTermInvestments": "211779000",
            "totalCurrentLiabilities": "148646000",
            "currentDebt": "None",
            "netIncome": "23115000",
            "capitalExpenditures": "1636000",
            "operatingCashflow": "44432000",
            "grossProfit": "88572000",
            "totalRevenue": "116395000",
            "sentiment": 0.10816229843910313,
            "surprise": "0.01",
            "closePrice": "60.95"
        },
        {
            "fiscalDateEnding": "2022-01-31",
            "totalCurrentAssets": "292059000",
            "cashAndShortTermInvestments": "213437000",
            "totalCurrentLiabilities": "133433000",
            "currentDebt": "None",
            "netIncome": "19194000",
            "capitalExpenditures": "979000",
            "operatingCashflow": "45520000",
            "grossProfit": "85487000",
            "totalRevenue": "112371000",
            "sentiment": 0,
            "surprise": "-0.02",
            "closePrice": "71.75"
        },
        {
            "fiscalDateEnding": "2021-10-31",
            "totalCurrentAssets": "246932000",
            "cashAndShortTermInvestments": "171079000",
            "totalCurrentLiabilities": "125564000",
            "currentDebt": "None",
            "netIncome": "25491000",
            "capitalExpenditures": "1254000",
            "operatingCashflow": "43338000",
            "grossProfit": "83304000",
            "totalRevenue": "108911000",
            "sentiment": 0,
            "surprise": "0.03",
            "closePrice": "78.38"
        },
        {
            "fiscalDateEnding": "2021-07-31",
            "totalCurrentAssets": "199516000",
            "cashAndShortTermInvestments": "128358000",
            "totalCurrentLiabilities": "118645000",
            "currentDebt": "None",
            "netIncome": "23176000",
            "capitalExpenditures": "941000",
            "operatingCashflow": "46374000",
            "grossProfit": "79100000",
            "totalRevenue": "104570000",
            "sentiment": 0,
            "surprise": "0.02",
            "closePrice": "81.9"
        },
        {
            "fiscalDateEnding": "2021-04-30",
            "totalCurrentAssets": "205763000",
            "cashAndShortTermInvestments": "138137000",
            "totalCurrentLiabilities": "106043000",
            "currentDebt": "None",
            "netIncome": "18421000",
            "capitalExpenditures": "1655000",
            "operatingCashflow": "40906000",
            "grossProfit": "74989000",
            "totalRevenue": "98838000",
            "sentiment": 0,
            "surprise": "0.04",
            "closePrice": "58.54"
        },
        {
            "fiscalDateEnding": "2021-01-31",
            "totalCurrentAssets": "203065000",
            "cashAndShortTermInvestments": "133661000",
            "totalCurrentLiabilities": "104263000",
            "currentDebt": "None",
            "netIncome": "17203000",
            "capitalExpenditures": "900000",
            "operatingCashflow": "36462000",
            "grossProfit": "70308000",
            "totalRevenue": "93408000",
            "sentiment": 0,
            "surprise": "0.04",
            "closePrice": "58.19"
        },
        {
            "fiscalDateEnding": "2020-10-31",
            "totalCurrentAssets": "174140000",
            "cashAndShortTermInvestments": "114416000",
            "totalCurrentLiabilities": "92636000",
            "currentDebt": "None",
            "netIncome": "13308000",
            "capitalExpenditures": "774000",
            "operatingCashflow": "33149000",
            "grossProfit": "64962000",
            "totalRevenue": "87508000",
            "sentiment": 0,
            "surprise": "0.01",
            "closePrice": "56.66"
        },
        {
            "fiscalDateEnding": "2020-07-31",
            "totalCurrentAssets": "141572000",
            "cashAndShortTermInvestments": "81862000",
            "totalCurrentLiabilities": "92284000",
            "currentDebt": "None",
            "netIncome": "10542000",
            "capitalExpenditures": "1063000",
            "operatingCashflow": "34086000",
            "grossProfit": "61648000",
            "totalRevenue": "84045000",
            "sentiment": 0,
            "surprise": "0",
            "closePrice": "58.08"
        },
        {
            "fiscalDateEnding": "2020-04-30",
            "totalCurrentAssets": "112360000",
            "cashAndShortTermInvestments": "55976000",
            "totalCurrentLiabilities": "88960000",
            "currentDebt": "None",
            "netIncome": "11047000",
            "capitalExpenditures": "1022000",
            "operatingCashflow": "27533000",
            "grossProfit": "61836000",
            "totalRevenue": "83703000",
            "sentiment": 0,
            "surprise": "0",
            "closePrice": "45.1"
        },
        {
            "fiscalDateEnding": "2020-01-31",
            "totalCurrentAssets": "100210000",
            "cashAndShortTermInvestments": "44403000",
            "totalCurrentLiabilities": "88943000",
            "currentDebt": "None",
            "netIncome": "11438000",
            "capitalExpenditures": "1021000",
            "operatingCashflow": "26367000",
            "grossProfit": "61626000",
            "totalRevenue": "84221000",
            "sentiment": 0,
            "surprise": "0.01",
            "closePrice": "40.0"
        },
        {
            "fiscalDateEnding": "2019-10-31",
            "totalCurrentAssets": "82147000",
            "cashAndShortTermInvestments": "28848000",
            "totalCurrentLiabilities": "91096000",
            "currentDebt": "None",
            "netIncome": "9666000",
            "capitalExpenditures": "1484000",
            "operatingCashflow": "27529000",
            "grossProfit": "60893000",
            "totalRevenue": "83026000",
            "sentiment": 0,
            "surprise": "-0.01",
            "closePrice": "42.57"
        },
        {
            "fiscalDateEnding": "2019-07-31",
            "totalCurrentAssets": "76552000",
            "cashAndShortTermInvestments": "27362000",
            "totalCurrentLiabilities": "87618000",
            "currentDebt": "None",
            "netIncome": "8573000",
            "capitalExpenditures": "997000",
            "operatingCashflow": "26921000",
            "grossProfit": "59403000",
            "totalRevenue": "80540000",
            "sentiment": 0,
            "surprise": "0.02",
            "closePrice": "36.24"
        },
        {
            "fiscalDateEnding": "2019-04-30",
            "totalCurrentAssets": "80810000",
            "cashAndShortTermInvestments": "29550000",
            "totalCurrentLiabilities": "86226000",
            "currentDebt": "None",
            "netIncome": "7320000",
            "capitalExpenditures": "1398000",
            "operatingCashflow": "23435000",
            "grossProfit": "58148000",
            "totalRevenue": "78004000",
            "sentiment": 0,
            "surprise": "-0.04",
            "closePrice": "40.37"
        },
        {
            "fiscalDateEnding": "2019-01-31",
            "totalCurrentAssets": "72244000",
            "cashAndShortTermInvestments": "27298000",
            "totalCurrentLiabilities": "70367000",
            "currentDebt": "None",
            "netIncome": "7892000",
            "capitalExpenditures": "2166000",
            "operatingCashflow": "21762000",
            "grossProfit": "51731000",
            "totalRevenue": "71030000",
            "sentiment": 0,
            "surprise": "-0.01",
            "closePrice": "34.08"
        },
        {
            "fiscalDateEnding": "2018-10-31",
            "totalCurrentAssets": "75362000",
            "cashAndShortTermInvestments": "32760000",
            "totalCurrentLiabilities": "68111000",
            "currentDebt": "None",
            "netIncome": "7901000",
            "capitalExpenditures": "1131000",
            "operatingCashflow": "19220000",
            "grossProfit": "50858000",
            "totalRevenue": "70008000",
            "sentiment": 0,
            "surprise": "-0.02",
            "closePrice": "28.88"
        },
        {
            "fiscalDateEnding": "2018-07-31",
            "totalCurrentAssets": "77708000",
            "cashAndShortTermInvestments": "34068000",
            "totalCurrentLiabilities": "70692000",
            "currentDebt": "None",
            "netIncome": "8498000",
            "capitalExpenditures": "982000",
            "operatingCashflow": "18239000",
            "grossProfit": "49154000",
            "totalRevenue": "67115000",
            "sentiment": 0,
            "surprise": "0.01",
            "closePrice": "34.25"
        },
        {
            "fiscalDateEnding": "2018-04-30",
            "totalCurrentAssets": "78608000",
            "cashAndShortTermInvestments": "36210000",
            "totalCurrentLiabilities": "72079000",
            "currentDebt": "None",
            "netIncome": "6986000",
            "capitalExpenditures": "965000",
            "operatingCashflow": "18853000",
            "grossProfit": "48434000",
            "totalRevenue": "67018000",
            "sentiment": 0,
            "surprise": "-0.02",
            "closePrice": "31.4"
        },
        {
            "fiscalDateEnding": "2018-01-31",
            "totalCurrentAssets": "74852000",
            "cashAndShortTermInvestments": "35145000",
            "totalCurrentLiabilities": "67690000",
            "currentDebt": "None",
            "netIncome": "6665000",
            "capitalExpenditures": "1208000",
            "operatingCashflow": "19637000",
            "grossProfit": "46499000",
            "totalRevenue": "63631000",
            "sentiment": 0,
            "surprise": "-0.01",
            "closePrice": "27.35"
        },
        {
            "fiscalDateEnding": "2017-10-31",
            "totalCurrentAssets": "71095000",
            "cashAndShortTermInvestments": "33288000",
            "totalCurrentLiabilities": "62670000",
            "currentDebt": "None",
            "netIncome": "6170000",
            "capitalExpenditures": "2209000",
            "operatingCashflow": "18938000",
            "grossProfit": "45158000",
            "totalRevenue": "62001000",
            "sentiment": 0,
            "surprise": "-0.02",
            "closePrice": "29.85"
        },
        {
            "fiscalDateEnding": "2017-07-31",
            "totalCurrentAssets": "125102000",
            "cashAndShortTermInvestments": "87527000",
            "totalCurrentLiabilities": "57369000",
            "currentDebt": "None",
            "netIncome": "7159000",
            "capitalExpenditures": "883000",
            "operatingCashflow": "17100000",
            "grossProfit": "41946000",
            "totalRevenue": "57293000",
            "sentiment": 0,
            "surprise": "-0.01",
            "closePrice": "28.4"
        },
        {
            "fiscalDateEnding": "2017-04-30",
            "totalCurrentAssets": "91021000",
            "cashAndShortTermInvestments": "54371000",
            "totalCurrentLiabilities": "53509000",
            "currentDebt": "None",
            "netIncome": "6885000",
            "capitalExpenditures": "786000",
            "operatingCashflow": "16468000",
            "grossProfit": "40132000",
            "totalRevenue": "54514000",
            "sentiment": 0,
            "surprise": "-0.01",
            "closePrice": "25.05"
        },
        {
            "fiscalDateEnding": "2017-01-31",
            "totalCurrentAssets": "72561000",
            "cashAndShortTermInvestments": "38135000",
            "totalCurrentLiabilities": "53824000",
            "currentDebt": "None",
            "netIncome": "6090000",
            "capitalExpenditures": "915000",
            "operatingCashflow": "19546000",
            "grossProfit": "38174000",
            "totalRevenue": "52816000",
            "sentiment": 0,
            "surprise": "-0.01",
            "closePrice": "21.85"
        },
        {
            "fiscalDateEnding": "2016-10-31",
            "totalCurrentAssets": "109433000",
            "cashAndShortTermInvestments": "77925000",
            "totalCurrentLiabilities": "46054000",
            "currentDebt": "None",
            "netIncome": "5931000",
            "capitalExpenditures": "1023000",
            "operatingCashflow": "20515000",
            "grossProfit": "37601000",
            "totalRevenue": "51536000",
            "sentiment": 0,
            "surprise": "-0.01",
            "closePrice": "22.15"
        },
        {
            "fiscalDateEnding": "2016-07-31",
            "totalCurrentAssets": "102655000",
            "cashAndShortTermInvestments": "69644000",
            "totalCurrentLiabilities": "42178000",
            "currentDebt": "None",
            "netIncome": "5779000",
            "capitalExpenditures": "1704000",
            "operatingCashflow": "16635000",
            "grossProfit": "36731000",
            "totalRevenue": "50516000",
            "sentiment": 0,
            "surprise": "0",
            "closePrice": "21.56"
        },
        {
            "fiscalDateEnding": "2016-04-30",
            "totalCurrentAssets": "93969000",
            "cashAndShortTermInvestments": "55563000",
            "totalCurrentLiabilities": "43149000",
            "currentDebt": "None",
            "netIncome": "6038000",
            "capitalExpenditures": "1272000",
            "operatingCashflow": "15887000",
            "grossProfit": "35222000",
            "totalRevenue": "48911000",
            "sentiment": 0,
            "surprise": "-0.01",
            "closePrice": "20.25"
        },
        {
            "fiscalDateEnding": "2016-01-31",
            "totalCurrentAssets": "75425000",
            "cashAndShortTermInvestments": "37213000",
            "totalCurrentLiabilities": "40042000",
            "currentDebt": "None",
            "netIncome": "5360000",
            "capitalExpenditures": "877000",
            "operatingCashflow": "16246000",
            "grossProfit": "34466000",
            "totalRevenue": "48037000",
            "sentiment": 0,
            "surprise": "0",
            "closePrice": "17.82"
        },
        {
            "fiscalDateEnding": "2015-10-31",
            "totalCurrentAssets": "101115000",
            "cashAndShortTermInvestments": "52955000",
            "totalCurrentLiabilities": "37283000",
            "currentDebt": "None",
            "netIncome": "5229000",
            "capitalExpenditures": "1167000",
            "operatingCashflow": "13379000",
            "grossProfit": "33944000",
            "totalRevenue": "47360000",
            "sentiment": 0,
            "surprise": "0",
            "closePrice": "19.41"
        },
        {
            "fiscalDateEnding": "2015-07-31",
            "totalCurrentAssets": "89667000",
            "cashAndShortTermInvestments": "47172000",
            "totalCurrentLiabilities": "39118000",
            "currentDebt": "None",
            "netIncome": "5072000",
            "capitalExpenditures": "1330000",
            "operatingCashflow": "12766000",
            "grossProfit": "31683000",
            "totalRevenue": "45172000",
            "sentiment": 0,
            "surprise": "0",
            "closePrice": "17.6"
        },
        {
            "fiscalDateEnding": "2015-04-30",
            "totalCurrentAssets": "170207000",
            "cashAndShortTermInvestments": "128512000",
            "totalCurrentLiabilities": "39996000",
            "currentDebt": "None",
            "netIncome": "4901000",
            "capitalExpenditures": "935000",
            "operatingCashflow": "11852000",
            "grossProfit": "31041000",
            "totalRevenue": "44424000",
            "sentiment": 0,
            "surprise": "0",
            "closePrice": "15.19"
        },
        {
            "fiscalDateEnding": "2015-01-31",
            "totalCurrentAssets": "157296000",
            "cashAndShortTermInvestments": "118053000",
            "totalCurrentLiabilities": "40736000",
            "currentDebt": "None",
            "netIncome": "3595000",
            "capitalExpenditures": "723000",
            "operatingCashflow": "13089000",
            "grossProfit": "30353000",
            "totalRevenue": "44287000",
            "sentiment": 0,
            "surprise": "0",
            "closePrice": "14.72"
        },
        {
            "fiscalDateEnding": "2014-10-31",
            "totalCurrentAssets": "193132000",
            "cashAndShortTermInvestments": "150276000",
            "totalCurrentLiabilities": "35063000",
            "currentDebt": "None",
            "netIncome": "4157000",
            "capitalExpenditures": "693000",
            "operatingCashflow": "12003000",
            "grossProfit": "29181000",
            "totalRevenue": "43057000",
            "sentiment": 0,
            "surprise": "0",
            "closePrice": "15.19"
        },
        {
            "fiscalDateEnding": "2014-07-31",
            "totalCurrentAssets": "185414000",
            "cashAndShortTermInvestments": "141424000",
            "totalCurrentLiabilities": "37082000",
            "currentDebt": "None",
            "netIncome": "3613000",
            "capitalExpenditures": "743000",
            "operatingCashflow": "15997000",
            "grossProfit": "28860000",
            "totalRevenue": "42680000",
            "sentiment": 0,
            "surprise": "0",
            "closePrice": "14.2"
        },
        {
            "fiscalDateEnding": "2014-04-30",
            "totalCurrentAssets": "111437000",
            "cashAndShortTermInvestments": "62351000",
            "totalCurrentLiabilities": "44460000",
            "currentDebt": "None",
            "netIncome": "3694000",
            "capitalExpenditures": "520000",
            "operatingCashflow": "8389000",
            "grossProfit": "27587000",
            "totalRevenue": "40836000",
            "sentiment": 0,
            "surprise": "0",
            "closePrice": "12.73"
        },
        {
            "fiscalDateEnding": "2014-01-31",
            "totalCurrentAssets": "110229000",
            "cashAndShortTermInvestments": "62705000",
            "totalCurrentLiabilities": "44290000",
            "currentDebt": "None",
            "netIncome": "2882000",
            "capitalExpenditures": "818000",
            "operatingCashflow": "12614000",
            "grossProfit": "27517000",
            "totalRevenue": "40305000",
            "sentiment": 0,
            "surprise": "0.06",
            "closePrice": "14.12"
        },
        {
            "fiscalDateEnding": "2013-10-31",
            "totalCurrentAssets": "96765000",
            "cashAndShortTermInvestments": "49266000",
            "totalCurrentLiabilities": "35093000",
            "currentDebt": "None",
            "netIncome": "2183000",
            "capitalExpenditures": "547000",
            "operatingCashflow": "9235000",
            "grossProfit": "26015000",
            "totalRevenue": "38763000",
            "sentiment": 0,
            "surprise": "-0.01",
            "closePrice": "13.02"
        },
        {
            "fiscalDateEnding": "2013-07-31",
            "totalCurrentAssets": "89280000",
            "cashAndShortTermInvestments": "40918000",
            "totalCurrentLiabilities": "36025000",
            "currentDebt": "None",
            "netIncome": "1740000",
            "capitalExpenditures": "490000",
            "operatingCashflow": "11190000",
            "grossProfit": "25244000",
            "totalRevenue": "38195000",
            "sentiment": 0,
            "surprise": "-0.03",
            "closePrice": "11.28"
        },
        {
            "fiscalDateEnding": "2013-04-30",
            "totalCurrentAssets": "107907000",
            "cashAndShortTermInvestments": "64554000",
            "totalCurrentLiabilities": "30590000",
            "currentDebt": "None",
            "netIncome": "2807000",
            "capitalExpenditures": "530000",
            "operatingCashflow": "9575000",
            "grossProfit": "23475000",
            "totalRevenue": "34031000",
            "sentiment": 0,
            "surprise": "-0.06",
            "closePrice": "11.12"
        },
        {
            "fiscalDateEnding": "2013-01-31",
            "totalCurrentAssets": "80986000",
            "cashAndShortTermInvestments": "37638000",
            "totalCurrentLiabilities": "28160000",
            "currentDebt": "None",
            "netIncome": "7788000",
            "capitalExpenditures": "960000",
            "operatingCashflow": "14135000",
            "grossProfit": "22998000",
            "totalRevenue": "33799000",
            "sentiment": 0,
            "surprise": "0.02",
            "closePrice": "9.53"
        },
        {
            "fiscalDateEnding": "2012-10-31",
            "totalCurrentAssets": "80596000",
            "cashAndShortTermInvestments": "40387000",
            "totalCurrentLiabilities": "23408000",
            "currentDebt": "None",
            "netIncome": "3115000",
            "capitalExpenditures": "869000",
            "operatingCashflow": "5240000",
            "grossProfit": "22253000",
            "totalRevenue": "32685000",
            "sentiment": 0,
            "surprise": "0.01",
            "closePrice": "8.61"
        },
        {
            "fiscalDateEnding": "2012-07-31",
            "totalCurrentAssets": "72874000",
            "cashAndShortTermInvestments": "35520000",
            "totalCurrentLiabilities": "24045000",
            "currentDebt": "None",
            "netIncome": "2487000",
            "capitalExpenditures": "854000",
            "operatingCashflow": "6564000",
            "grossProfit": "19957000",
            "totalRevenue": "30537000",
            "sentiment": 0,
            "surprise": "0.01",
            "closePrice": "8.47"
        },
        {
            "fiscalDateEnding": "2012-04-30",
            "totalCurrentAssets": "109463000",
            "cashAndShortTermInvestments": "69529000",
            "totalCurrentLiabilities": "26047000",
            "currentDebt": "None",
            "netIncome": "2606000",
            "capitalExpenditures": "813000",
            "operatingCashflow": "4352000",
            "grossProfit": "19276000",
            "totalRevenue": "29862000",
            "sentiment": 0,
            "surprise": "0.01",
            "closePrice": "8.23"
        },
        {
            "fiscalDateEnding": "2012-01-31",
            "totalCurrentAssets": "103672000",
            "cashAndShortTermInvestments": "65547000",
            "totalCurrentLiabilities": "25521000",
            "currentDebt": "None",
            "netIncome": "4510000",
            "capitalExpenditures": "1473000",
            "operatingCashflow": "7469000",
            "grossProfit": "19450000",
            "totalRevenue": "29571000",
            "sentiment": 0,
            "surprise": "0",
            "closePrice": "8.55"
        },
        {
            "fiscalDateEnding": "2011-10-31",
            "totalCurrentAssets": "109990000",
            "cashAndShortTermInvestments": "76231000",
            "totalCurrentLiabilities": "23581000",
            "currentDebt": "None",
            "netIncome": "2724000",
            "capitalExpenditures": "1226000",
            "operatingCashflow": "6574000",
            "grossProfit": "19007000",
            "totalRevenue": "28502000",
            "sentiment": 0,
            "surprise": "0",
            "closePrice": "6.87"
        },
        {
            "fiscalDateEnding": "2011-07-31",
            "totalCurrentAssets": "106604000",
            "cashAndShortTermInvestments": "70785000",
            "totalCurrentLiabilities": "25044000",
            "currentDebt": "None",
            "netIncome": "2640000",
            "capitalExpenditures": "734000",
            "operatingCashflow": "4570000",
            "grossProfit": "19058000",
            "totalRevenue": "28841000",
            "sentiment": 0,
            "surprise": "0",
            "closePrice": "6.59"
        },
        {
            "fiscalDateEnding": "2011-04-30",
            "totalCurrentAssets": "110573000",
            "cashAndShortTermInvestments": "76187000",
            "totalCurrentLiabilities": "22331000",
            "currentDebt": "None",
            "netIncome": "2152000",
            "capitalExpenditures": "1301000",
            "operatingCashflow": "5313000",
            "grossProfit": "18162000",
            "totalRevenue": "27076000",
            "sentiment": 0,
            "surprise": "0",
            "closePrice": "6.88"
        },
        {
            "fiscalDateEnding": "2011-01-31",
            "totalCurrentAssets": "101650000",
            "cashAndShortTermInvestments": "69644000",
            "totalCurrentLiabilities": "23182000",
            "currentDebt": "None",
            "netIncome": "7708000",
            "capitalExpenditures": "428000",
            "operatingCashflow": "7258000",
            "grossProfit": "17497000",
            "totalRevenue": "26853000",
            "sentiment": 0,
            "surprise": "0",
            "closePrice": "6.89"
        },
        {
            "fiscalDateEnding": "2010-10-31",
            "totalCurrentAssets": "89980000",
            "cashAndShortTermInvestments": "62800000",
            "totalCurrentLiabilities": "23062000",
            "currentDebt": "None",
            "netIncome": "1616000",
            "capitalExpenditures": "468000",
            "operatingCashflow": "4561000",
            "grossProfit": "17208000",
            "totalRevenue": "25787000",
            "sentiment": 0,
            "surprise": "0",
            "closePrice": "7.0"
        },
        {
            "fiscalDateEnding": "2010-07-31",
            "totalCurrentAssets": "85199000",
            "cashAndShortTermInvestments": "58515000",
            "totalCurrentLiabilities": "25654000",
            "currentDebt": "None",
            "netIncome": "2023000",
            "capitalExpenditures": "365000",
            "operatingCashflow": "6000000",
            "grossProfit": "16696000",
            "totalRevenue": "25249000",
            "sentiment": 0,
            "surprise": "0.01",
            "closePrice": "6.28"
        },
        {
            "fiscalDateEnding": "2010-04-30",
            "totalCurrentAssets": "83222000",
            "cashAndShortTermInvestments": "56083000",
            "totalCurrentLiabilities": "24898000",
            "currentDebt": "None",
            "netIncome": "192000",
            "capitalExpenditures": "395000",
            "operatingCashflow": "2070000",
            "grossProfit": "13899000",
            "totalRevenue": "21286000",
            "sentiment": 0,
            "surprise": "0.01",
            "closePrice": "6.09"
        },
        {
            "fiscalDateEnding": "2010-01-31",
            "totalCurrentAssets": "112453000",
            "cashAndShortTermInvestments": "89554000",
            "totalCurrentLiabilities": "16541000",
            "currentDebt": "None",
            "netIncome": "10342000",
            "capitalExpenditures": "306000",
            "operatingCashflow": "4546000",
            "grossProfit": "12751000",
            "totalRevenue": "18874000",
            "sentiment": 0,
            "surprise": "0",
            "closePrice": "6.43"
        },
        {
            "fiscalDateEnding": "2009-10-31",
            "totalCurrentAssets": "114391000",
            "cashAndShortTermInvestments": "58517000",
            "totalCurrentLiabilities": "17169000",
            "currentDebt": "None",
            "netIncome": "988000",
            "capitalExpenditures": "531000",
            "operatingCashflow": "3235000",
            "grossProfit": "12980000",
            "totalRevenue": "18865000",
            "sentiment": 0,
            "surprise": "0",
            "closePrice": "5.29"
        },
        {
            "fiscalDateEnding": "2009-07-31",
            "totalCurrentAssets": "71610000",
            "cashAndShortTermInvestments": "10899000",
            "totalCurrentLiabilities": "17875000",
            "currentDebt": "None",
            "netIncome": "812000",
            "capitalExpenditures": "498000",
            "operatingCashflow": "4348000",
            "grossProfit": "12633000",
            "totalRevenue": "18610000",
            "sentiment": 0,
            "surprise": "0.03",
            "closePrice": "5.04"
        },
        {
            "fiscalDateEnding": "2009-04-30",
            "totalCurrentAssets": "66783000",
            "cashAndShortTermInvestments": "36862000",
            "totalCurrentLiabilities": "16865000",
            "currentDebt": "None",
            "netIncome": "2208000",
            "capitalExpenditures": "291000",
            "operatingCashflow": "4406000",
            "grossProfit": "12232000",
            "totalRevenue": "17419000",
            "sentiment": 0,
            "surprise": "0.02",
            "closePrice": "3.84"
        },
        {
            "fiscalDateEnding": "2009-01-31",
            "totalCurrentAssets": "74119000",
            "cashAndShortTermInvestments": "47422000",
            "totalCurrentLiabilities": "11370000",
            "currentDebt": "None",
            "netIncome": "15704000",
            "capitalExpenditures": "371000",
            "operatingCashflow": "4776000",
            "grossProfit": "10683000",
            "totalRevenue": "15676000",
            "sentiment": 0,
            "surprise": "0",
            "closePrice": "2.37"
        },
        {
            "fiscalDateEnding": "2008-10-31",
            "totalCurrentAssets": "66959000",
            "cashAndShortTermInvestments": "53523000",
            "totalCurrentLiabilities": "11308000",
            "currentDebt": "None",
            "netIncome": "2319000",
            "capitalExpenditures": "327000",
            "operatingCashflow": "5696000",
            "grossProfit": "11385000",
            "totalRevenue": "16966000",
            "sentiment": 0,
            "surprise": "0.01",
            "closePrice": "2.53"
        },
        {
            "fiscalDateEnding": "2008-07-31",
            "totalCurrentAssets": "66013000",
            "cashAndShortTermInvestments": "50531000",
            "totalCurrentLiabilities": "10373000",
            "currentDebt": "None",
            "netIncome": "1391000",
            "capitalExpenditures": "349000",
            "operatingCashflow": "4777000",
            "grossProfit": "11018000",
            "totalRevenue": "17110000",
            "sentiment": 0,
            "surprise": "0",
            "closePrice": "3.48"
        },
        {
            "fiscalDateEnding": "2008-04-30",
            "totalCurrentAssets": "63707000",
            "cashAndShortTermInvestments": "46880000",
            "totalCurrentLiabilities": "11589000",
            "currentDebt": "None",
            "netIncome": "1054000",
            "capitalExpenditures": "296000",
            "operatingCashflow": "3436000",
            "grossProfit": "10602000",
            "totalRevenue": "16289000",
            "sentiment": 0,
            "surprise": "-0.01",
            "closePrice": "3.86"
        },
        {
            "fiscalDateEnding": "2008-01-31",
            "totalCurrentAssets": "61183000",
            "cashAndShortTermInvestments": "44091000",
            "totalCurrentLiabilities": "12101000",
            "currentDebt": "None",
            "netIncome": "17936000",
            "capitalExpenditures": "404000",
            "operatingCashflow": "2220000",
            "grossProfit": "10266000",
            "totalRevenue": "16011000",
            "sentiment": 0,
            "surprise": "0.01",
            "closePrice": "3.71"
        },
        {
            "fiscalDateEnding": "2007-10-31",
            "totalCurrentAssets": "60989000",
            "cashAndShortTermInvestments": "48258000",
            "totalCurrentLiabilities": "12167000",
            "currentDebt": "None",
            "netIncome": "1697000",
            "capitalExpenditures": "347000",
            "operatingCashflow": "3587000",
            "grossProfit": "9995000",
            "totalRevenue": "15463000",
            "sentiment": 0,
            "surprise": "0.01",
            "closePrice": "4.22"
        },
        {
            "fiscalDateEnding": "2007-07-31",
            "totalCurrentAssets": "62006000",
            "cashAndShortTermInvestments": "49192000",
            "totalCurrentLiabilities": "9339000",
            "currentDebt": "None",
            "netIncome": "1682000",
            "capitalExpenditures": "529000",
            "operatingCashflow": "3748000",
            "grossProfit": "9409000",
            "totalRevenue": "14264000",
            "sentiment": 0,
            "surprise": "0.01",
            "closePrice": "3.98"
        },
        {
            "fiscalDateEnding": "2007-04-30",
            "totalCurrentAssets": "57986000",
            "cashAndShortTermInvestments": "43535000",
            "totalCurrentLiabilities": "8760000",
            "currentDebt": "None",
            "netIncome": "1128000",
            "capitalExpenditures": "488000",
            "operatingCashflow": "2383000",
            "grossProfit": "8716000",
            "totalRevenue": "13288000",
            "sentiment": 0,
            "surprise": "0",
            "closePrice": "4.23"
        },
        {
            "fiscalDateEnding": "2007-01-31",
            "totalCurrentAssets": "32356000",
            "cashAndShortTermInvestments": "19370000",
            "totalCurrentLiabilities": "8585000",
            "currentDebt": "None",
            "netIncome": "1214000",
            "capitalExpenditures": "50000",
            "operatingCashflow": "2738000",
            "grossProfit": "8960000",
            "totalRevenue": "13560000",
            "sentiment": 0,
            "surprise": "0.01",
            "closePrice": "4.21"
        },
        {
            "fiscalDateEnding": "2006-10-31",
            "totalCurrentAssets": "31255000",
            "cashAndShortTermInvestments": "18106000",
            "totalCurrentLiabilities": "8649000",
            "currentDebt": "None",
            "netIncome": "449000",
            "capitalExpenditures": "222000",
            "operatingCashflow": "4179000",
            "grossProfit": "9079000",
            "totalRevenue": "13445000",
            "sentiment": 0,
            "surprise": "0.02",
            "closePrice": "3.91"
        },
        {
            "fiscalDateEnding": "2006-07-31",
            "totalCurrentAssets": "29266000",
            "cashAndShortTermInvestments": "14553000",
            "totalCurrentLiabilities": "9953000",
            "currentDebt": "None",
            "netIncome": "1085000",
            "capitalExpenditures": "664000",
            "operatingCashflow": "-2124000",
            "grossProfit": "8894000",
            "totalRevenue": "13293000",
            "sentiment": 0,
            "surprise": "0.01",
            "closePrice": "4.0"
        },
        {
            "fiscalDateEnding": "2006-04-30",
            "totalCurrentAssets": "49732000",
            "cashAndShortTermInvestments": "35850000",
            "totalCurrentLiabilities": "9980000",
            "currentDebt": "None",
            "netIncome": "1239000",
            "capitalExpenditures": "366000",
            "operatingCashflow": "1992000",
            "grossProfit": "7570000",
            "totalRevenue": "11692000",
            "sentiment": 0,
            "surprise": "0.02",
            "closePrice": "3.84"
        },
        {
            "fiscalDateEnding": "2006-01-31",
            "totalCurrentAssets": "39302000",
            "cashAndShortTermInvestments": "27634000",
            "totalCurrentLiabilities": "8354000",
            "currentDebt": "None",
            "netIncome": "966000",
            "capitalExpenditures": "878000",
            "operatingCashflow": "2783000",
            "grossProfit": "7319000",
            "totalRevenue": "11508000",
            "sentiment": 0,
            "surprise": "0",
            "closePrice": "3.56"
        },
        {
            "fiscalDateEnding": "2005-10-31",
            "totalCurrentAssets": "37893000",
            "cashAndShortTermInvestments": "27256000",
            "totalCurrentLiabilities": "8394000",
            "currentDebt": "None",
            "netIncome": "629000",
            "capitalExpenditures": "167000",
            "operatingCashflow": "3009000",
            "grossProfit": "6964000",
            "totalRevenue": "11487000",
            "sentiment": 0,
            "surprise": "None",
            "closePrice": "2.56"
        },
        {
            "fiscalDateEnding": "2005-07-31",
            "totalCurrentAssets": "36438000",
            "cashAndShortTermInvestments": "24322000",
            "totalCurrentLiabilities": "8574000",
            "currentDebt": "None",
            "netIncome": "929000",
            "capitalExpenditures": "18000",
            "operatingCashflow": "-1177000",
            "grossProfit": "6829000",
            "totalRevenue": "11428000",
            "sentiment": 0,
            "surprise": "None",
            "closePrice": "2.41"
        },
        {
            "fiscalDateEnding": "2005-04-30",
            "totalCurrentAssets": "58184000",
            "cashAndShortTermInvestments": "17220000",
            "totalCurrentLiabilities": "36834000",
            "currentDebt": "None",
            "netIncome": "-959000",
            "capitalExpenditures": "68000",
            "operatingCashflow": "2667000",
            "grossProfit": "6044000",
            "totalRevenue": "11029000",
            "sentiment": 0,
            "surprise": "0.02",
            "closePrice": "2.03"
        },
        {
            "fiscalDateEnding": "2005-01-31",
            "totalCurrentAssets": "58184000",
            "cashAndShortTermInvestments": "17220000",
            "totalCurrentLiabilities": "36834000",
            "currentDebt": "None",
            "netIncome": "-959000",
            "capitalExpenditures": "68000",
            "operatingCashflow": "2667000",
            "grossProfit": "6044000",
            "totalRevenue": "11029000",
            "sentiment": 0,
            "surprise": "0.02",
            "closePrice": "1.94"
        },
        {
            "fiscalDateEnding": "2004-10-31",
            "totalCurrentAssets": "48774000",
            "cashAndShortTermInvestments": "12803000",
            "totalCurrentLiabilities": "38195000",
            "currentDebt": "None",
            "netIncome": "-2730000",
            "capitalExpenditures": "25000",
            "operatingCashflow": "-43000",
            "grossProfit": "6334000",
            "totalRevenue": "11045000",
            "sentiment": 0,
            "surprise": "0.04",
            "closePrice": "1.76"
        },
        {
            "fiscalDateEnding": "2004-07-31",
            "totalCurrentAssets": "51169000",
            "cashAndShortTermInvestments": "11840000",
            "totalCurrentLiabilities": "40001000",
            "currentDebt": "None",
            "netIncome": "-22699000",
            "capitalExpenditures": "96000",
            "operatingCashflow": "-10097000",
            "grossProfit": "5173000",
            "totalRevenue": "11065000",
            "sentiment": 0,
            "surprise": "-0.34",
            "closePrice": "1.06"
        },
        {
            "fiscalDateEnding": "2004-04-30",
            "totalCurrentAssets": "63248000",
            "cashAndShortTermInvestments": "12993000",
            "totalCurrentLiabilities": "11594000",
            "currentDebt": "None",
            "netIncome": "-28943000",
            "capitalExpenditures": "871000",
            "operatingCashflow": "-7565000",
            "grossProfit": "7791000",
            "totalRevenue": "13256000",
            "sentiment": 0,
            "surprise": "-0.45",
            "closePrice": "1.09"
        },
        {
            "fiscalDateEnding": "2004-01-31",
            "totalCurrentAssets": "67355000",
            "cashAndShortTermInvestments": "13187000",
            "totalCurrentLiabilities": "11212000",
            "currentDebt": "None",
            "netIncome": "-10900000",
            "capitalExpenditures": "3504000",
            "operatingCashflow": "-2536000",
            "grossProfit": "9223000",
            "totalRevenue": "14353000",
            "sentiment": 0,
            "surprise": "-0.02",
            "closePrice": "2.2"
        }
    ]
}