{
    "DT": [
        {
            "fiscalDateEnding": "2023-12-31",
            "totalCurrentAssets": "1286662000",
            "cashAndShortTermInvestments": "782649000",
            "totalCurrentLiabilities": "958588000",
            "currentDebt": "None",
            "netIncome": "42691000",
            "capitalExpenditures": "8300000",
            "operatingCashflow": "75657000",
            "grossProfit": "297227000",
            "totalRevenue": "376301000",
            "sentiment": 0.2634436353796085,
            "surprise": "0.04",
            "closePrice": "56.07"
        },
        {
            "fiscalDateEnding": "2023-09-30",
            "totalCurrentAssets": "1101586000",
            "cashAndShortTermInvestments": "701524000",
            "totalCurrentLiabilities": "856366000",
            "currentDebt": "None",
            "netIncome": "35809000",
            "capitalExpenditures": "2750000",
            "operatingCashflow": "36877000",
            "grossProfit": "287333000",
            "totalRevenue": "360709000",
            "sentiment": 0.19978078503094682,
            "surprise": "0.05",
            "closePrice": "45.58"
        },
        {
            "fiscalDateEnding": "2023-06-30",
            "totalCurrentAssets": "1074428000",
            "cashAndShortTermInvestments": "700703000",
            "totalCurrentLiabilities": "899953000",
            "currentDebt": "None",
            "netIncome": "38188000",
            "capitalExpenditures": "10267000",
            "operatingCashflow": "133903000",
            "grossProfit": "270542000",
            "totalRevenue": "340632000",
            "sentiment": 0.23075046685665296,
            "surprise": "0.05",
            "closePrice": "47.85"
        },
        {
            "fiscalDateEnding": "2023-03-31",
            "totalCurrentAssets": "1118184000",
            "cashAndShortTermInvestments": "555348000",
            "totalCurrentLiabilities": "1037043000",
            "currentDebt": "None",
            "netIncome": "80293000",
            "capitalExpenditures": "5915000",
            "operatingCashflow": "120427000",
            "grossProfit": "254910000",
            "totalRevenue": "315075000",
            "sentiment": 0.2747721466855018,
            "surprise": "0.09",
            "closePrice": "47.07"
        },
        {
            "fiscalDateEnding": "2022-12-31",
            "totalCurrentAssets": "830897000",
            "cashAndShortTermInvestments": "422451000",
            "totalCurrentLiabilities": "831017000",
            "currentDebt": "None",
            "netIncome": "15026000",
            "capitalExpenditures": "4388000",
            "operatingCashflow": "61962000",
            "grossProfit": "241632000",
            "totalRevenue": "298056000",
            "sentiment": 0.2802160411152827,
            "surprise": "0.04",
            "closePrice": "44.54"
        },
        {
            "fiscalDateEnding": "2022-09-30",
            "totalCurrentAssets": "851278000",
            "cashAndShortTermInvestments": "563430000",
            "totalCurrentLiabilities": "708913000",
            "currentDebt": "None",
            "netIncome": "10526000",
            "capitalExpenditures": "4331000",
            "operatingCashflow": "29398000",
            "grossProfit": "223622000",
            "totalRevenue": "279826000",
            "sentiment": 0.24257548302782647,
            "surprise": "0.04",
            "closePrice": "32.0"
        },
        {
            "fiscalDateEnding": "2022-06-30",
            "totalCurrentAssets": "859802000",
            "cashAndShortTermInvestments": "571345000",
            "totalCurrentLiabilities": "749380000",
            "currentDebt": "None",
            "netIncome": "2114000",
            "capitalExpenditures": "6906000",
            "operatingCashflow": "143098000",
            "grossProfit": "215475000",
            "totalRevenue": "267873000",
            "sentiment": 0.03858205979604263,
            "surprise": "0",
            "closePrice": "40.43"
        },
        {
            "fiscalDateEnding": "2022-03-31",
            "totalCurrentAssets": "948422000",
            "cashAndShortTermInvestments": "462967000",
            "totalCurrentLiabilities": "865599000",
            "currentDebt": "None",
            "netIncome": "929000",
            "capitalExpenditures": "5927000",
            "operatingCashflow": "88305000",
            "grossProfit": "204669000",
            "totalRevenue": "253185000",
            "sentiment": 0.12010159945795272,
            "surprise": "0.02",
            "closePrice": "33.12"
        },
        {
            "fiscalDateEnding": "2021-12-31",
            "totalCurrentAssets": "812320000",
            "cashAndShortTermInvestments": "408723000",
            "totalCurrentLiabilities": "713155000",
            "currentDebt": "None",
            "netIncome": "14587000",
            "capitalExpenditures": "4156000",
            "operatingCashflow": "60844000",
            "grossProfit": "196306000",
            "totalRevenue": "241566000",
            "sentiment": 0,
            "surprise": "0.02",
            "closePrice": "46.16"
        },
        {
            "fiscalDateEnding": "2021-09-30",
            "totalCurrentAssets": "652710000",
            "cashAndShortTermInvestments": "370319000",
            "totalCurrentLiabilities": "594093000",
            "currentDebt": "None",
            "netIncome": "23641000",
            "capitalExpenditures": "4658000",
            "operatingCashflow": "18296000",
            "grossProfit": "184687000",
            "totalRevenue": "226854000",
            "sentiment": 0,
            "surprise": "0.02",
            "closePrice": "70.03"
        },
        {
            "fiscalDateEnding": "2021-06-30",
            "totalCurrentAssets": "638046000",
            "cashAndShortTermInvestments": "387218000",
            "totalCurrentLiabilities": "598872000",
            "currentDebt": "None",
            "netIncome": "13294000",
            "capitalExpenditures": "2954000",
            "operatingCashflow": "83472000",
            "grossProfit": "170907000",
            "totalRevenue": "210340000",
            "sentiment": 0,
            "surprise": "0.01",
            "closePrice": "62.22"
        },
        {
            "fiscalDateEnding": "2021-03-31",
            "totalCurrentAssets": "680282000",
            "cashAndShortTermInvestments": "324962000",
            "totalCurrentLiabilities": "647911000",
            "currentDebt": "None",
            "netIncome": "26954000",
            "capitalExpenditures": "4763000",
            "operatingCashflow": "85871000",
            "grossProfit": "161169000",
            "totalRevenue": "197104000",
            "sentiment": 0,
            "surprise": "0.01",
            "closePrice": "44.86"
        },
        {
            "fiscalDateEnding": "2020-12-31",
            "totalCurrentAssets": "574504000",
            "cashAndShortTermInvestments": "299505000",
            "totalCurrentLiabilities": "550303000",
            "currentDebt": "None",
            "netIncome": "18416000",
            "capitalExpenditures": "2532000",
            "operatingCashflow": "73716000",
            "grossProfit": "149791000",
            "totalRevenue": "183911000",
            "sentiment": 0,
            "surprise": "0.04",
            "closePrice": "50.12"
        },
        {
            "fiscalDateEnding": "2020-09-30",
            "totalCurrentAssets": "461139000",
            "cashAndShortTermInvestments": "248437000",
            "totalCurrentLiabilities": "451535000",
            "currentDebt": "9311000",
            "netIncome": "17479000",
            "capitalExpenditures": "2035000",
            "operatingCashflow": "23841000",
            "grossProfit": "137875000",
            "totalRevenue": "169686000",
            "sentiment": 0,
            "surprise": "0.08",
            "closePrice": "36.11"
        },
        {
            "fiscalDateEnding": "2020-06-30",
            "totalCurrentAssets": "441936000",
            "cashAndShortTermInvestments": "250377000",
            "totalCurrentLiabilities": "441189000",
            "currentDebt": "9712000",
            "netIncome": "12865000",
            "capitalExpenditures": "4549000",
            "operatingCashflow": "37008000",
            "grossProfit": "126966000",
            "totalRevenue": "156708000",
            "sentiment": 0,
            "surprise": "0.03",
            "closePrice": "41.91"
        },
        {
            "fiscalDateEnding": "2020-03-31",
            "totalCurrentAssets": "487777000",
            "cashAndShortTermInvestments": "213170000",
            "totalCurrentLiabilities": "490183000",
            "currentDebt": "11140000",
            "netIncome": "50909000",
            "capitalExpenditures": "4741000",
            "operatingCashflow": "64641000",
            "grossProfit": "119440000",
            "totalRevenue": "155177000",
            "sentiment": 0,
            "surprise": "0.03",
            "closePrice": "32.4"
        },
        {
            "fiscalDateEnding": "2019-12-31",
            "totalCurrentAssets": "411444000",
            "cashAndShortTermInvestments": "188555000",
            "totalCurrentLiabilities": "449233000",
            "currentDebt": "None",
            "netIncome": "1763000",
            "capitalExpenditures": "5550000",
            "operatingCashflow": "11132000",
            "grossProfit": "114593000",
            "totalRevenue": "143298000",
            "sentiment": 0,
            "surprise": "0.03",
            "closePrice": "31.0"
        },
        {
            "fiscalDateEnding": "2019-09-30",
            "totalCurrentAssets": "355558000",
            "cashAndShortTermInvestments": "211696000",
            "totalCurrentLiabilities": "381093000",
            "currentDebt": "None",
            "netIncome": "-417334000",
            "capitalExpenditures": "5838000",
            "operatingCashflow": "-252395000",
            "grossProfit": "89832000",
            "totalRevenue": "129378000",
            "sentiment": 0,
            "surprise": "0.02",
            "closePrice": "19.76"
        },
        {
            "fiscalDateEnding": "2019-06-30",
            "totalCurrentAssets": "190255000",
            "cashAndShortTermInvestments": "57453000",
            "totalCurrentLiabilities": "938630000",
            "currentDebt": "None",
            "netIncome": "-49155000",
            "capitalExpenditures": "4484000",
            "operatingCashflow": "34167000",
            "grossProfit": "93007000",
            "totalRevenue": "122550000",
            "sentiment": 0,
            "surprise": "0.01",
            "closePrice": "23.98"
        }
    ]
}