{
    "DUOL": [
        {
            "fiscalDateEnding": "2023-12-31",
            "totalCurrentAssets": "897798000",
            "cashAndShortTermInvestments": "747610000",
            "totalCurrentLiabilities": "277362000",
            "currentDebt": "None",
            "netIncome": "12117000",
            "capitalExpenditures": "924000",
            "operatingCashflow": "49193000",
            "grossProfit": "110414000",
            "totalRevenue": "150985000",
            "sentiment": 0.25417042707319076,
            "surprise": "0.09",
            "closePrice": "195.51"
        },
        {
            "fiscalDateEnding": "2023-09-30",
            "totalCurrentAssets": "819105000",
            "cashAndShortTermInvestments": "701737000",
            "totalCurrentLiabilities": "234934000",
            "currentDebt": "None",
            "netIncome": "2807000",
            "capitalExpenditures": "759000",
            "operatingCashflow": "37650000",
            "grossProfit": "101370000",
            "totalRevenue": "137624000",
            "sentiment": 0.26422704156494653,
            "surprise": "0.17",
            "closePrice": "167.27"
        },
        {
            "fiscalDateEnding": "2023-06-30",
            "totalCurrentAssets": "784941000",
            "cashAndShortTermInvestments": "678665000",
            "totalCurrentLiabilities": "217106000",
            "currentDebt": "None",
            "netIncome": "3725000",
            "capitalExpenditures": "827000",
            "operatingCashflow": "37167000",
            "grossProfit": "93051000",
            "totalRevenue": "126839000",
            "sentiment": 0.26319194852065547,
            "surprise": "0.27",
            "closePrice": "136.0"
        },
        {
            "fiscalDateEnding": "2023-03-31",
            "totalCurrentAssets": "741234000",
            "cashAndShortTermInvestments": "641091000",
            "totalCurrentLiabilities": "202813000",
            "currentDebt": "None",
            "netIncome": "-2582000",
            "capitalExpenditures": "681000",
            "operatingCashflow": "29604000",
            "grossProfit": "84169000",
            "totalRevenue": "115661000",
            "sentiment": 0.3013191797777641,
            "surprise": "0.17",
            "closePrice": "134.3"
        },
        {
            "fiscalDateEnding": "2022-12-31",
            "totalCurrentAssets": "697183000",
            "cashAndShortTermInvestments": "608180000",
            "totalCurrentLiabilities": "181766000",
            "currentDebt": "None",
            "netIncome": "-13930000",
            "capitalExpenditures": "-3667000",
            "operatingCashflow": "11608000",
            "grossProfit": "76054000",
            "totalRevenue": "103824000",
            "sentiment": 0.279352618117737,
            "surprise": "0.18",
            "closePrice": "90.79"
        },
        {
            "fiscalDateEnding": "2022-09-30",
            "totalCurrentAssets": "668331000",
            "cashAndShortTermInvestments": "599967000",
            "totalCurrentLiabilities": "155630000",
            "currentDebt": "None",
            "netIncome": "-18445000",
            "capitalExpenditures": "3516000",
            "operatingCashflow": "8759000",
            "grossProfit": "69763000",
            "totalRevenue": "96065000",
            "sentiment": 0.22207811118665816,
            "surprise": "0.09",
            "closePrice": "84.75"
        },
        {
            "fiscalDateEnding": "2022-06-30",
            "totalCurrentAssets": "655150000",
            "cashAndShortTermInvestments": "591160000",
            "totalCurrentLiabilities": "147326000",
            "currentDebt": "None",
            "netIncome": "-15045000",
            "capitalExpenditures": "3269000",
            "operatingCashflow": "12662000",
            "grossProfit": "64517000",
            "totalRevenue": "88386000",
            "sentiment": 0.09461784670788291,
            "surprise": "0.14",
            "closePrice": "98.68"
        },
        {
            "fiscalDateEnding": "2022-03-31",
            "totalCurrentAssets": "640635000",
            "cashAndShortTermInvestments": "577331000",
            "totalCurrentLiabilities": "135775000",
            "currentDebt": "None",
            "netIncome": "-12154000",
            "capitalExpenditures": "2444000",
            "operatingCashflow": "20627000",
            "grossProfit": "59730000",
            "totalRevenue": "81220000",
            "sentiment": 0.02743770830857374,
            "surprise": "0.26",
            "closePrice": "66.98"
        },
        {
            "fiscalDateEnding": "2021-12-31",
            "totalCurrentAssets": "619271000",
            "cashAndShortTermInvestments": "553922000",
            "totalCurrentLiabilities": "119131000",
            "currentDebt": "None",
            "netIncome": "-17517000",
            "capitalExpenditures": "1108000",
            "operatingCashflow": "432000",
            "grossProfit": "53062000",
            "totalRevenue": "73014000",
            "sentiment": 0,
            "surprise": "0.22",
            "closePrice": "71.38"
        },
        {
            "fiscalDateEnding": "2021-09-30",
            "totalCurrentAssets": "596344000",
            "cashAndShortTermInvestments": "549440000",
            "totalCurrentLiabilities": "98645000",
            "currentDebt": "None",
            "netIncome": "-28970000",
            "capitalExpenditures": "1464000",
            "operatingCashflow": "4511000",
            "grossProfit": "45517000",
            "totalRevenue": "63595000",
            "sentiment": 0,
            "surprise": "-0.02",
            "closePrice": "148.06"
        },
        {
            "fiscalDateEnding": "2021-06-30",
            "totalCurrentAssets": "162568000",
            "cashAndShortTermInvestments": "114636000",
            "totalCurrentLiabilities": "85051000",
            "currentDebt": "None",
            "netIncome": "-176000",
            "capitalExpenditures": "1856000",
            "operatingCashflow": "-896000",
            "grossProfit": "42666000",
            "totalRevenue": "58803000",
            "sentiment": 0,
            "surprise": "None",
            "closePrice": "135.96"
        }
    ]
}