{
    "DV": [
        {
            "fiscalDateEnding": "2023-12-31",
            "totalCurrentAssets": "533002000",
            "cashAndShortTermInvestments": "310131000",
            "totalCurrentLiabilities": "83855000",
            "currentDebt": "2934000",
            "netIncome": "33105000",
            "capitalExpenditures": "4700000",
            "operatingCashflow": "52055000",
            "grossProfit": "69639000",
            "totalRevenue": "171662000",
            "sentiment": 0.14060999399517657,
            "surprise": "0.05",
            "closePrice": "39.24"
        },
        {
            "fiscalDateEnding": "2023-09-30",
            "totalCurrentAssets": "469358000",
            "cashAndShortTermInvestments": "259212000",
            "totalCurrentLiabilities": "74750000",
            "currentDebt": "3101000",
            "netIncome": "13347000",
            "capitalExpenditures": "4638000",
            "operatingCashflow": "35522000",
            "grossProfit": "50529000",
            "totalRevenue": "143952000",
            "sentiment": 0.17801592774328714,
            "surprise": "0.02",
            "closePrice": "28.97"
        },
        {
            "fiscalDateEnding": "2023-06-30",
            "totalCurrentAssets": "492159000",
            "cashAndShortTermInvestments": "295437000",
            "totalCurrentLiabilities": "66248000",
            "currentDebt": "3139000",
            "netIncome": "12839000",
            "capitalExpenditures": "3572000",
            "operatingCashflow": "10738000",
            "grossProfit": "46605000",
            "totalRevenue": "133764000",
            "sentiment": 0.18449767141518975,
            "surprise": "0.01",
            "closePrice": "42.1"
        },
        {
            "fiscalDateEnding": "2023-03-31",
            "totalCurrentAssets": "476695000",
            "cashAndShortTermInvestments": "285738000",
            "totalCurrentLiabilities": "76010000",
            "currentDebt": "1615000",
            "netIncome": "12175000",
            "capitalExpenditures": "4099000",
            "operatingCashflow": "21426000",
            "grossProfit": "43770000",
            "totalRevenue": "122605000",
            "sentiment": 0.2840549175309764,
            "surprise": "0.03",
            "closePrice": "27.89"
        },
        {
            "fiscalDateEnding": "2022-12-31",
            "totalCurrentAssets": "445096000",
            "cashAndShortTermInvestments": "267813000",
            "totalCurrentLiabilities": "68910000",
            "currentDebt": "1846000",
            "netIncome": "18068000",
            "capitalExpenditures": "12262000",
            "operatingCashflow": "36501000",
            "grossProfit": "54042000",
            "totalRevenue": "132702000",
            "sentiment": 0.20038570883505413,
            "surprise": "-0.01",
            "closePrice": "26.01"
        },
        {
            "fiscalDateEnding": "2022-09-30",
            "totalCurrentAssets": "405346000",
            "cashAndShortTermInvestments": "242687000",
            "totalCurrentLiabilities": "57863000",
            "currentDebt": "2144000",
            "netIncome": "10331000",
            "capitalExpenditures": "14113000",
            "operatingCashflow": "31812000",
            "grossProfit": "38370000",
            "totalRevenue": "112295000",
            "sentiment": 0.1880308128038759,
            "surprise": "0.01",
            "closePrice": "23.44"
        },
        {
            "fiscalDateEnding": "2022-06-30",
            "totalCurrentAssets": "386514000",
            "cashAndShortTermInvestments": "223738000",
            "totalCurrentLiabilities": "47984000",
            "currentDebt": "2045000",
            "netIncome": "10290000",
            "capitalExpenditures": "8847000",
            "operatingCashflow": "28798000",
            "grossProfit": "35356000",
            "totalRevenue": "108771000",
            "sentiment": 0.06782303074820024,
            "surprise": "0.02",
            "closePrice": "23.87"
        },
        {
            "fiscalDateEnding": "2022-03-31",
            "totalCurrentAssets": "370609000",
            "cashAndShortTermInvestments": "211600000",
            "totalCurrentLiabilities": "44688000",
            "currentDebt": "2027000",
            "netIncome": "4579000",
            "capitalExpenditures": "4759000",
            "operatingCashflow": "-2249000",
            "grossProfit": "24461000",
            "totalRevenue": "96737000",
            "sentiment": 0.11699311006167129,
            "surprise": "0.01",
            "closePrice": "18.28"
        },
        {
            "fiscalDateEnding": "2021-12-31",
            "totalCurrentAssets": "367824000",
            "cashAndShortTermInvestments": "221591000",
            "totalCurrentLiabilities": "57033000",
            "currentDebt": "1970000",
            "netIncome": "28308000",
            "capitalExpenditures": "3898000",
            "operatingCashflow": "24315000",
            "grossProfit": "33189000",
            "totalRevenue": "105660000",
            "sentiment": 0,
            "surprise": "0.03",
            "closePrice": "23.62"
        },
        {
            "fiscalDateEnding": "2021-09-30",
            "totalCurrentAssets": "424660000",
            "cashAndShortTermInvestments": "319825000",
            "totalCurrentLiabilities": "37615000",
            "currentDebt": "None",
            "netIncome": "7924000",
            "capitalExpenditures": "1986000",
            "operatingCashflow": "16206000",
            "grossProfit": "27918000",
            "totalRevenue": "82849000",
            "sentiment": 0,
            "surprise": "-0.01",
            "closePrice": "34.24"
        },
        {
            "fiscalDateEnding": "2021-06-30",
            "totalCurrentAssets": "430016000",
            "cashAndShortTermInvestments": "330355000",
            "totalCurrentLiabilities": "36091000",
            "currentDebt": "None",
            "netIncome": "-12568000",
            "capitalExpenditures": "1598000",
            "operatingCashflow": "22764000",
            "grossProfit": "4899000",
            "totalRevenue": "76227000",
            "sentiment": 0,
            "surprise": "-0.07",
            "closePrice": "35.9"
        },
        {
            "fiscalDateEnding": "2021-03-31",
            "totalCurrentAssets": "148681000",
            "cashAndShortTermInvestments": "49815000",
            "totalCurrentLiabilities": "30680000",
            "currentDebt": "None",
            "netIncome": "5644000",
            "capitalExpenditures": "1915000",
            "operatingCashflow": "19464000",
            "grossProfit": "22891000",
            "totalRevenue": "67520000",
            "sentiment": 0,
            "surprise": "-0.02",
            "closePrice": "34.8"
        }
    ]
}