{
    "ENPH": [
        {
            "fiscalDateEnding": "2023-12-31",
            "totalCurrentAssets": "2443518000",
            "cashAndShortTermInvestments": "1695034000",
            "totalCurrentLiabilities": "532449000",
            "currentDebt": "None",
            "netIncome": "20919000",
            "capitalExpenditures": "20075000",
            "operatingCashflow": "35450000",
            "grossProfit": "146662000",
            "totalRevenue": "302570000",
            "sentiment": 0.12468594878423583,
            "surprise": "-0.01",
            "closePrice": "100.51"
        },
        {
            "fiscalDateEnding": "2023-09-30",
            "totalCurrentAssets": "2598630000",
            "cashAndShortTermInvestments": "1783884000",
            "totalCurrentLiabilities": "774387000",
            "currentDebt": "94665000",
            "netIncome": "113953000",
            "capitalExpenditures": "23848000",
            "operatingCashflow": "145855000",
            "grossProfit": "262013000",
            "totalRevenue": "551082000",
            "sentiment": 0.15937829547956237,
            "surprise": "0.01",
            "closePrice": "96.18"
        },
        {
            "fiscalDateEnding": "2023-06-30",
            "totalCurrentAssets": "2560789000",
            "cashAndShortTermInvestments": "1800492000",
            "totalCurrentLiabilities": "743605000",
            "currentDebt": "93383000",
            "netIncome": "157191000",
            "capitalExpenditures": "44002000",
            "operatingCashflow": "269243000",
            "grossProfit": "323342000",
            "totalRevenue": "711118000",
            "sentiment": 0.14751442920981148,
            "surprise": "0.22",
            "closePrice": "166.8"
        },
        {
            "fiscalDateEnding": "2023-03-31",
            "totalCurrentAssets": "2512633000",
            "cashAndShortTermInvestments": "1778397000",
            "totalCurrentLiabilities": "729289000",
            "currentDebt": "92115000",
            "netIncome": "146873000",
            "capitalExpenditures": "22476000",
            "operatingCashflow": "246232000",
            "grossProfit": "326371000",
            "totalRevenue": "726016000",
            "sentiment": 0.23886641559308142,
            "surprise": "0.16",
            "closePrice": "220.6"
        },
        {
            "fiscalDateEnding": "2022-12-31",
            "totalCurrentAssets": "2264271000",
            "cashAndShortTermInvestments": "1612843000",
            "totalCurrentLiabilities": "638219000",
            "currentDebt": "90892000",
            "netIncome": "153753000",
            "capitalExpenditures": "16429000",
            "operatingCashflow": "253714000",
            "grossProfit": "310701000",
            "totalRevenue": "724652000",
            "sentiment": 0.2574631490301556,
            "surprise": "0.26",
            "closePrice": "228.46"
        },
        {
            "fiscalDateEnding": "2022-09-30",
            "totalCurrentAssets": "1982664000",
            "cashAndShortTermInvestments": "1417296000",
            "totalCurrentLiabilities": "550236000",
            "currentDebt": "89654000",
            "netIncome": "114812000",
            "capitalExpenditures": "8948000",
            "operatingCashflow": "188010000",
            "grossProfit": "267916000",
            "totalRevenue": "634713000",
            "sentiment": 0.2430449137263909,
            "surprise": "0.17",
            "closePrice": "265.59"
        },
        {
            "fiscalDateEnding": "2022-06-30",
            "totalCurrentAssets": "1735992000",
            "cashAndShortTermInvestments": "1247801000",
            "totalCurrentLiabilities": "480010000",
            "currentDebt": "88429000",
            "netIncome": "76976000",
            "capitalExpenditures": "8691000",
            "operatingCashflow": "200650000",
            "grossProfit": "219005000",
            "totalRevenue": "530196000",
            "sentiment": 0.029345504551995034,
            "surprise": "0.23",
            "closePrice": "216.1"
        },
        {
            "fiscalDateEnding": "2022-03-31",
            "totalCurrentAssets": "1558783000",
            "cashAndShortTermInvestments": "1063471000",
            "totalCurrentLiabilities": "453756000",
            "currentDebt": "87219000",
            "netIncome": "51821000",
            "capitalExpenditures": "12375000",
            "operatingCashflow": "102443000",
            "grossProfit": "176973000",
            "totalRevenue": "441292000",
            "sentiment": 0.05194511384079287,
            "surprise": "0.12",
            "closePrice": "153.83"
        },
        {
            "fiscalDateEnding": "2021-12-31",
            "totalCurrentAssets": "1462461000",
            "cashAndShortTermInvestments": "1016651000",
            "totalCurrentLiabilities": "439796000",
            "currentDebt": "86052000",
            "netIncome": "52591000",
            "capitalExpenditures": "13208000",
            "operatingCashflow": "97173000",
            "grossProfit": "163314000",
            "totalRevenue": "412719000",
            "sentiment": 0,
            "surprise": "0.15",
            "closePrice": "144.5"
        },
        {
            "fiscalDateEnding": "2021-09-30",
            "totalCurrentAssets": "1768081000",
            "cashAndShortTermInvestments": "1394123000",
            "totalCurrentLiabilities": "393455000",
            "currentDebt": "86039000",
            "netIncome": "21809000",
            "capitalExpenditures": "12932000",
            "operatingCashflow": "113354000",
            "grossProfit": "140358000",
            "totalRevenue": "351519000",
            "sentiment": 0,
            "surprise": "0.12",
            "closePrice": "173.46"
        },
        {
            "fiscalDateEnding": "2021-06-30",
            "totalCurrentAssets": "1665919000",
            "cashAndShortTermInvestments": "1312261000",
            "totalCurrentLiabilities": "356593000",
            "currentDebt": "85125000",
            "netIncome": "39351000",
            "capitalExpenditures": "16428000",
            "operatingCashflow": "65660000",
            "grossProfit": "127801000",
            "totalRevenue": "316057000",
            "sentiment": 0,
            "surprise": "0.1",
            "closePrice": "172.86"
        },
        {
            "fiscalDateEnding": "2021-03-31",
            "totalCurrentAssets": "1791362000",
            "cashAndShortTermInvestments": "1489010000",
            "totalCurrentLiabilities": "344473000",
            "currentDebt": "84356000",
            "netIncome": "31698000",
            "capitalExpenditures": "9940000",
            "operatingCashflow": "75841000",
            "grossProfit": "122949000",
            "totalRevenue": "301754000",
            "sentiment": 0,
            "surprise": "0.11",
            "closePrice": "171.1"
        },
        {
            "fiscalDateEnding": "2020-12-31",
            "totalCurrentAssets": "933064000",
            "cashAndShortTermInvestments": "679379000",
            "totalCurrentLiabilities": "534043000",
            "currentDebt": "325967000",
            "netIncome": "72991000",
            "capitalExpenditures": "8851000",
            "operatingCashflow": "84180000",
            "grossProfit": "121938000",
            "totalRevenue": "264839000",
            "sentiment": 0,
            "surprise": "0.11",
            "closePrice": "200.1"
        },
        {
            "fiscalDateEnding": "2020-09-30",
            "totalCurrentAssets": "850234000",
            "cashAndShortTermInvestments": "661792000",
            "totalCurrentLiabilities": "256519000",
            "currentDebt": "103670000",
            "netIncome": "39362000",
            "capitalExpenditures": "3903000",
            "operatingCashflow": "67501000",
            "grossProfit": "94981000",
            "totalRevenue": "178503000",
            "sentiment": 0,
            "surprise": "0.06",
            "closePrice": "98.63"
        },
        {
            "fiscalDateEnding": "2020-06-30",
            "totalCurrentAssets": "757201000",
            "cashAndShortTermInvestments": "607254000",
            "totalCurrentLiabilities": "223523000",
            "currentDebt": "102271000",
            "netIncome": "-47294000",
            "capitalExpenditures": "4451000",
            "operatingCashflow": "25431000",
            "grossProfit": "48387000",
            "totalRevenue": "125538000",
            "sentiment": 0,
            "surprise": "0.03",
            "closePrice": "68.95"
        },
        {
            "fiscalDateEnding": "2020-03-31",
            "totalCurrentAssets": "751697000",
            "cashAndShortTermInvestments": "549144000",
            "totalCurrentLiabilities": "233622000",
            "currentDebt": "104078000",
            "netIncome": "68936000",
            "capitalExpenditures": "3353000",
            "operatingCashflow": "39222000",
            "grossProfit": "80675000",
            "totalRevenue": "205545000",
            "sentiment": 0,
            "surprise": "0.06",
            "closePrice": "44.37"
        },
        {
            "fiscalDateEnding": "2019-12-31",
            "totalCurrentAssets": "499657000",
            "cashAndShortTermInvestments": "251409000",
            "totalCurrentLiabilities": "199311000",
            "currentDebt": "6054000",
            "netIncome": "116666000",
            "capitalExpenditures": "7420000",
            "operatingCashflow": "102271000",
            "grossProfit": "77881000",
            "totalRevenue": "210032000",
            "sentiment": 0,
            "surprise": "0.06",
            "closePrice": "40.17"
        },
        {
            "fiscalDateEnding": "2019-09-30",
            "totalCurrentAssets": "391517000",
            "cashAndShortTermInvestments": "203046000",
            "totalCurrentLiabilities": "146819000",
            "currentDebt": "6151000",
            "netIncome": "31099000",
            "capitalExpenditures": "4192000",
            "operatingCashflow": "4961000",
            "grossProfit": "64706000",
            "totalRevenue": "180057000",
            "sentiment": 0,
            "surprise": "0.05",
            "closePrice": "25.19"
        },
        {
            "fiscalDateEnding": "2019-06-30",
            "totalCurrentAssets": "349851000",
            "cashAndShortTermInvestments": "205959000",
            "totalCurrentLiabilities": "143613000",
            "currentDebt": "6050000",
            "netIncome": "10618000",
            "capitalExpenditures": "2518000",
            "operatingCashflow": "14772000",
            "grossProfit": "45319000",
            "totalRevenue": "134094000",
            "sentiment": 0,
            "surprise": "0.05",
            "closePrice": "21.65"
        },
        {
            "fiscalDateEnding": "2019-03-31",
            "totalCurrentAssets": "195442000",
            "cashAndShortTermInvestments": "78087000",
            "totalCurrentLiabilities": "128746000",
            "currentDebt": "2985000",
            "netIncome": "2765000",
            "capitalExpenditures": "658000",
            "operatingCashflow": "17063000",
            "grossProfit": "33339000",
            "totalRevenue": "100150000",
            "sentiment": 0,
            "surprise": "0.03",
            "closePrice": "10.04"
        },
        {
            "fiscalDateEnding": "2018-12-31",
            "totalCurrentAssets": "222302000",
            "cashAndShortTermInvestments": "106237000",
            "totalCurrentLiabilities": "147161000",
            "currentDebt": "28155000",
            "netIncome": "709000",
            "capitalExpenditures": "1767000",
            "operatingCashflow": "1875000",
            "grossProfit": "28165000",
            "totalRevenue": "92289000",
            "sentiment": 0,
            "surprise": "-0.02",
            "closePrice": "8.09"
        },
        {
            "fiscalDateEnding": "2018-09-30",
            "totalCurrentAssets": "209798000",
            "cashAndShortTermInvestments": "116164000",
            "totalCurrentLiabilities": "134922000",
            "currentDebt": "24125000",
            "netIncome": "-3470000",
            "capitalExpenditures": "909000",
            "operatingCashflow": "6816000",
            "grossProfit": "25264000",
            "totalRevenue": "78002000",
            "sentiment": 0,
            "surprise": "0",
            "closePrice": "5.15"
        },
        {
            "fiscalDateEnding": "2018-06-30",
            "totalCurrentAssets": "155379000",
            "cashAndShortTermInvestments": "58471000",
            "totalCurrentLiabilities": "114648000",
            "currentDebt": "18429000",
            "netIncome": "-3738000",
            "capitalExpenditures": "432000",
            "operatingCashflow": "4080000",
            "grossProfit": "22701000",
            "totalRevenue": "75896000",
            "sentiment": 0,
            "surprise": "0.01",
            "closePrice": "5.95"
        },
        {
            "fiscalDateEnding": "2018-03-31",
            "totalCurrentAssets": "147853000",
            "cashAndShortTermInvestments": "53255000",
            "totalCurrentLiabilities": "103685000",
            "currentDebt": "14268000",
            "netIncome": "-5128000",
            "capitalExpenditures": "1043000",
            "operatingCashflow": "3361000",
            "grossProfit": "18315000",
            "totalRevenue": "69972000",
            "sentiment": 0,
            "surprise": "0.02",
            "closePrice": "4.06"
        },
        {
            "fiscalDateEnding": "2017-12-31",
            "totalCurrentAssets": "130446000",
            "cashAndShortTermInvestments": "29144000",
            "totalCurrentLiabilities": "91741000",
            "currentDebt": "17429000",
            "netIncome": "-2940000",
            "capitalExpenditures": "512000",
            "operatingCashflow": "-1914000",
            "grossProfit": "18989000",
            "totalRevenue": "79674000",
            "sentiment": 0,
            "surprise": "0.02",
            "closePrice": "2.79"
        },
        {
            "fiscalDateEnding": "2017-09-30",
            "totalCurrentAssets": "136317000",
            "cashAndShortTermInvestments": "28878000",
            "totalCurrentLiabilities": "85489000",
            "currentDebt": "10552000",
            "netIncome": "-6854000",
            "capitalExpenditures": "94000",
            "operatingCashflow": "-2203000",
            "grossProfit": "16461000",
            "totalRevenue": "77038000",
            "sentiment": 0,
            "surprise": "0.04",
            "closePrice": "1.46"
        },
        {
            "fiscalDateEnding": "2017-06-30",
            "totalCurrentAssets": "121502000",
            "cashAndShortTermInvestments": "30953000",
            "totalCurrentLiabilities": "63345000",
            "currentDebt": "5951000",
            "netIncome": "-12093000",
            "capitalExpenditures": "49000",
            "operatingCashflow": "186000",
            "grossProfit": "13547000",
            "totalRevenue": "74704000",
            "sentiment": 0,
            "surprise": "-0.01",
            "closePrice": "0.89"
        },
        {
            "fiscalDateEnding": "2017-03-31",
            "totalCurrentAssets": "122799000",
            "cashAndShortTermInvestments": "29955000",
            "totalCurrentLiabilities": "54629000",
            "currentDebt": "1497000",
            "netIncome": "-23305000",
            "capitalExpenditures": "3466000",
            "operatingCashflow": "-24511000",
            "grossProfit": "7048000",
            "totalRevenue": "54751000",
            "sentiment": 0,
            "surprise": "-0.04",
            "closePrice": "1.15"
        },
        {
            "fiscalDateEnding": "2016-12-31",
            "totalCurrentAssets": "117864000",
            "cashAndShortTermInvestments": "17764000",
            "totalCurrentLiabilities": "82772000",
            "currentDebt": "3032000",
            "netIncome": "-13188000",
            "capitalExpenditures": "2560000",
            "operatingCashflow": "-4365000",
            "grossProfit": "16234000",
            "totalRevenue": "90601000",
            "sentiment": 0,
            "surprise": "-0.03",
            "closePrice": "1.79"
        },
        {
            "fiscalDateEnding": "2016-09-30",
            "totalCurrentAssets": "129882000",
            "cashAndShortTermInvestments": "24112000",
            "totalCurrentLiabilities": "85568000",
            "currentDebt": "1197000",
            "netIncome": "-18756000",
            "capitalExpenditures": "2097000",
            "operatingCashflow": "-20597000",
            "grossProfit": "15879000",
            "totalRevenue": "88684000",
            "sentiment": 0,
            "surprise": "-0.04",
            "closePrice": "1.01"
        },
        {
            "fiscalDateEnding": "2016-06-30",
            "totalCurrentAssets": "104436000",
            "cashAndShortTermInvestments": "8243000",
            "totalCurrentLiabilities": "84617000",
            "currentDebt": "12450000",
            "netIncome": "-16723000",
            "capitalExpenditures": "4840000",
            "operatingCashflow": "7258000",
            "grossProfit": "14136000",
            "totalRevenue": "79185000",
            "sentiment": 0,
            "surprise": "-0.03",
            "closePrice": "1.79"
        },
        {
            "fiscalDateEnding": "2016-03-31",
            "totalCurrentAssets": "112885000",
            "cashAndShortTermInvestments": "13016000",
            "totalCurrentLiabilities": "79946000",
            "currentDebt": "20000000",
            "netIncome": "-18795000",
            "capitalExpenditures": "3348000",
            "operatingCashflow": "-15249000",
            "grossProfit": "11760000",
            "totalRevenue": "64121000",
            "sentiment": 0,
            "surprise": "-0.03",
            "closePrice": "2.46"
        },
        {
            "fiscalDateEnding": "2015-12-31",
            "totalCurrentAssets": "121768000",
            "cashAndShortTermInvestments": "28452000",
            "totalCurrentLiabilities": "72848000",
            "currentDebt": "17000000",
            "netIncome": "-15783000",
            "capitalExpenditures": "3080000",
            "operatingCashflow": "8149000",
            "grossProfit": "15700000",
            "totalRevenue": "65629000",
            "sentiment": 0,
            "surprise": "-0.03",
            "closePrice": "2.35"
        },
        {
            "fiscalDateEnding": "2015-09-30",
            "totalCurrentAssets": "141610000",
            "cashAndShortTermInvestments": "22491000",
            "totalCurrentLiabilities": "79139000",
            "currentDebt": "17000000",
            "netIncome": "624000",
            "capitalExpenditures": "3422000",
            "operatingCashflow": "-6038000",
            "grossProfit": "31466000",
            "totalRevenue": "102874000",
            "sentiment": 0,
            "surprise": "0.05",
            "closePrice": "3.72"
        },
        {
            "fiscalDateEnding": "2015-06-30",
            "totalCurrentAssets": "141332000",
            "cashAndShortTermInvestments": "31887000",
            "totalCurrentLiabilities": "83688000",
            "currentDebt": "17000000",
            "netIncome": "-603000",
            "capitalExpenditures": "2649000",
            "operatingCashflow": "-11773000",
            "grossProfit": "33027000",
            "totalRevenue": "102093000",
            "sentiment": 0,
            "surprise": "0.05",
            "closePrice": "5.64"
        },
        {
            "fiscalDateEnding": "2015-03-31",
            "totalCurrentAssets": "114830000",
            "cashAndShortTermInvestments": "27127000",
            "totalCurrentLiabilities": "62292000",
            "currentDebt": "None",
            "netIncome": "-6320000",
            "capitalExpenditures": "3611000",
            "operatingCashflow": "-11498000",
            "grossProfit": "28024000",
            "totalRevenue": "86653000",
            "sentiment": 0,
            "surprise": "0.01",
            "closePrice": "12.11"
        },
        {
            "fiscalDateEnding": "2014-12-31",
            "totalCurrentAssets": "114896000",
            "cashAndShortTermInvestments": "42032000",
            "totalCurrentLiabilities": "58706000",
            "currentDebt": "None",
            "netIncome": "402000",
            "capitalExpenditures": "4163000",
            "operatingCashflow": "8880000",
            "grossProfit": "35035000",
            "totalRevenue": "105207000",
            "sentiment": 0,
            "surprise": "0.04",
            "closePrice": "13.92"
        },
        {
            "fiscalDateEnding": "2014-09-30",
            "totalCurrentAssets": "114489000",
            "cashAndShortTermInvestments": "44537000",
            "totalCurrentLiabilities": "57953000",
            "currentDebt": "2888000",
            "netIncome": "813000",
            "capitalExpenditures": "5503000",
            "operatingCashflow": "11208000",
            "grossProfit": "32521000",
            "totalRevenue": "99113000",
            "sentiment": 0,
            "surprise": "0.01",
            "closePrice": "15.6"
        },
        {
            "fiscalDateEnding": "2014-06-30",
            "totalCurrentAssets": "105470000",
            "cashAndShortTermInvestments": "37621000",
            "totalCurrentLiabilities": "51956000",
            "currentDebt": "2805000",
            "netIncome": "-3031000",
            "capitalExpenditures": "2161000",
            "operatingCashflow": "-147000",
            "grossProfit": "26832000",
            "totalRevenue": "82004000",
            "sentiment": 0,
            "surprise": "0.01",
            "closePrice": "9.7"
        },
        {
            "fiscalDateEnding": "2014-03-31",
            "totalCurrentAssets": "86781000",
            "cashAndShortTermInvestments": "39935000",
            "totalCurrentLiabilities": "34095000",
            "currentDebt": "3370000",
            "netIncome": "-6236000",
            "capitalExpenditures": "2172000",
            "operatingCashflow": "4281000",
            "grossProfit": "18655000",
            "totalRevenue": "57580000",
            "sentiment": 0,
            "surprise": "0.03",
            "closePrice": "6.95"
        },
        {
            "fiscalDateEnding": "2013-12-31",
            "totalCurrentAssets": "90509000",
            "cashAndShortTermInvestments": "38190000",
            "totalCurrentLiabilities": "33365000",
            "currentDebt": "3507000",
            "netIncome": "-2810000",
            "capitalExpenditures": "1371000",
            "operatingCashflow": "7579000",
            "grossProfit": "21496000",
            "totalRevenue": "67056000",
            "sentiment": 0,
            "surprise": "0.01",
            "closePrice": "7.58"
        },
        {
            "fiscalDateEnding": "2013-09-30",
            "totalCurrentAssets": "94067000",
            "cashAndShortTermInvestments": "31778000",
            "totalCurrentLiabilities": "42424000",
            "currentDebt": "3432000",
            "netIncome": "-6301000",
            "capitalExpenditures": "1419000",
            "operatingCashflow": "-489000",
            "grossProfit": "17435000",
            "totalRevenue": "62046000",
            "sentiment": 0,
            "surprise": "0",
            "closePrice": "8.25"
        },
        {
            "fiscalDateEnding": "2013-06-30",
            "totalCurrentAssets": "86694000",
            "cashAndShortTermInvestments": "33976000",
            "totalCurrentLiabilities": "33983000",
            "currentDebt": "3365000",
            "netIncome": "-6396000",
            "capitalExpenditures": "1785000",
            "operatingCashflow": "-990000",
            "grossProfit": "16284000",
            "totalRevenue": "58167000",
            "sentiment": 0,
            "surprise": "0.01",
            "closePrice": "6.06"
        },
        {
            "fiscalDateEnding": "2013-03-31",
            "totalCurrentAssets": "86143000",
            "cashAndShortTermInvestments": "36434000",
            "totalCurrentLiabilities": "31086000",
            "currentDebt": "2440000",
            "netIncome": "-10406000",
            "capitalExpenditures": "1682000",
            "operatingCashflow": "-6972000",
            "grossProfit": "12201000",
            "totalRevenue": "45577000",
            "sentiment": 0,
            "surprise": "0.02",
            "closePrice": "7.63"
        },
        {
            "fiscalDateEnding": "2012-12-31",
            "totalCurrentAssets": "94998000",
            "cashAndShortTermInvestments": "45294000",
            "totalCurrentLiabilities": "33855000",
            "currentDebt": "2384000",
            "netIncome": "-7742000",
            "capitalExpenditures": "1936000",
            "operatingCashflow": "7629000",
            "grossProfit": "16056000",
            "totalRevenue": "57568000",
            "sentiment": 0,
            "surprise": "0.07",
            "closePrice": "5.05"
        },
        {
            "fiscalDateEnding": "2012-09-30",
            "totalCurrentAssets": "98131000",
            "cashAndShortTermInvestments": "41717000",
            "totalCurrentLiabilities": "38141000",
            "currentDebt": "None",
            "netIncome": "-8907000",
            "capitalExpenditures": "3041000",
            "operatingCashflow": "-20429000",
            "grossProfit": "16324000",
            "totalRevenue": "60813000",
            "sentiment": 0,
            "surprise": "0.02",
            "closePrice": "3.28"
        },
        {
            "fiscalDateEnding": "2012-06-30",
            "totalCurrentAssets": "110477000",
            "cashAndShortTermInvestments": "66969000",
            "totalCurrentLiabilities": "45166000",
            "currentDebt": "None",
            "netIncome": "-11385000",
            "capitalExpenditures": "3408000",
            "operatingCashflow": "-17774000",
            "grossProfit": "13601000",
            "totalRevenue": "55697000",
            "sentiment": 0,
            "surprise": "0.13",
            "closePrice": "6.67"
        },
        {
            "fiscalDateEnding": "2012-03-31",
            "totalCurrentAssets": "73319000",
            "cashAndShortTermInvestments": "31903000",
            "totalCurrentLiabilities": "58155000",
            "currentDebt": "5437000",
            "netIncome": "-10184000",
            "capitalExpenditures": "4605000",
            "operatingCashflow": "-14071000",
            "grossProfit": "9307000",
            "totalRevenue": "42600000",
            "sentiment": 0,
            "surprise": "None",
            "closePrice": "8.43"
        }
    ]
}