{
    "ENTG": [
        {
            "fiscalDateEnding": "2023-12-31",
            "totalCurrentAssets": "1977327000",
            "cashAndShortTermInvestments": "456929000",
            "totalCurrentLiabilities": "513995000",
            "currentDebt": "None",
            "netIncome": "37977000",
            "capitalExpenditures": "128665000",
            "operatingCashflow": "150650000",
            "grossProfit": "344680000",
            "totalRevenue": "812291000",
            "sentiment": 0.2718113053683716,
            "surprise": "0.07",
            "closePrice": "131.17"
        },
        {
            "fiscalDateEnding": "2023-09-30",
            "totalCurrentAssets": "2943560000",
            "cashAndShortTermInvestments": "594020000",
            "totalCurrentLiabilities": "683159000",
            "currentDebt": "None",
            "netIncome": "33212000",
            "capitalExpenditures": "78139000",
            "operatingCashflow": "200023000",
            "grossProfit": "367074000",
            "totalRevenue": "888239000",
            "sentiment": 0.4241979532755755,
            "surprise": "0.08",
            "closePrice": "85.6397804358512"
        },
        {
            "fiscalDateEnding": "2023-06-30",
            "totalCurrentAssets": "2968548000",
            "cashAndShortTermInvestments": "565878000",
            "totalCurrentLiabilities": "646289000",
            "currentDebt": "None",
            "netIncome": "197646000",
            "capitalExpenditures": "116051000",
            "operatingCashflow": "127018000",
            "grossProfit": "384166000",
            "totalRevenue": "901000000",
            "sentiment": 0.23244129713908843,
            "surprise": "0.09",
            "closePrice": "102.539359222538"
        },
        {
            "fiscalDateEnding": "2023-03-31",
            "totalCurrentAssets": "2457047000",
            "cashAndShortTermInvestments": "709032000",
            "totalCurrentLiabilities": "781623000",
            "currentDebt": "None",
            "netIncome": "-88166000",
            "capitalExpenditures": "133992000",
            "operatingCashflow": "151871000",
            "grossProfit": "401685000",
            "totalRevenue": "922396000",
            "sentiment": 0.1571874081660878,
            "surprise": "0.13",
            "closePrice": "93.1610241533742"
        },
        {
            "fiscalDateEnding": "2022-12-31",
            "totalCurrentAssets": "2335185000",
            "cashAndShortTermInvestments": "561559000",
            "totalCurrentLiabilities": "761931000",
            "currentDebt": "151965000",
            "netIncome": "57427000",
            "capitalExpenditures": "147356000",
            "operatingCashflow": "32053000",
            "grossProfit": "404525000",
            "totalRevenue": "946070000",
            "sentiment": 0.14402926646296443,
            "surprise": "0.05",
            "closePrice": "84.781953057834"
        },
        {
            "fiscalDateEnding": "2022-09-30",
            "totalCurrentAssets": "2222276000",
            "cashAndShortTermInvestments": "752787000",
            "totalCurrentLiabilities": "841021000",
            "currentDebt": "None",
            "netIncome": "-73703000",
            "capitalExpenditures": "126739000",
            "operatingCashflow": "145532000",
            "grossProfit": "371671000",
            "totalRevenue": "993828000",
            "sentiment": 0.16533942882278227,
            "surprise": "-0.15",
            "closePrice": "63.1646544036617"
        },
        {
            "fiscalDateEnding": "2022-06-30",
            "totalCurrentAssets": "3876158000",
            "cashAndShortTermInvestments": "2743231000",
            "totalCurrentLiabilities": "393135000",
            "currentDebt": "None",
            "netIncome": "99491000",
            "capitalExpenditures": "107692000",
            "operatingCashflow": "110910000",
            "grossProfit": "310397000",
            "totalRevenue": "692489000",
            "sentiment": 0.06952628665288652,
            "surprise": "-0.05",
            "closePrice": "104.100590750101"
        },
        {
            "fiscalDateEnding": "2022-03-31",
            "totalCurrentAssets": "1369335000",
            "cashAndShortTermInvestments": "352732000",
            "totalCurrentLiabilities": "371661000",
            "currentDebt": "None",
            "netIncome": "125705000",
            "capitalExpenditures": "84405000",
            "operatingCashflow": "63788000",
            "grossProfit": "309820000",
            "totalRevenue": "649646000",
            "sentiment": -0.06955102560074326,
            "surprise": "0.07",
            "closePrice": "108.849976398735"
        },
        {
            "fiscalDateEnding": "2021-12-31",
            "totalCurrentAssets": "1313370000",
            "cashAndShortTermInvestments": "402565000",
            "totalCurrentLiabilities": "379001000",
            "currentDebt": "None",
            "netIncome": "118219000",
            "capitalExpenditures": "76640000",
            "operatingCashflow": "115980000",
            "grossProfit": "295090000",
            "totalRevenue": "635204000",
            "sentiment": 0,
            "surprise": "0.07",
            "closePrice": "127.351894412949"
        },
        {
            "fiscalDateEnding": "2021-09-30",
            "totalCurrentAssets": "1275705000",
            "cashAndShortTermInvestments": "475752000",
            "totalCurrentLiabilities": "309413000",
            "currentDebt": "None",
            "netIncome": "117461000",
            "capitalExpenditures": "48885000",
            "operatingCashflow": "149504000",
            "grossProfit": "264204000",
            "totalRevenue": "579493000",
            "sentiment": 0,
            "surprise": "0.05",
            "closePrice": "131.622056735337"
        },
        {
            "fiscalDateEnding": "2021-06-30",
            "totalCurrentAssets": "1159236000",
            "cashAndShortTermInvestments": "401033000",
            "totalCurrentLiabilities": "260530000",
            "currentDebt": "None",
            "netIncome": "88770000",
            "capitalExpenditures": "41771000",
            "operatingCashflow": "81855000",
            "grossProfit": "265384000",
            "totalRevenue": "571352000",
            "sentiment": 0,
            "surprise": "0.06",
            "closePrice": "115.294307426936"
        },
        {
            "fiscalDateEnding": "2021-03-31",
            "totalCurrentAssets": "1244606000",
            "cashAndShortTermInvestments": "548520000",
            "totalCurrentLiabilities": "266271000",
            "currentDebt": "None",
            "netIncome": "84676000",
            "capitalExpenditures": "43330000",
            "operatingCashflow": "53115000",
            "grossProfit": "234986000",
            "totalRevenue": "512844000",
            "sentiment": 0,
            "surprise": "-0.02",
            "closePrice": "113.572610766081"
        },
        {
            "fiscalDateEnding": "2020-12-31",
            "totalCurrentAssets": "1234257000",
            "cashAndShortTermInvestments": "580893000",
            "totalCurrentLiabilities": "302626000",
            "currentDebt": "None",
            "netIncome": "86624000",
            "capitalExpenditures": "52192000",
            "operatingCashflow": "204018000",
            "grossProfit": "230872000",
            "totalRevenue": "517594000",
            "sentiment": 0,
            "surprise": "0.05",
            "closePrice": "97.0103503592218"
        },
        {
            "fiscalDateEnding": "2020-09-30",
            "totalCurrentAssets": "1146450000",
            "cashAndShortTermInvestments": "447972000",
            "totalCurrentLiabilities": "247373000",
            "currentDebt": "None",
            "netIncome": "79303000",
            "capitalExpenditures": "32687000",
            "operatingCashflow": "101232000",
            "grossProfit": "226000000",
            "totalRevenue": "480987000",
            "sentiment": 0,
            "surprise": "0.04",
            "closePrice": "77.6090285426114"
        },
        {
            "fiscalDateEnding": "2020-06-30",
            "totalCurrentAssets": "1188847000",
            "cashAndShortTermInvestments": "532667000",
            "totalCurrentLiabilities": "237955000",
            "currentDebt": "None",
            "netIncome": "68036000",
            "capitalExpenditures": "24288000",
            "operatingCashflow": "130021000",
            "grossProfit": "207372000",
            "totalRevenue": "448405000",
            "sentiment": 0,
            "surprise": "0.11",
            "closePrice": "68.6662349742237"
        },
        {
            "fiscalDateEnding": "2020-03-31",
            "totalCurrentAssets": "966306000",
            "cashAndShortTermInvestments": "335077000",
            "totalCurrentLiabilities": "201990000",
            "currentDebt": "4000000",
            "netIncome": "61006000",
            "capitalExpenditures": "22585000",
            "operatingCashflow": "11403000",
            "grossProfit": "185478000",
            "totalRevenue": "412327000",
            "sentiment": 0,
            "surprise": "0.03",
            "closePrice": "46.5222846446474"
        },
        {
            "fiscalDateEnding": "2019-12-31",
            "totalCurrentAssets": "932397000",
            "cashAndShortTermInvestments": "351911000",
            "totalCurrentLiabilities": "264433000",
            "currentDebt": "4000000",
            "netIncome": "57438000",
            "capitalExpenditures": "25932000",
            "operatingCashflow": "128644000",
            "grossProfit": "197636000",
            "totalRevenue": "426998000",
            "sentiment": 0,
            "surprise": "0.01",
            "closePrice": "54.8502264155682"
        },
        {
            "fiscalDateEnding": "2019-09-30",
            "totalCurrentAssets": "884240000",
            "cashAndShortTermInvestments": "282748000",
            "totalCurrentLiabilities": "213080000",
            "currentDebt": "4000000",
            "netIncome": "40767000",
            "capitalExpenditures": "26322000",
            "operatingCashflow": "25291000",
            "grossProfit": "170350000",
            "totalRevenue": "394147000",
            "sentiment": 0,
            "surprise": "0.05",
            "closePrice": "46.6827352920128"
        },
        {
            "fiscalDateEnding": "2019-06-30",
            "totalCurrentAssets": "1048454000",
            "cashAndShortTermInvestments": "521382000",
            "totalCurrentLiabilities": "215140000",
            "currentDebt": "12820000",
            "netIncome": "123997000",
            "capitalExpenditures": "25636000",
            "operatingCashflow": "230901000",
            "grossProfit": "166274000",
            "totalRevenue": "378874000",
            "sentiment": 0,
            "surprise": "-0.04",
            "closePrice": "42.1806648188007"
        },
        {
            "fiscalDateEnding": "2019-03-31",
            "totalCurrentAssets": "922812000",
            "cashAndShortTermInvestments": "342360000",
            "totalCurrentLiabilities": "212780000",
            "currentDebt": "4000000",
            "netIncome": "32658000",
            "capitalExpenditures": "34465000",
            "operatingCashflow": "-2538000",
            "grossProfit": "177393000",
            "totalRevenue": "391047000",
            "sentiment": 0,
            "surprise": "0.03",
            "closePrice": "38.1186794941789"
        },
        {
            "fiscalDateEnding": "2018-12-31",
            "totalCurrentAssets": "1029338000",
            "cashAndShortTermInvestments": "482062000",
            "totalCurrentLiabilities": "269668000",
            "currentDebt": "4000000",
            "netIncome": "80784000",
            "capitalExpenditures": "34816000",
            "operatingCashflow": "91327000",
            "grossProfit": "179740000",
            "totalRevenue": "401642000",
            "sentiment": 0,
            "surprise": "0.01",
            "closePrice": "32.5935245649303"
        },
        {
            "fiscalDateEnding": "2018-09-30",
            "totalCurrentAssets": "820946000",
            "cashAndShortTermInvestments": "294893000",
            "totalCurrentLiabilities": "211012000",
            "currentDebt": "None",
            "netIncome": "48060000",
            "capitalExpenditures": "27900000",
            "operatingCashflow": "84143000",
            "grossProfit": "181716000",
            "totalRevenue": "398597000",
            "sentiment": 0,
            "surprise": "-0.04",
            "closePrice": "24.692867047589"
        },
        {
            "fiscalDateEnding": "2018-06-30",
            "totalCurrentAssets": "774226000",
            "cashAndShortTermInvestments": "257106000",
            "totalCurrentLiabilities": "204262000",
            "currentDebt": "None",
            "netIncome": "54349000",
            "capitalExpenditures": "26390000",
            "operatingCashflow": "98289000",
            "grossProfit": "182378000",
            "totalRevenue": "383059000",
            "sentiment": 0,
            "surprise": "0.03",
            "closePrice": "35.2123523932116"
        },
        {
            "fiscalDateEnding": "2018-03-31",
            "totalCurrentAssets": "1011050000",
            "cashAndShortTermInvestments": "550236000",
            "totalCurrentLiabilities": "266468000",
            "currentDebt": "100000000",
            "netIncome": "57562000",
            "capitalExpenditures": "21047000",
            "operatingCashflow": "38817000",
            "grossProfit": "175997000",
            "totalRevenue": "367199000",
            "sentiment": 0,
            "surprise": "0.05",
            "closePrice": "32.3748403166591"
        },
        {
            "fiscalDateEnding": "2017-12-31",
            "totalCurrentAssets": "1057608000",
            "cashAndShortTermInvestments": "625408000",
            "totalCurrentLiabilities": "290971000",
            "currentDebt": "100000000",
            "netIncome": "-28341000",
            "capitalExpenditures": "25658000",
            "operatingCashflow": "85741000",
            "grossProfit": "163679000",
            "totalRevenue": "350562000",
            "sentiment": 0,
            "surprise": "0.05",
            "closePrice": "31.6478603694287"
        },
        {
            "fiscalDateEnding": "2017-09-30",
            "totalCurrentAssets": "848501000",
            "cashAndShortTermInvestments": "435197000",
            "totalCurrentLiabilities": "269879000",
            "currentDebt": "100000000",
            "netIncome": "40902000",
            "capitalExpenditures": "25447000",
            "operatingCashflow": "89041000",
            "grossProfit": "155407000",
            "totalRevenue": "345591000",
            "sentiment": 0,
            "surprise": "0.06",
            "closePrice": "30.8868249554925"
        },
        {
            "fiscalDateEnding": "2017-06-30",
            "totalCurrentAssets": "808993000",
            "cashAndShortTermInvestments": "405635000",
            "totalCurrentLiabilities": "251022000",
            "currentDebt": "None",
            "netIncome": "39991000",
            "capitalExpenditures": "20302000",
            "operatingCashflow": "85159000",
            "grossProfit": "150303000",
            "totalRevenue": "329002000",
            "sentiment": 0,
            "surprise": "0.04",
            "closePrice": "25.6746732442532"
        },
        {
            "fiscalDateEnding": "2017-03-31",
            "totalCurrentAssets": "791752000",
            "cashAndShortTermInvestments": "391159000",
            "totalCurrentLiabilities": "236239000",
            "currentDebt": "None",
            "netIncome": "32514000",
            "capitalExpenditures": "22190000",
            "operatingCashflow": "33432000",
            "grossProfit": "139596000",
            "totalRevenue": "317377000",
            "sentiment": 0,
            "surprise": "0.03",
            "closePrice": "24.5164173084222"
        },
        {
            "fiscalDateEnding": "2016-12-31",
            "totalCurrentAssets": "800131000",
            "cashAndShortTermInvestments": "406389000",
            "totalCurrentLiabilities": "261571000",
            "currentDebt": "100000000",
            "netIncome": "26098000",
            "capitalExpenditures": "19992000",
            "operatingCashflow": "57079000",
            "grossProfit": "131800000",
            "totalRevenue": "308502000",
            "sentiment": 0,
            "surprise": "0.03",
            "closePrice": "18.7733982932603"
        },
        {
            "fiscalDateEnding": "2016-09-30",
            "totalCurrentAssets": "801032000",
            "cashAndShortTermInvestments": "411777000",
            "totalCurrentLiabilities": "237677000",
            "currentDebt": "None",
            "netIncome": "21947000",
            "capitalExpenditures": "13124000",
            "operatingCashflow": "71938000",
            "grossProfit": "122980000",
            "totalRevenue": "296692000",
            "sentiment": 0,
            "surprise": "0",
            "closePrice": "15.0669792986012"
        },
        {
            "fiscalDateEnding": "2016-06-30",
            "totalCurrentAssets": "772173000",
            "cashAndShortTermInvestments": "373743000",
            "totalCurrentLiabilities": "187139000",
            "currentDebt": "None",
            "netIncome": "32890000",
            "capitalExpenditures": "14325000",
            "operatingCashflow": "61199000",
            "grossProfit": "139205000",
            "totalRevenue": "303052000",
            "sentiment": 0,
            "surprise": "0.08",
            "closePrice": "16.3603650936125"
        },
        {
            "fiscalDateEnding": "2016-03-31",
            "totalCurrentAssets": "719781000",
            "cashAndShortTermInvestments": "344403000",
            "totalCurrentLiabilities": "161703000",
            "currentDebt": "None",
            "netIncome": "16212000",
            "capitalExpenditures": "17819000",
            "operatingCashflow": "17339000",
            "grossProfit": "114706000",
            "totalRevenue": "267024000",
            "sentiment": 0,
            "surprise": "0.02",
            "closePrice": "13.2909868636604"
        },
        {
            "fiscalDateEnding": "2015-12-31",
            "totalCurrentAssets": "708787000",
            "cashAndShortTermInvestments": "349825000",
            "totalCurrentLiabilities": "175550000",
            "currentDebt": "None",
            "netIncome": "17573000",
            "capitalExpenditures": "16281000",
            "operatingCashflow": "52218000",
            "grossProfit": "109298000",
            "totalRevenue": "266786000",
            "sentiment": 0,
            "surprise": "0.04",
            "closePrice": "11.292995374352"
        },
        {
            "fiscalDateEnding": "2015-09-30",
            "totalCurrentAssets": "724244000",
            "cashAndShortTermInvestments": "301061000",
            "totalCurrentLiabilities": "209065000",
            "currentDebt": "None",
            "netIncome": "23403000",
            "capitalExpenditures": "21466000",
            "operatingCashflow": "32586000",
            "grossProfit": "116310000",
            "totalRevenue": "270253000",
            "sentiment": 0,
            "surprise": "0.01",
            "closePrice": "12.4995119741759"
        },
        {
            "fiscalDateEnding": "2015-06-30",
            "totalCurrentAssets": "726626000",
            "cashAndShortTermInvestments": "313742000",
            "totalCurrentLiabilities": "167905000",
            "currentDebt": "None",
            "netIncome": "24448000",
            "capitalExpenditures": "13742000",
            "operatingCashflow": "36246000",
            "grossProfit": "128087000",
            "totalRevenue": "280709000",
            "sentiment": 0,
            "surprise": "0.04",
            "closePrice": "14.2175916123252"
        },
        {
            "fiscalDateEnding": "2015-03-31",
            "totalCurrentAssets": "746349000",
            "cashAndShortTermInvestments": "341387000",
            "totalCurrentLiabilities": "228043000",
            "currentDebt": "None",
            "netIncome": "14872000",
            "capitalExpenditures": "20488000",
            "operatingCashflow": "-132000",
            "grossProfit": "116536000",
            "totalRevenue": "263373000",
            "sentiment": 0,
            "surprise": "0.01",
            "closePrice": "13.5515944492224"
        },
        {
            "fiscalDateEnding": "2014-12-31",
            "totalCurrentAssets": "765655000",
            "cashAndShortTermInvestments": "389699000",
            "totalCurrentLiabilities": "262520000",
            "currentDebt": "None",
            "netIncome": "9312000",
            "capitalExpenditures": "13720000",
            "operatingCashflow": "35203000",
            "grossProfit": "117920000",
            "totalRevenue": "271633000",
            "sentiment": 0,
            "surprise": "-0.01",
            "closePrice": "13.0207271452998"
        },
        {
            "fiscalDateEnding": "2014-09-30",
            "totalCurrentAssets": "782896000",
            "cashAndShortTermInvestments": "390493000",
            "totalCurrentLiabilities": "173288000",
            "currentDebt": "None",
            "netIncome": "-1068000",
            "capitalExpenditures": "15068000",
            "operatingCashflow": "67751000",
            "grossProfit": "98743000",
            "totalRevenue": "273054000",
            "sentiment": 0,
            "surprise": "0.03",
            "closePrice": "12.3354257165998"
        },
        {
            "fiscalDateEnding": "2014-06-30",
            "totalCurrentAssets": "805486000",
            "cashAndShortTermInvestments": "366983000",
            "totalCurrentLiabilities": "168328000",
            "currentDebt": "None",
            "netIncome": "-14669000",
            "capitalExpenditures": "22682000",
            "operatingCashflow": "11057000",
            "grossProfit": "88668000",
            "totalRevenue": "251578000",
            "sentiment": 0,
            "surprise": "0.02",
            "closePrice": "11.3798645695393"
        },
        {
            "fiscalDateEnding": "2014-03-31",
            "totalCurrentAssets": "616059000",
            "cashAndShortTermInvestments": "381661000",
            "totalCurrentLiabilities": "90839000",
            "currentDebt": "None",
            "netIncome": "14312000",
            "capitalExpenditures": "13780000",
            "operatingCashflow": "12412000",
            "grossProfit": "71352000",
            "totalRevenue": "165804000",
            "sentiment": 0,
            "surprise": "-0.01",
            "closePrice": "11.0227356559914"
        },
        {
            "fiscalDateEnding": "2013-12-31",
            "totalCurrentAssets": "612305000",
            "cashAndShortTermInvestments": "384426000",
            "totalCurrentLiabilities": "97585000",
            "currentDebt": "None",
            "netIncome": "20541000",
            "capitalExpenditures": "11330000",
            "operatingCashflow": "34709000",
            "grossProfit": "79384000",
            "totalRevenue": "186260000",
            "sentiment": 0,
            "surprise": "0.05",
            "closePrice": "11.03238778879"
        },
        {
            "fiscalDateEnding": "2013-09-30",
            "totalCurrentAssets": "585906000",
            "cashAndShortTermInvestments": "358782000",
            "totalCurrentLiabilities": "92537000",
            "currentDebt": "None",
            "netIncome": "17807000",
            "capitalExpenditures": "14899000",
            "operatingCashflow": "32438000",
            "grossProfit": "70132000",
            "totalRevenue": "164585000",
            "sentiment": 0,
            "surprise": "0.01",
            "closePrice": "9.7496193398572"
        },
        {
            "fiscalDateEnding": "2013-06-30",
            "totalCurrentAssets": "570428000",
            "cashAndShortTermInvestments": "343411000",
            "totalCurrentLiabilities": "93523000",
            "currentDebt": "None",
            "netIncome": "19781000",
            "capitalExpenditures": "17991000",
            "operatingCashflow": "34820000",
            "grossProfit": "77570000",
            "totalRevenue": "177544000",
            "sentiment": 0,
            "surprise": "0.04",
            "closePrice": "9.35291668183509"
        },
        {
            "fiscalDateEnding": "2013-03-31",
            "totalCurrentAssets": "569738000",
            "cashAndShortTermInvestments": "338846000",
            "totalCurrentLiabilities": "81967000",
            "currentDebt": "None",
            "netIncome": "16397000",
            "capitalExpenditures": "16140000",
            "operatingCashflow": "7435000",
            "grossProfit": "67128000",
            "totalRevenue": "165070000",
            "sentiment": 0,
            "surprise": "0.03",
            "closePrice": "9.29500388504354"
        },
        {
            "fiscalDateEnding": "2012-12-31",
            "totalCurrentAssets": "579324000",
            "cashAndShortTermInvestments": "330419000",
            "totalCurrentLiabilities": "93263000",
            "currentDebt": "None",
            "netIncome": "11256000",
            "capitalExpenditures": "10813000",
            "operatingCashflow": "38341000",
            "grossProfit": "66461000",
            "totalRevenue": "167818000",
            "sentiment": 0,
            "surprise": "-0.02",
            "closePrice": "9.51700293941114"
        },
        {
            "fiscalDateEnding": "2012-09-30",
            "totalCurrentAssets": "559507000",
            "cashAndShortTermInvestments": "307830000",
            "totalCurrentLiabilities": "91624000",
            "currentDebt": "None",
            "netIncome": "18037000",
            "capitalExpenditures": "8999000",
            "operatingCashflow": "33315000",
            "grossProfit": "81932000",
            "totalRevenue": "184449000",
            "sentiment": 0,
            "surprise": "0.01",
            "closePrice": "7.7603147700675"
        },
        {
            "fiscalDateEnding": "2012-06-30",
            "totalCurrentAssets": "534976000",
            "cashAndShortTermInvestments": "286865000",
            "totalCurrentLiabilities": "94418000",
            "currentDebt": "None",
            "netIncome": "21673000",
            "capitalExpenditures": "19512000",
            "operatingCashflow": "43132000",
            "grossProfit": "82746000",
            "totalRevenue": "188233000",
            "sentiment": 0,
            "surprise": "0",
            "closePrice": "7.81822756685905"
        },
        {
            "fiscalDateEnding": "2012-03-31",
            "totalCurrentAssets": "514600000",
            "cashAndShortTermInvestments": "266931000",
            "totalCurrentLiabilities": "85224000",
            "currentDebt": "None",
            "netIncome": "17859000",
            "capitalExpenditures": "10605000",
            "operatingCashflow": "374000",
            "grossProfit": "76244000",
            "totalRevenue": "175403000",
            "sentiment": 0,
            "surprise": "0.01",
            "closePrice": "8.41665980037172"
        },
        {
            "fiscalDateEnding": "2011-12-31",
            "totalCurrentAssets": "502999000",
            "cashAndShortTermInvestments": "273593000",
            "totalCurrentLiabilities": "92594000",
            "currentDebt": "None",
            "netIncome": "40161000",
            "capitalExpenditures": "6121000",
            "operatingCashflow": "44516000",
            "grossProfit": "67614000",
            "totalRevenue": "163922000",
            "sentiment": 0,
            "surprise": "0.03",
            "closePrice": "9.17917829146044"
        },
        {
            "fiscalDateEnding": "2011-09-30",
            "totalCurrentAssets": "467742000",
            "cashAndShortTermInvestments": "227037000",
            "totalCurrentLiabilities": "90710000",
            "currentDebt": "None",
            "netIncome": "21988000",
            "capitalExpenditures": "9563000",
            "operatingCashflow": "49598000",
            "grossProfit": "74828000",
            "totalRevenue": "173014000",
            "sentiment": 0,
            "surprise": "-0.02",
            "closePrice": "7.9823138244351"
        },
        {
            "fiscalDateEnding": "2011-06-30",
            "totalCurrentAssets": "461098000",
            "cashAndShortTermInvestments": "189445000",
            "totalCurrentLiabilities": "103630000",
            "currentDebt": "None",
            "netIncome": "32522000",
            "capitalExpenditures": "7839000",
            "operatingCashflow": "52045000",
            "grossProfit": "95143000",
            "totalRevenue": "209198000",
            "sentiment": 0,
            "surprise": "0",
            "closePrice": "8.26705174199355"
        }
    ]
}