{
    "ENV": [
        {
            "fiscalDateEnding": "2023-12-31",
            "totalCurrentAssets": "263808000",
            "cashAndShortTermInvestments": "91378000",
            "totalCurrentLiabilities": "292534000",
            "currentDebt": "None",
            "netIncome": "-183171000",
            "capitalExpenditures": "11910000",
            "operatingCashflow": "75591000",
            "grossProfit": "-198552000",
            "totalRevenue": "311930000",
            "sentiment": 0.30768739675246604,
            "surprise": "0.12",
            "closePrice": "48.89"
        },
        {
            "fiscalDateEnding": "2023-09-30",
            "totalCurrentAssets": "203153000",
            "cashAndShortTermInvestments": "43211000",
            "totalCurrentLiabilities": "270245000",
            "currentDebt": "None",
            "netIncome": "7091000",
            "capitalExpenditures": "25856000",
            "operatingCashflow": "40009000",
            "grossProfit": "-17234000",
            "totalRevenue": "310512000",
            "sentiment": 0.25771932117660773,
            "surprise": "0.02",
            "closePrice": "37.81"
        },
        {
            "fiscalDateEnding": "2023-06-30",
            "totalCurrentAssets": "224621000",
            "cashAndShortTermInvestments": "59019000",
            "totalCurrentLiabilities": "308904000",
            "currentDebt": "20000000",
            "netIncome": "-21416000",
            "capitalExpenditures": "37470000",
            "operatingCashflow": "72789000",
            "grossProfit": "-30293000",
            "totalRevenue": "305653000",
            "sentiment": 0.26896722070713447,
            "surprise": "0",
            "closePrice": "59.81"
        },
        {
            "fiscalDateEnding": "2023-03-31",
            "totalCurrentAssets": "222759000",
            "cashAndShortTermInvestments": "52664000",
            "totalCurrentLiabilities": "297652000",
            "currentDebt": "44954000",
            "netIncome": "-41228000",
            "capitalExpenditures": "38066000",
            "operatingCashflow": "-33521000",
            "grossProfit": "-17377000",
            "totalRevenue": "292387000",
            "sentiment": 0.2670158015598918,
            "surprise": "0.02",
            "closePrice": "60.86"
        },
        {
            "fiscalDateEnding": "2022-12-31",
            "totalCurrentAssets": "311291000",
            "cashAndShortTermInvestments": "162173000",
            "totalCurrentLiabilities": "327064000",
            "currentDebt": "44886000",
            "netIncome": "-36505000",
            "capitalExpenditures": "5456000",
            "operatingCashflow": "30802000",
            "grossProfit": "-3466000",
            "totalRevenue": "294718000",
            "sentiment": 0.27000898635710235,
            "surprise": "0.01",
            "closePrice": "62.98"
        },
        {
            "fiscalDateEnding": "2022-09-30",
            "totalCurrentAssets": "392506000",
            "cashAndShortTermInvestments": "241330000",
            "totalCurrentLiabilities": "616268000",
            "currentDebt": "343581000",
            "netIncome": "-7290000",
            "capitalExpenditures": "28683000",
            "operatingCashflow": "33593000",
            "grossProfit": "22802000",
            "totalRevenue": "302453000",
            "sentiment": 0.23612712910172776,
            "surprise": "0.03",
            "closePrice": "46.46"
        },
        {
            "fiscalDateEnding": "2022-06-30",
            "totalCurrentAssets": "467620000",
            "cashAndShortTermInvestments": "338115000",
            "totalCurrentLiabilities": "610036000",
            "currentDebt": "343057000",
            "netIncome": "-23285000",
            "capitalExpenditures": "30619000",
            "operatingCashflow": "49381000",
            "grossProfit": "-9203000",
            "totalRevenue": "314640000",
            "sentiment": 0.033133576827398155,
            "surprise": "0.04",
            "closePrice": "57.74"
        },
        {
            "fiscalDateEnding": "2022-03-31",
            "totalCurrentAssets": "501479000",
            "cashAndShortTermInvestments": "359614000",
            "totalCurrentLiabilities": "274807000",
            "currentDebt": "None",
            "netIncome": "-13859000",
            "capitalExpenditures": "40567000",
            "operatingCashflow": "3261000",
            "grossProfit": "14440000",
            "totalRevenue": "316510000",
            "sentiment": 0.17897481842219876,
            "surprise": "0.02",
            "closePrice": "75.11"
        },
        {
            "fiscalDateEnding": "2021-12-31",
            "totalCurrentAssets": "567276000",
            "cashAndShortTermInvestments": "429279000",
            "totalCurrentLiabilities": "288723000",
            "currentDebt": "None",
            "netIncome": "-5109000",
            "capitalExpenditures": "-4419000",
            "operatingCashflow": "80603000",
            "grossProfit": "25089000",
            "totalRevenue": "316199000",
            "sentiment": 0,
            "surprise": "0",
            "closePrice": "71.7"
        },
        {
            "fiscalDateEnding": "2021-09-30",
            "totalCurrentAssets": "549521000",
            "cashAndShortTermInvestments": "393799000",
            "totalCurrentLiabilities": "269405000",
            "currentDebt": "None",
            "netIncome": "11740000",
            "capitalExpenditures": "21644000",
            "operatingCashflow": "50815000",
            "grossProfit": "34645000",
            "totalRevenue": "298811000",
            "sentiment": 0,
            "surprise": "0.03",
            "closePrice": "82.96"
        },
        {
            "fiscalDateEnding": "2021-06-30",
            "totalCurrentAssets": "491180000",
            "cashAndShortTermInvestments": "369524000",
            "totalCurrentLiabilities": "247814000",
            "currentDebt": "None",
            "netIncome": "-8281000",
            "capitalExpenditures": "24039000",
            "operatingCashflow": "69350000",
            "grossProfit": "30070000",
            "totalRevenue": "284513000",
            "sentiment": 0,
            "surprise": "0.13",
            "closePrice": "74.44"
        },
        {
            "fiscalDateEnding": "2021-03-31",
            "totalCurrentAssets": "489021000",
            "cashAndShortTermInvestments": "371977000",
            "totalCurrentLiabilities": "228921000",
            "currentDebt": "None",
            "netIncome": "14946000",
            "capitalExpenditures": "47637000",
            "operatingCashflow": "49809000",
            "grossProfit": "31161000",
            "totalRevenue": "270890000",
            "sentiment": 0,
            "surprise": "0.03",
            "closePrice": "70.71"
        },
        {
            "fiscalDateEnding": "2020-12-31",
            "totalCurrentAssets": "505199000",
            "cashAndShortTermInvestments": "384565000",
            "totalCurrentLiabilities": "236369000",
            "currentDebt": "None",
            "netIncome": "7240000",
            "capitalExpenditures": "17915000",
            "operatingCashflow": "38157000",
            "grossProfit": "615233000",
            "totalRevenue": "261120000",
            "sentiment": 0,
            "surprise": "0.04",
            "closePrice": "80.0"
        },
        {
            "fiscalDateEnding": "2020-09-30",
            "totalCurrentAssets": "481212000",
            "cashAndShortTermInvestments": "362918000",
            "totalCurrentLiabilities": "226320000",
            "currentDebt": "None",
            "netIncome": "1910000",
            "capitalExpenditures": "19049000",
            "operatingCashflow": "66656000",
            "grossProfit": "25868000",
            "totalRevenue": "243161000",
            "sentiment": 0,
            "surprise": "0.14",
            "closePrice": "83.71"
        },
        {
            "fiscalDateEnding": "2020-06-30",
            "totalCurrentAssets": "205780000",
            "cashAndShortTermInvestments": "92244000",
            "totalCurrentLiabilities": "209285000",
            "currentDebt": "None",
            "netIncome": "-4924000",
            "capitalExpenditures": "16300000",
            "operatingCashflow": "56035000",
            "grossProfit": "18445000",
            "totalRevenue": "226670000",
            "sentiment": 0,
            "surprise": "0.12",
            "closePrice": "86.6"
        },
        {
            "fiscalDateEnding": "2020-03-31",
            "totalCurrentAssets": "187433000",
            "cashAndShortTermInvestments": "68601000",
            "totalCurrentLiabilities": "202918000",
            "currentDebt": "13736000",
            "netIncome": "-7336000",
            "capitalExpenditures": "13732000",
            "operatingCashflow": "8988000",
            "grossProfit": "4498000",
            "totalRevenue": "236887000",
            "sentiment": 0,
            "surprise": "0.12",
            "closePrice": "62.64"
        },
        {
            "fiscalDateEnding": "2019-12-31",
            "totalCurrentAssets": "182503000",
            "cashAndShortTermInvestments": "82505000",
            "totalCurrentLiabilities": "203790000",
            "currentDebt": "13816000",
            "netIncome": "3590000",
            "capitalExpenditures": "14196000",
            "operatingCashflow": "46881000",
            "grossProfit": "239936000",
            "totalRevenue": "239936000",
            "sentiment": 0,
            "surprise": "0.01",
            "closePrice": "86.43"
        },
        {
            "fiscalDateEnding": "2019-09-30",
            "totalCurrentAssets": "167010000",
            "cashAndShortTermInvestments": "71632000",
            "totalCurrentLiabilities": "366317000",
            "currentDebt": "183927000",
            "netIncome": "-3080000",
            "capitalExpenditures": "15349000",
            "operatingCashflow": "59454000",
            "grossProfit": "11399000",
            "totalRevenue": "225565000",
            "sentiment": 0,
            "surprise": "0.02",
            "closePrice": "63.2"
        },
        {
            "fiscalDateEnding": "2019-06-30",
            "totalCurrentAssets": "189395000",
            "cashAndShortTermInvestments": "77717000",
            "totalCurrentLiabilities": "353474000",
            "currentDebt": "182100000",
            "netIncome": "893000",
            "capitalExpenditures": "11966000",
            "operatingCashflow": "14966000",
            "grossProfit": "-93000",
            "totalRevenue": "224445000",
            "sentiment": 0,
            "surprise": "0.02",
            "closePrice": "64.82"
        },
        {
            "fiscalDateEnding": "2019-03-31",
            "totalCurrentAssets": "349016000",
            "cashAndShortTermInvestments": "245735000",
            "totalCurrentLiabilities": "338726000",
            "currentDebt": "167442000",
            "netIncome": "-18185000",
            "capitalExpenditures": "12432000",
            "operatingCashflow": "-12575000",
            "grossProfit": "86011000",
            "totalRevenue": "192786000",
            "sentiment": 0,
            "surprise": "0.01",
            "closePrice": "71.33"
        },
        {
            "fiscalDateEnding": "2018-12-31",
            "totalCurrentAssets": "380906000",
            "cashAndShortTermInvestments": "289345000",
            "totalCurrentLiabilities": "343296000",
            "currentDebt": "165711000",
            "netIncome": "223000",
            "capitalExpenditures": "9893000",
            "operatingCashflow": "34071000",
            "grossProfit": "210080000",
            "totalRevenue": "222474000",
            "sentiment": 0,
            "surprise": "0.02",
            "closePrice": "55.56"
        },
        {
            "fiscalDateEnding": "2018-09-30",
            "totalCurrentAssets": "242142000",
            "cashAndShortTermInvestments": "153542000",
            "totalCurrentLiabilities": "334086000",
            "currentDebt": "None",
            "netIncome": "2954000",
            "capitalExpenditures": "14508000",
            "operatingCashflow": "42360000",
            "grossProfit": "138192000",
            "totalRevenue": "203156000",
            "sentiment": 0,
            "surprise": "0.03",
            "closePrice": "52.8"
        },
        {
            "fiscalDateEnding": "2018-06-30",
            "totalCurrentAssets": "220917000",
            "cashAndShortTermInvestments": "134032000",
            "totalCurrentLiabilities": "157116000",
            "currentDebt": "None",
            "netIncome": "-5526000",
            "capitalExpenditures": "10604000",
            "operatingCashflow": "41707000",
            "grossProfit": "133489000",
            "totalRevenue": "201116000",
            "sentiment": 0,
            "surprise": "0.04",
            "closePrice": "61.65"
        },
        {
            "fiscalDateEnding": "2018-03-31",
            "totalCurrentAssets": "135540000",
            "cashAndShortTermInvestments": "43965000",
            "totalCurrentLiabilities": "158331000",
            "currentDebt": "None",
            "netIncome": "8104000",
            "capitalExpenditures": "9587000",
            "operatingCashflow": "-753000",
            "grossProfit": "131858000",
            "totalRevenue": "194792000",
            "sentiment": 0,
            "surprise": "0.01",
            "closePrice": "58.1"
        },
        {
            "fiscalDateEnding": "2017-12-31",
            "totalCurrentAssets": "131107000",
            "cashAndShortTermInvestments": "60115000",
            "totalCurrentLiabilities": "140355000",
            "currentDebt": "None",
            "netIncome": "17645000",
            "capitalExpenditures": "6927000",
            "operatingCashflow": "37004000",
            "grossProfit": "124856000",
            "totalRevenue": "182862000",
            "sentiment": 0,
            "surprise": "0.01",
            "closePrice": "55.6"
        },
        {
            "fiscalDateEnding": "2017-09-30",
            "totalCurrentAssets": "122429000",
            "cashAndShortTermInvestments": "48704000",
            "totalCurrentLiabilities": "136535000",
            "currentDebt": "None",
            "netIncome": "-1320000",
            "capitalExpenditures": "5810000",
            "operatingCashflow": "36059000",
            "grossProfit": "119544000",
            "totalRevenue": "175614000",
            "sentiment": 0,
            "surprise": "0.02",
            "closePrice": "51.8"
        },
        {
            "fiscalDateEnding": "2017-06-30",
            "totalCurrentAssets": "96234000",
            "cashAndShortTermInvestments": "27730000",
            "totalCurrentLiabilities": "157518000",
            "currentDebt": "38696000",
            "netIncome": "-6470000",
            "capitalExpenditures": "8734000",
            "operatingCashflow": "26543000",
            "grossProfit": "111682000",
            "totalRevenue": "167417000",
            "sentiment": 0,
            "surprise": "0.02",
            "closePrice": "38.25"
        },
        {
            "fiscalDateEnding": "2017-03-31",
            "totalCurrentAssets": "104366000",
            "cashAndShortTermInvestments": "39479000",
            "totalCurrentLiabilities": "171702000",
            "currentDebt": "60221000",
            "netIncome": "-13135000",
            "capitalExpenditures": "6098000",
            "operatingCashflow": "8644000",
            "grossProfit": "108560000",
            "totalRevenue": "157786000",
            "sentiment": 0,
            "surprise": "0.01",
            "closePrice": "36.15"
        },
        {
            "fiscalDateEnding": "2016-12-31",
            "totalCurrentAssets": "113084000",
            "cashAndShortTermInvestments": "52592000",
            "totalCurrentLiabilities": "155954000",
            "currentDebt": "37926000",
            "netIncome": "-3063000",
            "capitalExpenditures": "5520000",
            "operatingCashflow": "29796000",
            "grossProfit": "107209000",
            "totalRevenue": "155480000",
            "sentiment": 0,
            "surprise": "0.01",
            "closePrice": "32.65"
        },
        {
            "fiscalDateEnding": "2016-09-30",
            "totalCurrentAssets": "112924000",
            "cashAndShortTermInvestments": "50662000",
            "totalCurrentLiabilities": "135591000",
            "currentDebt": "33177000",
            "netIncome": "-4057000",
            "capitalExpenditures": "9179000",
            "operatingCashflow": "27225000",
            "grossProfit": "101896000",
            "totalRevenue": "149155000",
            "sentiment": 0,
            "surprise": "0.02",
            "closePrice": "34.05"
        },
        {
            "fiscalDateEnding": "2016-06-30",
            "totalCurrentAssets": "111568000",
            "cashAndShortTermInvestments": "38522000",
            "totalCurrentLiabilities": "107253000",
            "currentDebt": "6064000",
            "netIncome": "-7943000",
            "capitalExpenditures": "4678000",
            "operatingCashflow": "745000",
            "grossProfit": "96806000",
            "totalRevenue": "141708000",
            "sentiment": 0,
            "surprise": "0.01",
            "closePrice": "40.87"
        },
        {
            "fiscalDateEnding": "2016-03-31",
            "totalCurrentAssets": "94885000",
            "cashAndShortTermInvestments": "36550000",
            "totalCurrentLiabilities": "102631000",
            "currentDebt": "8064000",
            "netIncome": "-10993000",
            "capitalExpenditures": "3199000",
            "operatingCashflow": "16968000",
            "grossProfit": "91663000",
            "totalRevenue": "131821000",
            "sentiment": 0,
            "surprise": "0.03",
            "closePrice": "29.88"
        },
        {
            "fiscalDateEnding": "2015-12-31",
            "totalCurrentAssets": "111713000",
            "cashAndShortTermInvestments": "51718000",
            "totalCurrentLiabilities": "117521000",
            "currentDebt": "6064000",
            "netIncome": "-2484000",
            "capitalExpenditures": "7864000",
            "operatingCashflow": "-19103000",
            "grossProfit": "79334000",
            "totalRevenue": "118435000",
            "sentiment": 0,
            "surprise": "0.05",
            "closePrice": "21.57"
        },
        {
            "fiscalDateEnding": "2015-09-30",
            "totalCurrentAssets": "259164000",
            "cashAndShortTermInvestments": "208348000",
            "totalCurrentLiabilities": "69837000",
            "currentDebt": "None",
            "netIncome": "3302000",
            "capitalExpenditures": "1940000",
            "operatingCashflow": "9459000",
            "grossProfit": "62340000",
            "totalRevenue": "103367000",
            "sentiment": 0,
            "surprise": "0",
            "closePrice": "32.01"
        },
        {
            "fiscalDateEnding": "2015-06-30",
            "totalCurrentAssets": "253447000",
            "cashAndShortTermInvestments": "198927000",
            "totalCurrentLiabilities": "70147000",
            "currentDebt": "None",
            "netIncome": "2536000",
            "capitalExpenditures": "2854000",
            "operatingCashflow": "8261000",
            "grossProfit": "60177000",
            "totalRevenue": "102663000",
            "sentiment": 0,
            "surprise": "0.01",
            "closePrice": "45.21"
        },
        {
            "fiscalDateEnding": "2015-03-31",
            "totalCurrentAssets": "260838000",
            "cashAndShortTermInvestments": "209914000",
            "totalCurrentLiabilities": "65138000",
            "currentDebt": "None",
            "netIncome": "2511000",
            "capitalExpenditures": "2058000",
            "operatingCashflow": "3106000",
            "grossProfit": "57759000",
            "totalRevenue": "96454000",
            "sentiment": 0,
            "surprise": "0",
            "closePrice": "52.38"
        },
        {
            "fiscalDateEnding": "2014-12-31",
            "totalCurrentAssets": "237341000",
            "cashAndShortTermInvestments": "209754000",
            "totalCurrentLiabilities": "64680000",
            "currentDebt": "None",
            "netIncome": "3693000",
            "capitalExpenditures": "1748000",
            "operatingCashflow": "7063000",
            "grossProfit": "58239000",
            "totalRevenue": "96803000",
            "sentiment": 0,
            "surprise": "0.01",
            "closePrice": "57.37"
        },
        {
            "fiscalDateEnding": "2014-09-30",
            "totalCurrentAssets": "141150000",
            "cashAndShortTermInvestments": "105899000",
            "totalCurrentLiabilities": "88174000",
            "currentDebt": "None",
            "netIncome": "3768000",
            "capitalExpenditures": "1319000",
            "operatingCashflow": "8021000",
            "grossProfit": "49466000",
            "totalRevenue": "88577000",
            "sentiment": 0,
            "surprise": "0.02",
            "closePrice": "45.29"
        },
        {
            "fiscalDateEnding": "2014-06-30",
            "totalCurrentAssets": "99686000",
            "cashAndShortTermInvestments": "64464000",
            "totalCurrentLiabilities": "52977000",
            "currentDebt": "None",
            "netIncome": "3719000",
            "capitalExpenditures": "3630000",
            "operatingCashflow": "8265000",
            "grossProfit": "46874000",
            "totalRevenue": "84829000",
            "sentiment": 0,
            "surprise": "0.01",
            "closePrice": "44.68"
        },
        {
            "fiscalDateEnding": "2014-03-31",
            "totalCurrentAssets": "84345000",
            "cashAndShortTermInvestments": "52629000",
            "totalCurrentLiabilities": "50214000",
            "currentDebt": "None",
            "netIncome": "2994000",
            "capitalExpenditures": "2862000",
            "operatingCashflow": "6319000",
            "grossProfit": "44102000",
            "totalRevenue": "78539000",
            "sentiment": 0,
            "surprise": "0.02",
            "closePrice": "35.16"
        },
        {
            "fiscalDateEnding": "2013-12-31",
            "totalCurrentAssets": "79407000",
            "cashAndShortTermInvestments": "49942000",
            "totalCurrentLiabilities": "53023000",
            "currentDebt": "None",
            "netIncome": "695000",
            "capitalExpenditures": "2674000",
            "operatingCashflow": "1430000",
            "grossProfit": "42028000",
            "totalRevenue": "74398000",
            "sentiment": 0,
            "surprise": "0",
            "closePrice": "43.27"
        },
        {
            "fiscalDateEnding": "2013-09-30",
            "totalCurrentAssets": "66231000",
            "cashAndShortTermInvestments": "36683000",
            "totalCurrentLiabilities": "47023000",
            "currentDebt": "None",
            "netIncome": "1306000",
            "capitalExpenditures": "3453000",
            "operatingCashflow": "5773000",
            "grossProfit": "39726000",
            "totalRevenue": "69880000",
            "sentiment": 0,
            "surprise": "0",
            "closePrice": "36.73"
        },
        {
            "fiscalDateEnding": "2013-06-30",
            "totalCurrentAssets": "59532000",
            "cashAndShortTermInvestments": "39679000",
            "totalCurrentLiabilities": "33642000",
            "currentDebt": "None",
            "netIncome": "1118000",
            "capitalExpenditures": "1771000",
            "operatingCashflow": "6412000",
            "grossProfit": "31994000",
            "totalRevenue": "51632000",
            "sentiment": 0,
            "surprise": "0",
            "closePrice": "26.42"
        },
        {
            "fiscalDateEnding": "2013-03-31",
            "totalCurrentAssets": "47659000",
            "cashAndShortTermInvestments": "32218000",
            "totalCurrentLiabilities": "29182000",
            "currentDebt": "None",
            "netIncome": "541000",
            "capitalExpenditures": "1370000",
            "operatingCashflow": "3755000",
            "grossProfit": "29817000",
            "totalRevenue": "46625000",
            "sentiment": 0,
            "surprise": "0.01",
            "closePrice": "19.59"
        },
        {
            "fiscalDateEnding": "2012-12-31",
            "totalCurrentAssets": "43761000",
            "cashAndShortTermInvestments": "29983000",
            "totalCurrentLiabilities": "28976000",
            "currentDebt": "None",
            "netIncome": "-158000",
            "capitalExpenditures": "1392000",
            "operatingCashflow": "9452000",
            "grossProfit": "28423000",
            "totalRevenue": "44379000",
            "sentiment": 0,
            "surprise": "0",
            "closePrice": "15.24"
        },
        {
            "fiscalDateEnding": "2012-09-30",
            "totalCurrentAssets": "35372000",
            "cashAndShortTermInvestments": "21133000",
            "totalCurrentLiabilities": "26751000",
            "currentDebt": "None",
            "netIncome": "551000",
            "capitalExpenditures": "1809000",
            "operatingCashflow": "9220000",
            "grossProfit": "27195000",
            "totalRevenue": "42283000",
            "sentiment": 0,
            "surprise": "0.01",
            "closePrice": "13.05"
        },
        {
            "fiscalDateEnding": "2012-06-30",
            "totalCurrentAssets": "29677000",
            "cashAndShortTermInvestments": "13400000",
            "totalCurrentLiabilities": "24382000",
            "currentDebt": "None",
            "netIncome": "-668000",
            "capitalExpenditures": "3028000",
            "operatingCashflow": "4053000",
            "grossProfit": "24413000",
            "totalRevenue": "37962000",
            "sentiment": 0,
            "surprise": "0.02",
            "closePrice": "11.59"
        },
        {
            "fiscalDateEnding": "2012-03-31",
            "totalCurrentAssets": "82529000",
            "cashAndShortTermInvestments": "70636000",
            "totalCurrentLiabilities": "16156000",
            "currentDebt": "None",
            "netIncome": "740000",
            "capitalExpenditures": "959000",
            "operatingCashflow": "5816000",
            "grossProfit": "21116000",
            "totalRevenue": "32642000",
            "sentiment": 0,
            "surprise": "0",
            "closePrice": "11.81"
        },
        {
            "fiscalDateEnding": "2011-12-31",
            "totalCurrentAssets": "82087000",
            "cashAndShortTermInvestments": "64909000",
            "totalCurrentLiabilities": "17143000",
            "currentDebt": "None",
            "netIncome": "1829000",
            "capitalExpenditures": "888000",
            "operatingCashflow": "5913000",
            "grossProfit": "20185000",
            "totalRevenue": "30542000",
            "sentiment": 0,
            "surprise": "0.02",
            "closePrice": "13.0"
        },
        {
            "fiscalDateEnding": "2011-09-30",
            "totalCurrentAssets": "95042000",
            "cashAndShortTermInvestments": "83553000",
            "totalCurrentLiabilities": "16647000",
            "currentDebt": "None",
            "netIncome": "1925000",
            "capitalExpenditures": "1658000",
            "operatingCashflow": "6163000",
            "grossProfit": "20611000",
            "totalRevenue": "32040000",
            "sentiment": 0,
            "surprise": "0.01",
            "closePrice": "11.42"
        },
        {
            "fiscalDateEnding": "2011-06-30",
            "totalCurrentAssets": "89792000",
            "cashAndShortTermInvestments": "78600000",
            "totalCurrentLiabilities": "16002000",
            "currentDebt": "None",
            "netIncome": "2447000",
            "capitalExpenditures": "1880000",
            "operatingCashflow": "7637000",
            "grossProfit": "20417000",
            "totalRevenue": "31334000",
            "sentiment": 0,
            "surprise": "0",
            "closePrice": "13.06"
        }
    ]
}