{
    "EPAM": [
        {
            "fiscalDateEnding": "2023-12-31",
            "totalCurrentAssets": "3091361000",
            "cashAndShortTermInvestments": "2096974000",
            "totalCurrentLiabilities": "644932000",
            "currentDebt": "None",
            "netIncome": "97554000",
            "capitalExpenditures": "9995000",
            "operatingCashflow": "171369000",
            "grossProfit": "350571000",
            "totalRevenue": "1148204000",
            "sentiment": 0.35776169870260016,
            "surprise": "0.25",
            "closePrice": "301.2"
        },
        {
            "fiscalDateEnding": "2023-09-30",
            "totalCurrentAssets": "2925288000",
            "cashAndShortTermInvestments": "1933408000",
            "totalCurrentLiabilities": "613578000",
            "currentDebt": "None",
            "netIncome": "97204000",
            "capitalExpenditures": "3624000",
            "operatingCashflow": "214879000",
            "grossProfit": "335842000",
            "totalRevenue": "1130107000",
            "sentiment": 0.19827827244183496,
            "surprise": "0.17",
            "closePrice": "232.31"
        },
        {
            "fiscalDateEnding": "2023-06-30",
            "totalCurrentAssets": "2871974000",
            "cashAndShortTermInvestments": "1848295000",
            "totalCurrentLiabilities": "584065000",
            "currentDebt": "None",
            "netIncome": "120033000",
            "capitalExpenditures": "6883000",
            "operatingCashflow": "89052000",
            "grossProfit": "355481000",
            "totalRevenue": "1164196000",
            "sentiment": 0.08095417525358255,
            "surprise": "0.3",
            "closePrice": "245.02"
        },
        {
            "fiscalDateEnding": "2023-03-31",
            "totalCurrentAssets": "2830789000",
            "cashAndShortTermInvestments": "1809795000",
            "totalCurrentLiabilities": "682858000",
            "currentDebt": "None",
            "netIncome": "102292000",
            "capitalExpenditures": "7913000",
            "operatingCashflow": "87334000",
            "grossProfit": "358336000",
            "totalRevenue": "1214237000",
            "sentiment": 0.2581942542021721,
            "surprise": "0.13",
            "closePrice": "242.47"
        },
        {
            "fiscalDateEnding": "2022-12-31",
            "totalCurrentAssets": "2759625000",
            "cashAndShortTermInvestments": "1741680000",
            "totalCurrentLiabilities": "747483000",
            "currentDebt": "2861000",
            "netIncome": "155039000",
            "capitalExpenditures": "21495000",
            "operatingCashflow": "186069000",
            "grossProfit": "437442000",
            "totalRevenue": "1270170000",
            "sentiment": 0.2856790753850622,
            "surprise": "0.25",
            "closePrice": "346.01"
        },
        {
            "fiscalDateEnding": "2022-09-30",
            "totalCurrentAssets": "2527986000",
            "cashAndShortTermInvestments": "1547815000",
            "totalCurrentLiabilities": "727957000",
            "currentDebt": "7790000",
            "netIncome": "156054000",
            "capitalExpenditures": "18708000",
            "operatingCashflow": "252368000",
            "grossProfit": "406815000",
            "totalRevenue": "1233611000",
            "sentiment": 0.2245913350976235,
            "surprise": "0.57",
            "closePrice": "301.01"
        },
        {
            "fiscalDateEnding": "2022-06-30",
            "totalCurrentAssets": "2359678000",
            "cashAndShortTermInvestments": "1353616000",
            "totalCurrentLiabilities": "684703000",
            "currentDebt": "6701000",
            "netIncome": "18604000",
            "capitalExpenditures": "18152000",
            "operatingCashflow": "77515000",
            "grossProfit": "262597000",
            "totalRevenue": "1108920000",
            "sentiment": -0.02319353087413091,
            "surprise": "0.66",
            "closePrice": "415.39"
        },
        {
            "fiscalDateEnding": "2022-03-31",
            "totalCurrentAssets": "2266753000",
            "cashAndShortTermInvestments": "1276461000",
            "totalCurrentLiabilities": "683252000",
            "currentDebt": "9900000",
            "netIncome": "89719000",
            "capitalExpenditures": "23274000",
            "operatingCashflow": "-51848000",
            "grossProfit": "326624000",
            "totalRevenue": "1107460000",
            "sentiment": -0.09890155915157653,
            "surprise": "0.72",
            "closePrice": "346.0"
        },
        {
            "fiscalDateEnding": "2021-12-31",
            "totalCurrentAssets": "2269480000",
            "cashAndShortTermInvestments": "1446625000",
            "totalCurrentLiabilities": "763420000",
            "currentDebt": "16018000",
            "netIncome": "142279000",
            "capitalExpenditures": "56617000",
            "operatingCashflow": "284614000",
            "grossProfit": "378835000",
            "totalRevenue": "1106102000",
            "sentiment": 0,
            "surprise": "0.25",
            "closePrice": "440.99"
        },
        {
            "fiscalDateEnding": "2021-09-30",
            "totalCurrentAssets": "2092194000",
            "cashAndShortTermInvestments": "1266614000",
            "totalCurrentLiabilities": "632547000",
            "currentDebt": "None",
            "netIncome": "115656000",
            "capitalExpenditures": "21111000",
            "operatingCashflow": "206050000",
            "grossProfit": "331724000",
            "totalRevenue": "985098000",
            "sentiment": 0,
            "surprise": "0.2",
            "closePrice": "716.26"
        },
        {
            "fiscalDateEnding": "2021-06-30",
            "totalCurrentAssets": "2038018000",
            "cashAndShortTermInvestments": "1283233000",
            "totalCurrentLiabilities": "522948000",
            "currentDebt": "25000000",
            "netIncome": "114671000",
            "capitalExpenditures": "22587000",
            "operatingCashflow": "68836000",
            "grossProfit": "292945000",
            "totalRevenue": "876673000",
            "sentiment": 0,
            "surprise": "0.11",
            "closePrice": "589.66"
        },
        {
            "fiscalDateEnding": "2021-03-31",
            "totalCurrentAssets": "2004718000",
            "cashAndShortTermInvestments": "1372829000",
            "totalCurrentLiabilities": "463761000",
            "currentDebt": "None",
            "netIncome": "109046000",
            "capitalExpenditures": "11186000",
            "operatingCashflow": "12827000",
            "grossProfit": "263746000",
            "totalRevenue": "783074000",
            "sentiment": 0,
            "surprise": "0.13",
            "closePrice": "458.38"
        },
        {
            "fiscalDateEnding": "2020-12-31",
            "totalCurrentAssets": "1912782000",
            "cashAndShortTermInvestments": "1382150000",
            "totalCurrentLiabilities": "465950000",
            "currentDebt": "0",
            "netIncome": "85539000",
            "capitalExpenditures": "18482000",
            "operatingCashflow": "159432000",
            "grossProfit": "249781000",
            "totalRevenue": "715573000",
            "sentiment": 0,
            "surprise": "0.1",
            "closePrice": "378.46"
        },
        {
            "fiscalDateEnding": "2020-09-30",
            "totalCurrentAssets": "1752222000",
            "cashAndShortTermInvestments": "1221154000",
            "totalCurrentLiabilities": "414831000",
            "currentDebt": "None",
            "netIncome": "89432000",
            "capitalExpenditures": "9787000",
            "operatingCashflow": "175564000",
            "grossProfit": "234751000",
            "totalRevenue": "658139000",
            "sentiment": 0,
            "surprise": "0.18",
            "closePrice": "346.63"
        },
        {
            "fiscalDateEnding": "2020-06-30",
            "totalCurrentAssets": "1598336000",
            "cashAndShortTermInvestments": "1053749000",
            "totalCurrentLiabilities": "365580000",
            "currentDebt": "None",
            "netIncome": "66624000",
            "capitalExpenditures": "11449000",
            "operatingCashflow": "146156000",
            "grossProfit": "203676000",
            "totalRevenue": "623216000",
            "sentiment": 0,
            "surprise": "0.25",
            "closePrice": "297.48"
        },
        {
            "fiscalDateEnding": "2020-03-31",
            "totalCurrentAssets": "1507737000",
            "cashAndShortTermInvestments": "916253000",
            "totalCurrentLiabilities": "389321000",
            "currentDebt": "None",
            "netIncome": "85565000",
            "capitalExpenditures": "29075000",
            "operatingCashflow": "63255000",
            "grossProfit": "234081000",
            "totalRevenue": "657883000",
            "sentiment": 0,
            "surprise": "0.03",
            "closePrice": "227.01"
        },
        {
            "fiscalDateEnding": "2019-12-31",
            "totalCurrentAssets": "1474211000",
            "cashAndShortTermInvestments": "936552000",
            "totalCurrentLiabilities": "386948000",
            "currentDebt": "None",
            "netIncome": "74524000",
            "capitalExpenditures": "47013000",
            "operatingCashflow": "124587000",
            "grossProfit": "220808000",
            "totalRevenue": "630877000",
            "sentiment": 0,
            "surprise": "0.06",
            "closePrice": "238.05"
        },
        {
            "fiscalDateEnding": "2019-09-30",
            "totalCurrentAssets": "1364692000",
            "cashAndShortTermInvestments": "853241000",
            "totalCurrentLiabilities": "311470000",
            "currentDebt": "None",
            "netIncome": "67002000",
            "capitalExpenditures": "27270000",
            "operatingCashflow": "119039000",
            "grossProfit": "207473000",
            "totalRevenue": "584998000",
            "sentiment": 0,
            "surprise": "0.06",
            "closePrice": "190.29"
        },
        {
            "fiscalDateEnding": "2019-06-30",
            "totalCurrentAssets": "1285823000",
            "cashAndShortTermInvestments": "777365000",
            "totalCurrentLiabilities": "272614000",
            "currentDebt": "None",
            "netIncome": "58777000",
            "capitalExpenditures": "11601000",
            "operatingCashflow": "44029000",
            "grossProfit": "192110000",
            "totalRevenue": "548025000",
            "sentiment": 0,
            "surprise": "0.05",
            "closePrice": "189.98"
        },
        {
            "fiscalDateEnding": "2019-03-31",
            "totalCurrentAssets": "1244747000",
            "cashAndShortTermInvestments": "762529000",
            "totalCurrentLiabilities": "282566000",
            "currentDebt": "None",
            "netIncome": "60754000",
            "capitalExpenditures": "13424000",
            "operatingCashflow": "-202000",
            "grossProfit": "173160000",
            "totalRevenue": "517849000",
            "sentiment": 0,
            "surprise": "0.08",
            "closePrice": "169.79"
        },
        {
            "fiscalDateEnding": "2018-12-31",
            "totalCurrentAssets": "1199068000",
            "cashAndShortTermInvestments": "770560000",
            "totalCurrentLiabilities": "262829000",
            "currentDebt": "None",
            "netIncome": "59965000",
            "capitalExpenditures": "10109000",
            "operatingCashflow": "123130000",
            "grossProfit": "185318000",
            "totalRevenue": "504349000",
            "sentiment": 0,
            "surprise": "0.04",
            "closePrice": "154.09"
        },
        {
            "fiscalDateEnding": "2018-09-30",
            "totalCurrentAssets": "1129002000",
            "cashAndShortTermInvestments": "685108000",
            "totalCurrentLiabilities": "220973000",
            "currentDebt": "None",
            "netIncome": "65618000",
            "capitalExpenditures": "8162000",
            "operatingCashflow": "102299000",
            "grossProfit": "166591000",
            "totalRevenue": "467672000",
            "sentiment": 0,
            "surprise": "0.12",
            "closePrice": "127.6"
        },
        {
            "fiscalDateEnding": "2018-06-30",
            "totalCurrentAssets": "1024519000",
            "cashAndShortTermInvestments": "584081000",
            "totalCurrentLiabilities": "181411000",
            "currentDebt": "None",
            "netIncome": "50255000",
            "capitalExpenditures": "8592000",
            "operatingCashflow": "59459000",
            "grossProfit": "156472000",
            "totalRevenue": "445647000",
            "sentiment": 0,
            "surprise": "0.02",
            "closePrice": "128.11"
        },
        {
            "fiscalDateEnding": "2018-03-31",
            "totalCurrentAssets": "970180000",
            "cashAndShortTermInvestments": "535857000",
            "totalCurrentLiabilities": "179908000",
            "currentDebt": "None",
            "netIncome": "64418000",
            "capitalExpenditures": "10711000",
            "operatingCashflow": "7330000",
            "grossProfit": "146514000",
            "totalRevenue": "424148000",
            "sentiment": 0,
            "surprise": "0.02",
            "closePrice": "124.32"
        },
        {
            "fiscalDateEnding": "2017-12-31",
            "totalCurrentAssets": "960033000",
            "cashAndShortTermInvestments": "582585000",
            "totalCurrentLiabilities": "180967000",
            "currentDebt": "None",
            "netIncome": "-30874000",
            "capitalExpenditures": "12925000",
            "operatingCashflow": "71240000",
            "grossProfit": "145176000",
            "totalRevenue": "399297000",
            "sentiment": 0,
            "surprise": "0.04",
            "closePrice": "114.95"
        },
        {
            "fiscalDateEnding": "2017-09-30",
            "totalCurrentAssets": "883742000",
            "cashAndShortTermInvestments": "512493000",
            "totalCurrentLiabilities": "158984000",
            "currentDebt": "None",
            "netIncome": "42634000",
            "capitalExpenditures": "5440000",
            "operatingCashflow": "62247000",
            "grossProfit": "138154000",
            "totalRevenue": "377523000",
            "sentiment": 0,
            "surprise": "0.07",
            "closePrice": "99.15"
        },
        {
            "fiscalDateEnding": "2017-06-30",
            "totalCurrentAssets": "788481000",
            "cashAndShortTermInvestments": "443501000",
            "totalCurrentLiabilities": "130220000",
            "currentDebt": "None",
            "netIncome": "37359000",
            "capitalExpenditures": "5716000",
            "operatingCashflow": "30237000",
            "grossProfit": "128845000",
            "totalRevenue": "348977000",
            "sentiment": 0,
            "surprise": "-0.01",
            "closePrice": "81.9"
        },
        {
            "fiscalDateEnding": "2017-03-31",
            "totalCurrentAssets": "708010000",
            "cashAndShortTermInvestments": "398419000",
            "totalCurrentLiabilities": "122891000",
            "currentDebt": "None",
            "netIncome": "23641000",
            "capitalExpenditures": "5725000",
            "operatingCashflow": "29096000",
            "grossProfit": "116921000",
            "totalRevenue": "324651000",
            "sentiment": 0,
            "surprise": "-0.02",
            "closePrice": "80.27"
        },
        {
            "fiscalDateEnding": "2016-12-31",
            "totalCurrentAssets": "646551000",
            "cashAndShortTermInvestments": "362025000",
            "totalCurrentLiabilities": "116219000",
            "currentDebt": "None",
            "netIncome": "24763000",
            "capitalExpenditures": "9336000",
            "operatingCashflow": "56051000",
            "grossProfit": "115299000",
            "totalRevenue": "313525000",
            "sentiment": 0,
            "surprise": "-0.02",
            "closePrice": "70.69"
        },
        {
            "fiscalDateEnding": "2016-09-30",
            "totalCurrentAssets": "635723000",
            "cashAndShortTermInvestments": "330627000",
            "totalCurrentLiabilities": "122430000",
            "currentDebt": "None",
            "netIncome": "26174000",
            "capitalExpenditures": "6392000",
            "operatingCashflow": "61812000",
            "grossProfit": "107496000",
            "totalRevenue": "298293000",
            "sentiment": 0,
            "surprise": "0.01",
            "closePrice": "60.67"
        },
        {
            "fiscalDateEnding": "2016-06-30",
            "totalCurrentAssets": "573522000",
            "cashAndShortTermInvestments": "280724000",
            "totalCurrentLiabilities": "92014000",
            "currentDebt": "None",
            "netIncome": "24430000",
            "capitalExpenditures": "7404000",
            "operatingCashflow": "38493000",
            "grossProfit": "103050000",
            "totalRevenue": "283832000",
            "sentiment": 0,
            "surprise": "-0.01",
            "closePrice": "66.59"
        },
        {
            "fiscalDateEnding": "2016-03-31",
            "totalCurrentAssets": "552238000",
            "cashAndShortTermInvestments": "244877000",
            "totalCurrentLiabilities": "107544000",
            "currentDebt": "None",
            "netIncome": "23899000",
            "capitalExpenditures": "6185000",
            "operatingCashflow": "10861000",
            "grossProfit": "97101000",
            "totalRevenue": "264482000",
            "sentiment": 0,
            "surprise": "-0.06",
            "closePrice": "71.26"
        },
        {
            "fiscalDateEnding": "2015-12-31",
            "totalCurrentAssets": "528935000",
            "cashAndShortTermInvestments": "199449000",
            "totalCurrentLiabilities": "127911000",
            "currentDebt": "None",
            "netIncome": "27638000",
            "capitalExpenditures": "3739000",
            "operatingCashflow": "11839000",
            "grossProfit": "101962000",
            "totalRevenue": "260253000",
            "sentiment": 0,
            "surprise": "0.05",
            "closePrice": "60.1"
        },
        {
            "fiscalDateEnding": "2015-09-30",
            "totalCurrentAssets": "500060000",
            "cashAndShortTermInvestments": "214443000",
            "totalCurrentLiabilities": "112368000",
            "currentDebt": "None",
            "netIncome": "22873000",
            "capitalExpenditures": "4191000",
            "operatingCashflow": "55520000",
            "grossProfit": "87570000",
            "totalRevenue": "236049000",
            "sentiment": 0,
            "surprise": "0.02",
            "closePrice": "75.57"
        },
        {
            "fiscalDateEnding": "2015-06-30",
            "totalCurrentAssets": "456966000",
            "cashAndShortTermInvestments": "175717000",
            "totalCurrentLiabilities": "90001000",
            "currentDebt": "None",
            "netIncome": "19231000",
            "capitalExpenditures": "3469000",
            "operatingCashflow": "2163000",
            "grossProfit": "83525000",
            "totalRevenue": "217781000",
            "sentiment": 0,
            "surprise": "0",
            "closePrice": "72.99"
        },
        {
            "fiscalDateEnding": "2015-03-31",
            "totalCurrentAssets": "433815000",
            "cashAndShortTermInvestments": "192363000",
            "totalCurrentLiabilities": "117597000",
            "currentDebt": "None",
            "netIncome": "14714000",
            "capitalExpenditures": "1873000",
            "operatingCashflow": "6871000",
            "grossProfit": "74158000",
            "totalRevenue": "200045000",
            "sentiment": 0,
            "surprise": "0.07",
            "closePrice": "66.41"
        },
        {
            "fiscalDateEnding": "2014-12-31",
            "totalCurrentAssets": "415087000",
            "cashAndShortTermInvestments": "220534000",
            "totalCurrentLiabilities": "125413000",
            "currentDebt": "None",
            "netIncome": "18423000",
            "capitalExpenditures": "3752000",
            "operatingCashflow": "48705000",
            "grossProfit": "80719000",
            "totalRevenue": "202184000",
            "sentiment": 0,
            "surprise": "0.01",
            "closePrice": "57.99"
        },
        {
            "fiscalDateEnding": "2014-09-30",
            "totalCurrentAssets": "401940000",
            "cashAndShortTermInvestments": "191246000",
            "totalCurrentLiabilities": "84068000",
            "currentDebt": "None",
            "netIncome": "19040000",
            "capitalExpenditures": "3719000",
            "operatingCashflow": "23142000",
            "grossProfit": "70255000",
            "totalRevenue": "192764000",
            "sentiment": 0,
            "surprise": "0.06",
            "closePrice": "46.61"
        },
        {
            "fiscalDateEnding": "2014-06-30",
            "totalCurrentAssets": "374839000",
            "cashAndShortTermInvestments": "175075000",
            "totalCurrentLiabilities": "77643000",
            "currentDebt": "None",
            "netIncome": "14814000",
            "capitalExpenditures": "800000",
            "operatingCashflow": "16839000",
            "grossProfit": "64593000",
            "totalRevenue": "174695000",
            "sentiment": 0,
            "surprise": "0.05",
            "closePrice": "39.24"
        },
        {
            "fiscalDateEnding": "2014-03-31",
            "totalCurrentAssets": "352264000",
            "cashAndShortTermInvestments": "174066000",
            "totalCurrentLiabilities": "60455000",
            "currentDebt": "None",
            "netIncome": "17364000",
            "capitalExpenditures": "3645000",
            "operatingCashflow": "16188000",
            "grossProfit": "57930000",
            "totalRevenue": "160384000",
            "sentiment": 0,
            "surprise": "0.06",
            "closePrice": "31.13"
        },
        {
            "fiscalDateEnding": "2013-12-31",
            "totalCurrentAssets": "330968000",
            "cashAndShortTermInvestments": "169505000",
            "totalCurrentLiabilities": "54664000",
            "currentDebt": "None",
            "netIncome": "18759000",
            "capitalExpenditures": "1484000",
            "operatingCashflow": "46430000",
            "grossProfit": "59958000",
            "totalRevenue": "157585000",
            "sentiment": 0,
            "surprise": "0.02",
            "closePrice": "42.77"
        },
        {
            "fiscalDateEnding": "2013-09-30",
            "totalCurrentAssets": "305196000",
            "cashAndShortTermInvestments": "122979000",
            "totalCurrentLiabilities": "52115000",
            "currentDebt": "None",
            "netIncome": "16437000",
            "capitalExpenditures": "4432000",
            "operatingCashflow": "15575000",
            "grossProfit": "51611000",
            "totalRevenue": "140150000",
            "sentiment": 0,
            "surprise": "0.01",
            "closePrice": "35.72"
        },
        {
            "fiscalDateEnding": "2013-06-30",
            "totalCurrentAssets": "273469000",
            "cashAndShortTermInvestments": "107475000",
            "totalCurrentLiabilities": "47340000",
            "currentDebt": "None",
            "netIncome": "14118000",
            "capitalExpenditures": "6309000",
            "operatingCashflow": "7958000",
            "grossProfit": "49637000",
            "totalRevenue": "133184000",
            "sentiment": 0,
            "surprise": "0",
            "closePrice": "29.72"
        },
        {
            "fiscalDateEnding": "2013-03-31",
            "totalCurrentAssets": "255397000",
            "cashAndShortTermInvestments": "102806000",
            "totalCurrentLiabilities": "48367000",
            "currentDebt": "None",
            "netIncome": "12680000",
            "capitalExpenditures": "3695000",
            "operatingCashflow": "-11738000",
            "grossProfit": "46261000",
            "totalRevenue": "124198000",
            "sentiment": 0,
            "surprise": "0.01",
            "closePrice": "23.07"
        },
        {
            "fiscalDateEnding": "2012-12-31",
            "totalCurrentAssets": "250955000",
            "cashAndShortTermInvestments": "118112000",
            "totalCurrentLiabilities": "59352000",
            "currentDebt": "None",
            "netIncome": "14999000",
            "capitalExpenditures": "3344000",
            "operatingCashflow": "35759000",
            "grossProfit": "48254000",
            "totalRevenue": "125538000",
            "sentiment": 0,
            "surprise": "0",
            "closePrice": "20.98"
        },
        {
            "fiscalDateEnding": "2012-09-30",
            "totalCurrentAssets": "237672000",
            "cashAndShortTermInvestments": "105885000",
            "totalCurrentLiabilities": "46072000",
            "currentDebt": "None",
            "netIncome": "14065000",
            "capitalExpenditures": "14091000",
            "operatingCashflow": "11111000",
            "grossProfit": "40979000",
            "totalRevenue": "110078000",
            "sentiment": 0,
            "surprise": "0.02",
            "closePrice": "17.79"
        },
        {
            "fiscalDateEnding": "2012-06-30",
            "totalCurrentAssets": "224772000",
            "cashAndShortTermInvestments": "104930000",
            "totalCurrentLiabilities": "43901000",
            "currentDebt": "None",
            "netIncome": "13321000",
            "capitalExpenditures": "5746000",
            "operatingCashflow": "6374000",
            "grossProfit": "39997000",
            "totalRevenue": "103800000",
            "sentiment": 0,
            "surprise": "0.06",
            "closePrice": "16.0"
        },
        {
            "fiscalDateEnding": "2012-03-31",
            "totalCurrentAssets": "223105000",
            "cashAndShortTermInvestments": "112736000",
            "totalCurrentLiabilities": "47109000",
            "currentDebt": "None",
            "netIncome": "12099000",
            "capitalExpenditures": "3896000",
            "operatingCashflow": "-4745000",
            "grossProfit": "34208000",
            "totalRevenue": "94383000",
            "sentiment": 0,
            "surprise": "0.02",
            "closePrice": "18.08"
        }
    ]
}