{
    "ERIC": [
        {
            "fiscalDateEnding": "2023-12-31",
            "totalCurrentAssets": "154988000000",
            "cashAndShortTermInvestments": "35190000000",
            "totalCurrentLiabilities": "129399000000",
            "currentDebt": "None",
            "netIncome": "3394000000",
            "capitalExpenditures": "720000000",
            "operatingCashflow": "14482000000",
            "grossProfit": "29561000000",
            "totalRevenue": "71881000000",
            "sentiment": 0.2689260680193285,
            "surprise": "0",
            "closePrice": "5.89"
        },
        {
            "fiscalDateEnding": "2023-09-30",
            "totalCurrentAssets": "160448000000",
            "cashAndShortTermInvestments": "26900000000",
            "totalCurrentLiabilities": "146419000000",
            "currentDebt": "None",
            "netIncome": "-30491000000",
            "capitalExpenditures": "1302000000",
            "operatingCashflow": "1402000000",
            "grossProfit": "25276000000",
            "totalRevenue": "64473000000",
            "sentiment": 0,
            "surprise": "0.01",
            "closePrice": "4.62"
        },
        {
            "fiscalDateEnding": "2023-06-30",
            "totalCurrentAssets": "162826000000",
            "cashAndShortTermInvestments": "22331000000",
            "totalCurrentLiabilities": "147714000000",
            "currentDebt": "None",
            "netIncome": "-597000000",
            "capitalExpenditures": "1368000000",
            "operatingCashflow": "-2882000000",
            "grossProfit": "24653000000",
            "totalRevenue": "64444000000",
            "sentiment": 0,
            "surprise": "0.02",
            "closePrice": "4.89749140844526"
        },
        {
            "fiscalDateEnding": "2023-03-31",
            "totalCurrentAssets": "174752000000",
            "cashAndShortTermInvestments": "34133000000",
            "totalCurrentLiabilities": "154634000000",
            "currentDebt": "None",
            "netIncome": "1516000000",
            "capitalExpenditures": "954000000",
            "operatingCashflow": "-5825000000",
            "grossProfit": "24914000000",
            "totalRevenue": "62553000000",
            "sentiment": 0,
            "surprise": "0.04",
            "closePrice": "5.25322959035223"
        },
        {
            "fiscalDateEnding": "2022-12-31",
            "totalCurrentAssets": "173803000000",
            "cashAndShortTermInvestments": "38349000000",
            "totalCurrentLiabilities": "145620000000",
            "currentDebt": "None",
            "netIncome": "6190000000",
            "capitalExpenditures": "2219000000",
            "operatingCashflow": "19895000000",
            "grossProfit": "35569000000",
            "totalRevenue": "85980000000",
            "sentiment": 0.19312694655479207,
            "surprise": "0",
            "closePrice": "5.41245016639113"
        },
        {
            "fiscalDateEnding": "2022-09-30",
            "totalCurrentAssets": "176792000000",
            "cashAndShortTermInvestments": "36749000000",
            "totalCurrentLiabilities": "151685000000",
            "currentDebt": "None",
            "netIncome": "5360000000",
            "capitalExpenditures": "1518000000",
            "operatingCashflow": "4651000000",
            "grossProfit": "28135000000",
            "totalRevenue": "68040000000",
            "sentiment": 0,
            "surprise": "0",
            "closePrice": "5.17422612737743"
        },
        {
            "fiscalDateEnding": "2022-06-30",
            "totalCurrentAssets": "223358000000",
            "cashAndShortTermInvestments": "93618000000",
            "totalCurrentLiabilities": "139847000000",
            "currentDebt": "None",
            "netIncome": "4650000000",
            "capitalExpenditures": "1354000000",
            "operatingCashflow": "6287000000",
            "grossProfit": "26302000000",
            "totalRevenue": "62465000000",
            "sentiment": -0.001735,
            "surprise": "-0.02",
            "closePrice": "6.35446341162832"
        },
        {
            "fiscalDateEnding": "2022-03-31",
            "totalCurrentAssets": "207130000000",
            "cashAndShortTermInvestments": "76856000000",
            "totalCurrentLiabilities": "141197000000",
            "currentDebt": "None",
            "netIncome": "2912000000",
            "capitalExpenditures": "1106000000",
            "operatingCashflow": "30000000",
            "grossProfit": "23289000000",
            "totalRevenue": "55061000000",
            "sentiment": 0,
            "surprise": "-0.05",
            "closePrice": "7.93373446540065"
        },
        {
            "fiscalDateEnding": "2021-12-31",
            "totalCurrentAssets": "174805000000",
            "cashAndShortTermInvestments": "54050000000",
            "totalCurrentLiabilities": "126952000000",
            "currentDebt": "None",
            "netIncome": "10146000000",
            "capitalExpenditures": "1003000000",
            "operatingCashflow": "15196000000",
            "grossProfit": "30821000000",
            "totalRevenue": "71332000000",
            "sentiment": 0,
            "surprise": "0.13",
            "closePrice": "10.7798351944548"
        },
        {
            "fiscalDateEnding": "2021-09-30",
            "totalCurrentAssets": "163103000000",
            "cashAndShortTermInvestments": "46476000000",
            "totalCurrentLiabilities": "125855000000",
            "currentDebt": "None",
            "netIncome": "5766000000",
            "capitalExpenditures": "1230000000",
            "operatingCashflow": "14724000000",
            "grossProfit": "24776000000",
            "totalRevenue": "56263000000",
            "sentiment": 0,
            "surprise": "0.02",
            "closePrice": "10.8166893318717"
        },
        {
            "fiscalDateEnding": "2021-06-30",
            "totalCurrentAssets": "160153000000",
            "cashAndShortTermInvestments": "43273000000",
            "totalCurrentLiabilities": "124662000000",
            "currentDebt": "None",
            "netIncome": "3900000000",
            "capitalExpenditures": "1273000000",
            "operatingCashflow": "5940000000",
            "grossProfit": "23857000000",
            "totalRevenue": "54941000000",
            "sentiment": 0,
            "surprise": "-0.02",
            "closePrice": "10.7784165947961"
        },
        {
            "fiscalDateEnding": "2021-03-31",
            "totalCurrentAssets": "146305000000",
            "cashAndShortTermInvestments": "40543000000",
            "totalCurrentLiabilities": "114995000000",
            "currentDebt": "None",
            "netIncome": "3168000000",
            "capitalExpenditures": "1119000000",
            "operatingCashflow": "3205000000",
            "grossProfit": "21295000000",
            "totalRevenue": "49778000000",
            "sentiment": 0,
            "surprise": "-0.02",
            "closePrice": "13.0763531276967"
        },
        {
            "fiscalDateEnding": "2020-12-31",
            "totalCurrentAssets": "149795000000",
            "cashAndShortTermInvestments": "43612000000",
            "totalCurrentLiabilities": "114320000000",
            "currentDebt": "None",
            "netIncome": "7192000000",
            "capitalExpenditures": "1267000000",
            "operatingCashflow": "13903000000",
            "grossProfit": "28257000000",
            "totalRevenue": "69590000000",
            "sentiment": 0,
            "surprise": "0.06",
            "closePrice": "11.2711599688926"
        },
        {
            "fiscalDateEnding": "2020-09-30",
            "totalCurrentAssets": "155737000000",
            "cashAndShortTermInvestments": "48774000000",
            "totalCurrentLiabilities": "123390000000",
            "currentDebt": "None",
            "netIncome": "5566000000",
            "capitalExpenditures": "1130000000",
            "operatingCashflow": "5279000000",
            "grossProfit": "24762000000",
            "totalRevenue": "57472000000",
            "sentiment": 0,
            "surprise": "0.04",
            "closePrice": "11.2440441068984"
        },
        {
            "fiscalDateEnding": "2020-06-30",
            "totalCurrentAssets": "151643000000",
            "cashAndShortTermInvestments": "45655000000",
            "totalCurrentLiabilities": "124503000000",
            "currentDebt": "None",
            "netIncome": "2585000000",
            "capitalExpenditures": "1538000000",
            "operatingCashflow": "5449000000",
            "grossProfit": "20917000000",
            "totalRevenue": "55578000000",
            "sentiment": 0,
            "surprise": "0.03",
            "closePrice": "9.7655276309566"
        },
        {
            "fiscalDateEnding": "2020-03-31",
            "totalCurrentAssets": "162093000000",
            "cashAndShortTermInvestments": "48347000000",
            "totalCurrentLiabilities": "133138000000",
            "currentDebt": "None",
            "netIncome": "2280000000",
            "capitalExpenditures": "1375000000",
            "operatingCashflow": "4302000000",
            "grossProfit": "19788000000",
            "totalRevenue": "49750000000",
            "sentiment": 0,
            "surprise": "0",
            "closePrice": "7.53263839302437"
        },
        {
            "fiscalDateEnding": "2019-12-31",
            "totalCurrentAssets": "153914000000",
            "cashAndShortTermInvestments": "45079000000",
            "totalCurrentLiabilities": "116819000000",
            "currentDebt": "None",
            "netIncome": "4484000000",
            "capitalExpenditures": "1804000000",
            "operatingCashflow": "496000000",
            "grossProfit": "24434000000",
            "totalRevenue": "66373000000",
            "sentiment": 0,
            "surprise": "-0.02",
            "closePrice": "7.3958884845345"
        },
        {
            "fiscalDateEnding": "2019-09-30",
            "totalCurrentAssets": "165633000000",
            "cashAndShortTermInvestments": "51183000000",
            "totalCurrentLiabilities": "123342000000",
            "currentDebt": "None",
            "netIncome": "-6894000000",
            "capitalExpenditures": "1544000000",
            "operatingCashflow": "6989000000",
            "grossProfit": "21540000000",
            "totalRevenue": "57127000000",
            "sentiment": 0,
            "surprise": "0.11",
            "closePrice": "8.04402757141447"
        },
        {
            "fiscalDateEnding": "2019-06-30",
            "totalCurrentAssets": "163806000000",
            "cashAndShortTermInvestments": "45498000000",
            "totalCurrentLiabilities": "115272000000",
            "currentDebt": "None",
            "netIncome": "1847000000",
            "capitalExpenditures": "1544000000",
            "operatingCashflow": "3623000000",
            "grossProfit": "20071000000",
            "totalRevenue": "54810000000",
            "sentiment": 0,
            "surprise": "-0.02",
            "closePrice": "7.58233945473284"
        },
        {
            "fiscalDateEnding": "2019-03-31",
            "totalCurrentAssets": "160912000000",
            "cashAndShortTermInvestments": "45453000000",
            "totalCurrentLiabilities": "122129000000",
            "currentDebt": "None",
            "netIncome": "2403000000",
            "capitalExpenditures": "1771000000",
            "operatingCashflow": "5765000000",
            "grossProfit": "18779000000",
            "totalRevenue": "48906000000",
            "sentiment": 0,
            "surprise": "0.03",
            "closePrice": "9.22488371600401"
        },
        {
            "fiscalDateEnding": "2018-12-31",
            "totalCurrentAssets": "161167000000",
            "cashAndShortTermInvestments": "38389000000",
            "totalCurrentLiabilities": "110914000000",
            "currentDebt": "None",
            "netIncome": "-6497000000",
            "capitalExpenditures": "1275000000",
            "operatingCashflow": "4287000000",
            "grossProfit": "16379000000",
            "totalRevenue": "63809000000",
            "sentiment": 0,
            "surprise": "-0.19",
            "closePrice": "7.79121430624529"
        },
        {
            "fiscalDateEnding": "2018-09-30",
            "totalCurrentAssets": "156220000000",
            "cashAndShortTermInvestments": "36058000000",
            "totalCurrentLiabilities": "103083000000",
            "currentDebt": "None",
            "netIncome": "2748000000",
            "capitalExpenditures": "1239000000",
            "operatingCashflow": "2040000000",
            "grossProfit": "19630000000",
            "totalRevenue": "53810000000",
            "sentiment": 0,
            "surprise": "0.08",
            "closePrice": "8.2123610255018"
        },
        {
            "fiscalDateEnding": "2018-06-30",
            "totalCurrentAssets": "157451000000",
            "cashAndShortTermInvestments": "37049000000",
            "totalCurrentLiabilities": "104625000000",
            "currentDebt": "None",
            "netIncome": "-1802000000",
            "capitalExpenditures": "1276000000",
            "operatingCashflow": "1442000000",
            "grossProfit": "17333000000",
            "totalRevenue": "49808000000",
            "sentiment": 0,
            "surprise": "-0.03",
            "closePrice": "7.25600701719016"
        },
        {
            "fiscalDateEnding": "2018-03-31",
            "totalCurrentAssets": "151015000000",
            "cashAndShortTermInvestments": "36697000000",
            "totalCurrentLiabilities": "103721000000",
            "currentDebt": "None",
            "netIncome": "-725000000",
            "capitalExpenditures": "1110000000",
            "operatingCashflow": "1573000000",
            "grossProfit": "14858000000",
            "totalRevenue": "43411000000",
            "sentiment": 0,
            "surprise": "0.04",
            "closePrice": "6.82608640794914"
        },
        {
            "fiscalDateEnding": "2017-12-31",
            "totalCurrentAssets": "154820000000",
            "cashAndShortTermInvestments": "35884000000",
            "totalCurrentLiabilities": "97586000000",
            "currentDebt": "None",
            "netIncome": "-18864000000",
            "capitalExpenditures": "1243000000",
            "operatingCashflow": "11159000000",
            "grossProfit": "12039000000",
            "totalRevenue": "57199000000",
            "sentiment": 0,
            "surprise": "0.02",
            "closePrice": "5.53773386595352"
        },
        {
            "fiscalDateEnding": "2017-09-30",
            "totalCurrentAssets": "152488000000",
            "cashAndShortTermInvestments": "26210000000",
            "totalCurrentLiabilities": "88751000000",
            "currentDebt": "None",
            "netIncome": "-4348000000",
            "capitalExpenditures": "865000000",
            "operatingCashflow": "-18000000",
            "grossProfit": "12135000000",
            "totalRevenue": "47796000000",
            "sentiment": 0,
            "surprise": "-0.05",
            "closePrice": "5.54633283158388"
        },
        {
            "fiscalDateEnding": "2017-06-30",
            "totalCurrentAssets": "157784000000",
            "cashAndShortTermInvestments": "21446000000",
            "totalCurrentLiabilities": "91218000000",
            "currentDebt": "None",
            "netIncome": "-996000000",
            "capitalExpenditures": "1333000000",
            "operatingCashflow": "1000000",
            "grossProfit": "13933000000",
            "totalRevenue": "49939000000",
            "sentiment": 0,
            "surprise": "-0.03",
            "closePrice": "5.21527265481492"
        },
        {
            "fiscalDateEnding": "2017-03-31",
            "totalCurrentAssets": "175771000000",
            "cashAndShortTermInvestments": "36966000000",
            "totalCurrentLiabilities": "94765000000",
            "currentDebt": "None",
            "netIncome": "-1597000000",
            "capitalExpenditures": "2990000000",
            "operatingCashflow": "19412000000",
            "grossProfit": "17020000000",
            "totalRevenue": "65215000000",
            "sentiment": 0,
            "surprise": "0",
            "closePrice": "5.37435351897663"
        },
        {
            "fiscalDateEnding": "2016-12-31",
            "totalCurrentAssets": "175771000000",
            "cashAndShortTermInvestments": "36966000000",
            "totalCurrentLiabilities": "94765000000",
            "currentDebt": "None",
            "netIncome": "-1597000000",
            "capitalExpenditures": "2990000000",
            "operatingCashflow": "19412000000",
            "grossProfit": "17020000000",
            "totalRevenue": "65215000000",
            "sentiment": 0,
            "surprise": "0",
            "closePrice": "5.13230649753235"
        },
        {
            "fiscalDateEnding": "2016-09-30",
            "totalCurrentAssets": "174976000000",
            "cashAndShortTermInvestments": "24401000000",
            "totalCurrentLiabilities": "86611000000",
            "currentDebt": "None",
            "netIncome": "-180000000",
            "capitalExpenditures": "2269000000",
            "operatingCashflow": "-2317000000",
            "grossProfit": "14460000000",
            "totalRevenue": "51076000000",
            "sentiment": 0,
            "surprise": "-0.02",
            "closePrice": "4.31215208194645"
        },
        {
            "fiscalDateEnding": "2016-06-30",
            "totalCurrentAssets": "179727000000",
            "cashAndShortTermInvestments": "28931000000",
            "totalCurrentLiabilities": "90898000000",
            "currentDebt": "None",
            "netIncome": "1566000000",
            "capitalExpenditures": "2671000000",
            "operatingCashflow": "-713000000",
            "grossProfit": "17495000000",
            "totalRevenue": "54108000000",
            "sentiment": 0,
            "surprise": "-0.02",
            "closePrice": "5.98628171376096"
        },
        {
            "fiscalDateEnding": "2016-03-31",
            "totalCurrentAssets": "189525000000",
            "cashAndShortTermInvestments": "40224000000",
            "totalCurrentLiabilities": "87090000000",
            "currentDebt": "None",
            "netIncome": "6978000000",
            "capitalExpenditures": "2923000000",
            "operatingCashflow": "21859000000",
            "grossProfit": "26669000000",
            "totalRevenue": "73568000000",
            "sentiment": 0,
            "surprise": "-0.03",
            "closePrice": "6.9924505328818"
        },
        {
            "fiscalDateEnding": "2015-12-31",
            "totalCurrentAssets": "189525000000",
            "cashAndShortTermInvestments": "40224000000",
            "totalCurrentLiabilities": "87090000000",
            "currentDebt": "None",
            "netIncome": "6978000000",
            "capitalExpenditures": "2923000000",
            "operatingCashflow": "21859000000",
            "grossProfit": "26669000000",
            "totalRevenue": "73568000000",
            "sentiment": 0,
            "surprise": "0.05",
            "closePrice": "7.37399450793392"
        },
        {
            "fiscalDateEnding": "2015-09-30",
            "totalCurrentAssets": "184368000000",
            "cashAndShortTermInvestments": "33950000000",
            "totalCurrentLiabilities": "87438000000",
            "currentDebt": "None",
            "netIncome": "3118000000",
            "capitalExpenditures": "2789000000",
            "operatingCashflow": "1560000000",
            "grossProfit": "20051000000",
            "totalRevenue": "59161000000",
            "sentiment": 0,
            "surprise": "-0.01",
            "closePrice": "8.03839223334288"
        },
        {
            "fiscalDateEnding": "2015-06-30",
            "totalCurrentAssets": "185499000000",
            "cashAndShortTermInvestments": "32962000000",
            "totalCurrentLiabilities": "90022000000",
            "currentDebt": "None",
            "netIncome": "2123000000",
            "capitalExpenditures": "3267000000",
            "operatingCashflow": "3078000000",
            "grossProfit": "20135000000",
            "totalRevenue": "60671000000",
            "sentiment": 0,
            "surprise": "0.04",
            "closePrice": "8.85863633878603"
        },
        {
            "fiscalDateEnding": "2015-03-31",
            "totalCurrentAssets": "205411000000",
            "cashAndShortTermInvestments": "35311000000",
            "totalCurrentLiabilities": "101088000000",
            "currentDebt": "None",
            "netIncome": "1454000000",
            "capitalExpenditures": "2661000000",
            "operatingCashflow": "-5900000000",
            "grossProfit": "18964000000",
            "totalRevenue": "53520000000",
            "sentiment": 0,
            "surprise": "-0.04",
            "closePrice": "9.49842674103169"
        },
        {
            "fiscalDateEnding": "2014-12-31",
            "totalCurrentAssets": "201789000000",
            "cashAndShortTermInvestments": "40988000000",
            "totalCurrentLiabilities": "100824000000",
            "currentDebt": "None",
            "netIncome": "4165000000",
            "capitalExpenditures": "2539000000",
            "operatingCashflow": "8596000000",
            "grossProfit": "24886000000",
            "totalRevenue": "67986000000",
            "sentiment": 0,
            "surprise": "0.01",
            "closePrice": "9.57342943353954"
        },
        {
            "fiscalDateEnding": "2014-09-30",
            "totalCurrentAssets": "187611000000",
            "cashAndShortTermInvestments": "32042000000",
            "totalCurrentLiabilities": "91186000000",
            "currentDebt": "None",
            "netIncome": "2624000000",
            "capitalExpenditures": "1570000000",
            "operatingCashflow": "-1350000000",
            "grossProfit": "20281000000",
            "totalRevenue": "57643000000",
            "sentiment": 0,
            "surprise": "-0.01",
            "closePrice": "9.04507706776759"
        },
        {
            "fiscalDateEnding": "2014-06-30",
            "totalCurrentAssets": "183278000000",
            "cashAndShortTermInvestments": "33088000000",
            "totalCurrentLiabilities": "90678000000",
            "currentDebt": "None",
            "netIncome": "2662000000",
            "capitalExpenditures": "1505000000",
            "operatingCashflow": "2054000000",
            "grossProfit": "19939000000",
            "totalRevenue": "54849000000",
            "sentiment": 0,
            "surprise": "0",
            "closePrice": "10.022923237256"
        },
        {
            "fiscalDateEnding": "2014-03-31",
            "totalCurrentAssets": "190896000000",
            "cashAndShortTermInvestments": "42095000000",
            "totalCurrentLiabilities": "91344000000",
            "currentDebt": "None",
            "netIncome": "6444000000",
            "capitalExpenditures": "1433000000",
            "operatingCashflow": "14609000000",
            "grossProfit": "24861000000",
            "totalRevenue": "67032000000",
            "sentiment": 0,
            "surprise": "-0.03",
            "closePrice": "9.68383142041726"
        },
        {
            "fiscalDateEnding": "2013-12-31",
            "totalCurrentAssets": "190896000000",
            "cashAndShortTermInvestments": "42095000000",
            "totalCurrentLiabilities": "91344000000",
            "currentDebt": "None",
            "netIncome": "6444000000",
            "capitalExpenditures": "1433000000",
            "operatingCashflow": "14609000000",
            "grossProfit": "24861000000",
            "totalRevenue": "67032000000",
            "sentiment": 0,
            "surprise": "-0.07",
            "closePrice": "9.66730905734045"
        },
        {
            "fiscalDateEnding": "2013-09-30",
            "totalCurrentAssets": "176051000000",
            "cashAndShortTermInvestments": "35163000000",
            "totalCurrentLiabilities": "84056000000",
            "currentDebt": "None",
            "netIncome": "3010000000",
            "capitalExpenditures": "1015000000",
            "operatingCashflow": "1459000000",
            "grossProfit": "16953000000",
            "totalRevenue": "52981000000",
            "sentiment": 0,
            "surprise": "0.01",
            "closePrice": "9.60568477649684"
        },
        {
            "fiscalDateEnding": "2013-06-30",
            "totalCurrentAssets": "180133000000",
            "cashAndShortTermInvestments": "38479000000",
            "totalCurrentLiabilities": "88262000000",
            "currentDebt": "None",
            "netIncome": "1516000000",
            "capitalExpenditures": "1492000000",
            "operatingCashflow": "4291000000",
            "grossProfit": "17919000000",
            "totalRevenue": "55331000000",
            "sentiment": 0,
            "surprise": "-0.05",
            "closePrice": "8.93552072232264"
        },
        {
            "fiscalDateEnding": "2013-03-31",
            "totalCurrentAssets": "193254000000",
            "cashAndShortTermInvestments": "44682000000",
            "totalCurrentLiabilities": "97404000000",
            "currentDebt": "None",
            "netIncome": "-6255000000",
            "capitalExpenditures": "1756000000",
            "operatingCashflow": "15691000000",
            "grossProfit": "20803000000",
            "totalRevenue": "66936000000",
            "sentiment": 0,
            "surprise": "0.01",
            "closePrice": "9.23593909143522"
        },
        {
            "fiscalDateEnding": "2012-12-31",
            "totalCurrentAssets": "193254000000",
            "cashAndShortTermInvestments": "44682000000",
            "totalCurrentLiabilities": "97404000000",
            "currentDebt": "None",
            "netIncome": "-6255000000",
            "capitalExpenditures": "1756000000",
            "operatingCashflow": "15691000000",
            "grossProfit": "20803000000",
            "totalRevenue": "66936000000",
            "sentiment": 0,
            "surprise": "0",
            "closePrice": "8.63658875058663"
        },
        {
            "fiscalDateEnding": "2012-09-30",
            "totalCurrentAssets": "188927000000",
            "cashAndShortTermInvestments": "32845000000",
            "totalCurrentLiabilities": "89474000000",
            "currentDebt": "None",
            "netIncome": "2184000000",
            "capitalExpenditures": "1896000000",
            "operatingCashflow": "6973000000",
            "grossProfit": "16580000000",
            "totalRevenue": "54550000000",
            "sentiment": 0,
            "surprise": "0.03",
            "closePrice": "6.46255089268034"
        },
        {
            "fiscalDateEnding": "2012-06-30",
            "totalCurrentAssets": "188737000000",
            "cashAndShortTermInvestments": "28707000000",
            "totalCurrentLiabilities": "92568000000",
            "currentDebt": "None",
            "netIncome": "1205000000",
            "capitalExpenditures": "1529000000",
            "operatingCashflow": "-1364000000",
            "grossProfit": "17708000000",
            "totalRevenue": "55319000000",
            "sentiment": 0,
            "surprise": "-0.02",
            "closePrice": "6.44021488729089"
        },
        {
            "fiscalDateEnding": "2012-03-31",
            "totalCurrentAssets": "198816000000",
            "cashAndShortTermInvestments": "38676000000",
            "totalCurrentLiabilities": "97029000000",
            "currentDebt": "None",
            "netIncome": "1491000000",
            "capitalExpenditures": "2084000000",
            "operatingCashflow": "5467000000",
            "grossProfit": "19204000000",
            "totalRevenue": "63667000000",
            "sentiment": 0,
            "surprise": "0",
            "closePrice": "6.82320274736183"
        },
        {
            "fiscalDateEnding": "2011-12-31",
            "totalCurrentAssets": "198816000000",
            "cashAndShortTermInvestments": "38676000000",
            "totalCurrentLiabilities": "97029000000",
            "currentDebt": "None",
            "netIncome": "1491000000",
            "capitalExpenditures": "2084000000",
            "operatingCashflow": "5467000000",
            "grossProfit": "19204000000",
            "totalRevenue": "63667000000",
            "sentiment": 0,
            "surprise": "-0.17",
            "closePrice": "6.18665657910691"
        },
        {
            "fiscalDateEnding": "2011-09-30",
            "totalCurrentAssets": "202864000000",
            "cashAndShortTermInvestments": "36262000000",
            "totalCurrentLiabilities": "105088000000",
            "currentDebt": "None",
            "netIncome": "3782000000",
            "capitalExpenditures": "596000000",
            "operatingCashflow": "1640000000",
            "grossProfit": "19423000000",
            "totalRevenue": "55518000000",
            "sentiment": 0,
            "surprise": "-0.01",
            "closePrice": "7.2308783832105"
        },
        {
            "fiscalDateEnding": "2011-06-30",
            "totalCurrentAssets": "194407000000",
            "cashAndShortTermInvestments": "29464000000",
            "totalCurrentLiabilities": "97641000000",
            "currentDebt": "None",
            "netIncome": "3216000000",
            "capitalExpenditures": "1894000000",
            "operatingCashflow": "5781000000",
            "grossProfit": "20706000000",
            "totalRevenue": "54770000000",
            "sentiment": 0,
            "surprise": "0.01",
            "closePrice": "9.28356097072921"
        },
        {
            "fiscalDateEnding": "2011-03-31",
            "totalCurrentAssets": "198268000000",
            "cashAndShortTermInvestments": "30756000000",
            "totalCurrentLiabilities": "94146000000",
            "currentDebt": "None",
            "netIncome": "4080000000",
            "capitalExpenditures": "980000000",
            "operatingCashflow": "-2906000000",
            "grossProfit": "20388000000",
            "totalRevenue": "52966000000",
            "sentiment": 0,
            "surprise": "0.04",
            "closePrice": "10.6496319610291"
        },
        {
            "fiscalDateEnding": "2010-12-31",
            "totalCurrentAssets": "198443000000",
            "cashAndShortTermInvestments": "30864000000",
            "totalCurrentLiabilities": "96763000000",
            "currentDebt": "None",
            "netIncome": "4381000000",
            "capitalExpenditures": "2628000000",
            "operatingCashflow": "15177000000",
            "grossProfit": "21788000000",
            "totalRevenue": "62783000000",
            "sentiment": 0,
            "surprise": "-0.01",
            "closePrice": "8.46759979616206"
        },
        {
            "fiscalDateEnding": "2010-09-30",
            "totalCurrentAssets": "185265000000",
            "cashAndShortTermInvestments": "21197000000",
            "totalCurrentLiabilities": "88057000000",
            "currentDebt": "None",
            "netIncome": "3553000000",
            "capitalExpenditures": "1027000000",
            "operatingCashflow": "11819000000",
            "grossProfit": "18144000000",
            "totalRevenue": "47481000000",
            "sentiment": 0,
            "surprise": "0.03",
            "closePrice": "7.97440899589339"
        },
        {
            "fiscalDateEnding": "2010-06-30",
            "totalCurrentAssets": "185933000000",
            "cashAndShortTermInvestments": "15610000000",
            "totalCurrentLiabilities": "93176000000",
            "currentDebt": "None",
            "netIncome": "2027000000",
            "capitalExpenditures": "738000000",
            "operatingCashflow": "-2707000000",
            "grossProfit": "17737000000",
            "totalRevenue": "47972000000",
            "sentiment": 0,
            "surprise": "-0.02",
            "closePrice": "7.83548200990222"
        },
        {
            "fiscalDateEnding": "2010-03-31",
            "totalCurrentAssets": "182442000000",
            "cashAndShortTermInvestments": "22798000000",
            "totalCurrentLiabilities": "85487000000",
            "currentDebt": "None",
            "netIncome": "725000000",
            "capitalExpenditures": "1771000000",
            "operatingCashflow": "12526000000",
            "grossProfit": "18998000000",
            "totalRevenue": "58333000000",
            "sentiment": 0,
            "surprise": "0",
            "closePrice": "8.58568773425456"
        },
        {
            "fiscalDateEnding": "2009-12-31",
            "totalCurrentAssets": "182442000000",
            "cashAndShortTermInvestments": "22798000000",
            "totalCurrentLiabilities": "85487000000",
            "currentDebt": "None",
            "netIncome": "725000000",
            "capitalExpenditures": "1771000000",
            "operatingCashflow": "12526000000",
            "grossProfit": "18998000000",
            "totalRevenue": "58333000000",
            "sentiment": 0,
            "surprise": "-0.06",
            "closePrice": "6.63940718217283"
        },
        {
            "fiscalDateEnding": "2009-09-30",
            "totalCurrentAssets": "188149000000",
            "cashAndShortTermInvestments": "25685000000",
            "totalCurrentLiabilities": "81798000000",
            "currentDebt": "None",
            "netIncome": "772000000",
            "capitalExpenditures": "935000000",
            "operatingCashflow": "5677000000",
            "grossProfit": "15978000000",
            "totalRevenue": "46433000000",
            "sentiment": 0,
            "surprise": "-0.02",
            "closePrice": "7.02557678358492"
        },
        {
            "fiscalDateEnding": "2009-06-30",
            "totalCurrentAssets": "192834000000",
            "cashAndShortTermInvestments": "36963000000",
            "totalCurrentLiabilities": "89475000000",
            "currentDebt": "None",
            "netIncome": "797000000",
            "capitalExpenditures": "1516000000",
            "operatingCashflow": "9131000000",
            "grossProfit": "17611000000",
            "totalRevenue": "52142000000",
            "sentiment": 0,
            "surprise": "0",
            "closePrice": "6.53778360285385"
        },
        {
            "fiscalDateEnding": "2009-03-31",
            "totalCurrentAssets": "198525000000",
            "cashAndShortTermInvestments": "37813000000",
            "totalCurrentLiabilities": "104117000000",
            "currentDebt": "None",
            "netIncome": "4051491600",
            "capitalExpenditures": "1685695200",
            "operatingCashflow": "6937932000",
            "grossProfit": "22423895000",
            "totalRevenue": "66808522200",
            "sentiment": 0,
            "surprise": "0",
            "closePrice": "5.77899421060553"
        },
        {
            "fiscalDateEnding": "2008-12-31",
            "totalCurrentAssets": "198525000000",
            "cashAndShortTermInvestments": "37813000000",
            "totalCurrentLiabilities": "104117000000",
            "currentDebt": "None",
            "netIncome": "4051491600",
            "capitalExpenditures": "1685695200",
            "operatingCashflow": "6937932000",
            "grossProfit": "22423895000",
            "totalRevenue": "66808522200",
            "sentiment": 0,
            "surprise": "0.02",
            "closePrice": "5.09633209702053"
        },
        {
            "fiscalDateEnding": "2008-09-30",
            "totalCurrentAssets": "179921587800",
            "cashAndShortTermInvestments": "33756538600",
            "totalCurrentLiabilities": "92558251000",
            "currentDebt": "None",
            "netIncome": "2952081000",
            "capitalExpenditures": "2018649300",
            "operatingCashflow": "3788772700",
            "grossProfit": "17644675200",
            "totalRevenue": "49271923200",
            "sentiment": 0,
            "surprise": "0.09",
            "closePrice": "5.30785301414719"
        },
        {
            "fiscalDateEnding": "2008-06-30",
            "totalCurrentAssets": "157249084900",
            "cashAndShortTermInvestments": "30697884500",
            "totalCurrentLiabilities": "78615504800",
            "currentDebt": "None",
            "netIncome": "2043270000",
            "capitalExpenditures": "892972900",
            "operatingCashflow": "8543940900",
            "grossProfit": "17328187600",
            "totalRevenue": "48538205600",
            "sentiment": 0,
            "surprise": "0",
            "closePrice": "7.41645215675361"
        },
        {
            "fiscalDateEnding": "2008-03-31",
            "totalCurrentAssets": "158386700400",
            "cashAndShortTermInvestments": "28363128000",
            "totalCurrentLiabilities": "77810809600",
            "currentDebt": "None",
            "netIncome": "5872346100",
            "capitalExpenditures": "1661569400",
            "operatingCashflow": "12057476500",
            "grossProfit": "19818683300",
            "totalRevenue": "54877434500",
            "sentiment": 0,
            "surprise": "0.03",
            "closePrice": "8.14025029504641"
        },
        {
            "fiscalDateEnding": "2007-12-31",
            "totalCurrentAssets": "158386700400",
            "cashAndShortTermInvestments": "28363128000",
            "totalCurrentLiabilities": "77810809600",
            "currentDebt": "None",
            "netIncome": "5872346100",
            "capitalExpenditures": "1661569400",
            "operatingCashflow": "12057476500",
            "grossProfit": "19818683300",
            "totalRevenue": "54877434500",
            "sentiment": 0,
            "surprise": "-0.01",
            "closePrice": "6.99284622160483"
        },
        {
            "fiscalDateEnding": "2007-09-30",
            "totalCurrentAssets": "143412638600",
            "cashAndShortTermInvestments": "20611625300",
            "totalCurrentLiabilities": "67587855300",
            "currentDebt": "None",
            "netIncome": "3947094900",
            "capitalExpenditures": "873047000",
            "operatingCashflow": "-1603346500",
            "grossProfit": "15489285700",
            "totalRevenue": "43520581300",
            "sentiment": 0,
            "surprise": "-0.01",
            "closePrice": "9.22548283838932"
        },
        {
            "fiscalDateEnding": "2007-06-30",
            "totalCurrentAssets": "145405974000",
            "cashAndShortTermInvestments": "25546879400",
            "totalCurrentLiabilities": "72894400600",
            "currentDebt": "None",
            "netIncome": "6504527600",
            "capitalExpenditures": "820989500",
            "operatingCashflow": "4220042700",
            "grossProfit": "20440238000",
            "totalRevenue": "47593624400",
            "sentiment": 0,
            "surprise": "-0.03",
            "closePrice": "12.6346935813486"
        },
        {
            "fiscalDateEnding": "2007-03-31",
            "totalCurrentAssets": "151130005500",
            "cashAndShortTermInvestments": "29879062500",
            "totalCurrentLiabilities": "70118476500",
            "currentDebt": "None",
            "netIncome": "9629607000",
            "capitalExpenditures": "970094900",
            "operatingCashflow": "10940416200",
            "grossProfit": "22132662600",
            "totalRevenue": "52955700000",
            "sentiment": 0,
            "surprise": "0.01",
            "closePrice": "12.2224169333628"
        },
        {
            "fiscalDateEnding": "2006-12-31",
            "totalCurrentAssets": "151130005500",
            "cashAndShortTermInvestments": "29879062500",
            "totalCurrentLiabilities": "70118476500",
            "currentDebt": "None",
            "netIncome": "9629607000",
            "capitalExpenditures": "559978000",
            "operatingCashflow": "10940416200",
            "grossProfit": "22132662600",
            "totalRevenue": "52955700000",
            "sentiment": 0,
            "surprise": "0.06",
            "closePrice": "11.5493341661737"
        },
        {
            "fiscalDateEnding": "2006-09-30",
            "totalCurrentAssets": "146090876400",
            "cashAndShortTermInvestments": "18543884100",
            "totalCurrentLiabilities": "73001408400",
            "currentDebt": "None",
            "netIncome": "6244919400",
            "capitalExpenditures": "0",
            "operatingCashflow": "4846371000",
            "grossProfit": "15359061900",
            "totalRevenue": "40822962900",
            "sentiment": 0,
            "surprise": "0.02",
            "closePrice": "11.4839957993931"
        },
        {
            "fiscalDateEnding": "2006-06-30",
            "totalCurrentAssets": "136894371300",
            "cashAndShortTermInvestments": "16669288800",
            "totalCurrentLiabilities": "68739186600",
            "currentDebt": "None",
            "netIncome": "5727601500",
            "capitalExpenditures": "106744000",
            "operatingCashflow": "241642500",
            "grossProfit": "18594332100",
            "totalRevenue": "44232736500",
            "sentiment": 0,
            "surprise": "0.02",
            "closePrice": "9.66385558193308"
        },
        {
            "fiscalDateEnding": "2006-03-31",
            "totalCurrentAssets": "158047855200",
            "cashAndShortTermInvestments": "41712368700",
            "totalCurrentLiabilities": "81899547000",
            "currentDebt": "None",
            "netIncome": "8545622300",
            "capitalExpenditures": "46103000",
            "operatingCashflow": "15055427700",
            "grossProfit": "20183014100",
            "totalRevenue": "45703255900",
            "sentiment": 0,
            "surprise": "-0.02",
            "closePrice": "11.0048477763353"
        },
        {
            "fiscalDateEnding": "2005-12-31",
            "totalCurrentAssets": "158047855200",
            "cashAndShortTermInvestments": "41712368700",
            "totalCurrentLiabilities": "81899547000",
            "currentDebt": "None",
            "netIncome": "8545622300",
            "capitalExpenditures": "423964000",
            "operatingCashflow": "15055427700",
            "grossProfit": "20183014100",
            "totalRevenue": "45703255900",
            "sentiment": 0,
            "surprise": "0.05",
            "closePrice": "11.1703189934159"
        },
        {
            "fiscalDateEnding": "2005-09-30",
            "totalCurrentAssets": "147252973600",
            "cashAndShortTermInvestments": "23077709600",
            "totalCurrentLiabilities": "79413332800",
            "currentDebt": "None",
            "netIncome": "5296525830",
            "capitalExpenditures": "0",
            "operatingCashflow": "259186040",
            "grossProfit": "16365742400",
            "totalRevenue": "36199721600",
            "sentiment": 0,
            "surprise": "0",
            "closePrice": "9.9853098238841"
        },
        {
            "fiscalDateEnding": "2005-06-30",
            "totalCurrentAssets": "144001333140",
            "cashAndShortTermInvestments": "16338582760",
            "totalCurrentLiabilities": "84176503340",
            "currentDebt": "None",
            "netIncome": "5840339000",
            "capitalExpenditures": "0",
            "operatingCashflow": "7113171400",
            "grossProfit": "17642857770",
            "totalRevenue": "38433157630",
            "sentiment": 0,
            "surprise": "0.02",
            "closePrice": "10.6191519378197"
        },
        {
            "fiscalDateEnding": "2005-03-31",
            "totalCurrentAssets": "139204611430",
            "cashAndShortTermInvestments": "22563209990",
            "totalCurrentLiabilities": "73332200190",
            "currentDebt": "None",
            "netIncome": "4617291170",
            "capitalExpenditures": "0",
            "operatingCashflow": "-5769846240",
            "grossProfit": "15266051510",
            "totalRevenue": "31486673170",
            "sentiment": 0,
            "surprise": "0.03",
            "closePrice": "9.3300334355642"
        },
        {
            "fiscalDateEnding": "2004-12-31",
            "totalCurrentAssets": "137792140230",
            "cashAndShortTermInvestments": "12283253550",
            "totalCurrentLiabilities": "46010604490",
            "currentDebt": "None",
            "netIncome": "6095892190",
            "capitalExpenditures": "367688000",
            "operatingCashflow": "6433262160",
            "grossProfit": "18373823710",
            "totalRevenue": "40292430110",
            "sentiment": 0,
            "surprise": "-0.01",
            "closePrice": "8.71995466698128"
        },
        {
            "fiscalDateEnding": "2004-09-30",
            "totalCurrentAssets": "132223943250",
            "cashAndShortTermInvestments": "72615802800",
            "totalCurrentLiabilities": "45632364450",
            "currentDebt": "None",
            "netIncome": "4787025650",
            "capitalExpenditures": "0",
            "operatingCashflow": "6534155390",
            "grossProfit": "14987563950",
            "totalRevenue": "31838564700",
            "sentiment": 0,
            "surprise": "0",
            "closePrice": "8.5929209881699"
        },
        {
            "fiscalDateEnding": "2004-06-30",
            "totalCurrentAssets": "135452057290",
            "cashAndShortTermInvestments": "77827270590",
            "totalCurrentLiabilities": "49367988710",
            "currentDebt": "None",
            "netIncome": "5274007750",
            "capitalExpenditures": "0",
            "operatingCashflow": "6437927860",
            "grossProfit": "15544417690",
            "totalRevenue": "32523820290",
            "sentiment": 0,
            "surprise": "0.07",
            "closePrice": "8.35095207614822"
        },
        {
            "fiscalDateEnding": "2004-03-31",
            "totalCurrentAssets": "136454241000",
            "cashAndShortTermInvestments": "74313178500",
            "totalCurrentLiabilities": "54330119250",
            "currentDebt": "None",
            "netIncome": "2990303250",
            "capitalExpenditures": "0",
            "operatingCashflow": "3223803000",
            "grossProfit": "12556260750",
            "totalRevenue": "28080228000",
            "sentiment": 0,
            "surprise": "0.06",
            "closePrice": "8.91957901939917"
        },
        {
            "fiscalDateEnding": "2003-12-31",
            "totalCurrentAssets": "129641144760",
            "cashAndShortTermInvestments": "16568132550",
            "totalCurrentLiabilities": "53708063520",
            "currentDebt": "None",
            "netIncome": "161389290",
            "capitalExpenditures": "251008000",
            "operatingCashflow": "4646627130",
            "grossProfit": "14230928190",
            "totalRevenue": "36053884050",
            "sentiment": 0,
            "surprise": "0.05",
            "closePrice": "8.09688471852545"
        }
    ]
}