{
    "ESE": [
        {
            "fiscalDateEnding": "2023-12-31",
            "totalCurrentAssets": "603202000",
            "cashAndShortTermInvestments": "51396000",
            "totalCurrentLiabilities": "304693000",
            "currentDebt": "20000000",
            "netIncome": "15169000",
            "capitalExpenditures": "7848000",
            "operatingCashflow": "8746000",
            "grossProfit": "81496000",
            "totalRevenue": "215647000",
            "sentiment": 0.33815204334950516,
            "surprise": "-0.03",
            "closePrice": "103.762456828153"
        },
        {
            "fiscalDateEnding": "2023-09-30",
            "totalCurrentAssets": "581095000",
            "cashAndShortTermInvestments": "41866000",
            "totalCurrentLiabilities": "314651000",
            "currentDebt": "20000000",
            "netIncome": "31997000",
            "capitalExpenditures": "5384000",
            "operatingCashflow": "47688000",
            "grossProfit": "105876000",
            "totalRevenue": "270300000",
            "sentiment": 0.3347719204947828,
            "surprise": "0.03",
            "closePrice": "103.388173568436"
        },
        {
            "fiscalDateEnding": "2023-06-30",
            "totalCurrentAssets": "593822000",
            "cashAndShortTermInvestments": "56052000",
            "totalCurrentLiabilities": "308951000",
            "currentDebt": "20000000",
            "netIncome": "27943000",
            "capitalExpenditures": "6688000",
            "operatingCashflow": "34663000",
            "grossProfit": "98980000",
            "totalRevenue": "246254000",
            "sentiment": 0.4472297619928959,
            "surprise": "0.09",
            "closePrice": "102.321015049867"
        },
        {
            "fiscalDateEnding": "2023-03-31",
            "totalCurrentAssets": "570140000",
            "cashAndShortTermInvestments": "48221000",
            "totalCurrentLiabilities": "297055000",
            "currentDebt": "20000000",
            "netIncome": "17878000",
            "capitalExpenditures": "5514000",
            "operatingCashflow": "3547000",
            "grossProfit": "84571000",
            "totalRevenue": "226867000",
            "sentiment": 0.3441211096434672,
            "surprise": "0.05",
            "closePrice": "95.4724952487195"
        },
        {
            "fiscalDateEnding": "2022-12-31",
            "totalCurrentAssets": "534771000",
            "cashAndShortTermInvestments": "51900000",
            "totalCurrentLiabilities": "292760000",
            "currentDebt": "20000000",
            "netIncome": "14727000",
            "capitalExpenditures": "4791000",
            "operatingCashflow": "-9008000",
            "grossProfit": "77460000",
            "totalRevenue": "203843000",
            "sentiment": 0.3541248556477109,
            "surprise": "0.1",
            "closePrice": "99.2178083035618"
        },
        {
            "fiscalDateEnding": "2022-09-30",
            "totalCurrentAssets": "572622000",
            "cashAndShortTermInvestments": "97724000",
            "totalCurrentLiabilities": "318129000",
            "currentDebt": "20000000",
            "netIncome": "31040000",
            "capitalExpenditures": "6208000",
            "operatingCashflow": "93582000",
            "grossProfit": "100406000",
            "totalRevenue": "254729000",
            "sentiment": 0.2639492319469746,
            "surprise": "0.05",
            "closePrice": "87.7211387950982"
        },
        {
            "fiscalDateEnding": "2022-06-30",
            "totalCurrentAssets": "553465000",
            "cashAndShortTermInvestments": "61019000",
            "totalCurrentLiabilities": "292095000",
            "currentDebt": "20000000",
            "netIncome": "23173000",
            "capitalExpenditures": "5178000",
            "operatingCashflow": "18690000",
            "grossProfit": "83281000",
            "totalRevenue": "217735000",
            "sentiment": 0.0020648309260458578,
            "surprise": "0.02",
            "closePrice": "77.041205094015"
        },
        {
            "fiscalDateEnding": "2022-03-31",
            "totalCurrentAssets": "513398000",
            "cashAndShortTermInvestments": "54324000",
            "totalCurrentLiabilities": "277795000",
            "currentDebt": "20000000",
            "netIncome": "16583000",
            "capitalExpenditures": "6582000",
            "operatingCashflow": "21057000",
            "grossProfit": "75533000",
            "totalRevenue": "203908000",
            "sentiment": 1.574620038979858e-05,
            "surprise": "0.09",
            "closePrice": "60.6843519943648"
        },
        {
            "fiscalDateEnding": "2021-12-31",
            "totalCurrentAssets": "484802000",
            "cashAndShortTermInvestments": "55700000",
            "totalCurrentLiabilities": "265874000",
            "currentDebt": "20000000",
            "netIncome": "11524000",
            "capitalExpenditures": "14133000",
            "operatingCashflow": "1946000",
            "grossProfit": "67972000",
            "totalRevenue": "176277000",
            "sentiment": 0,
            "surprise": "-0.06",
            "closePrice": "77.4279277414744"
        },
        {
            "fiscalDateEnding": "2021-09-30",
            "totalCurrentAssets": "466154000",
            "cashAndShortTermInvestments": "56232000",
            "totalCurrentLiabilities": "274995000",
            "currentDebt": "20000000",
            "netIncome": "20365000",
            "capitalExpenditures": "8818000",
            "operatingCashflow": "47739000",
            "grossProfit": "76416000",
            "totalRevenue": "204676000",
            "sentiment": 0,
            "surprise": "0.07",
            "closePrice": "91.489907295957"
        },
        {
            "fiscalDateEnding": "2021-06-30",
            "totalCurrentAssets": "470865000",
            "cashAndShortTermInvestments": "78359000",
            "totalCurrentLiabilities": "253392000",
            "currentDebt": "20000000",
            "netIncome": "14909000",
            "capitalExpenditures": "4734000",
            "operatingCashflow": "18078000",
            "grossProfit": "67304000",
            "totalRevenue": "180914000",
            "sentiment": 0,
            "surprise": "-0.15",
            "closePrice": "93.1274164624228"
        },
        {
            "fiscalDateEnding": "2021-03-31",
            "totalCurrentAssets": "428100000",
            "cashAndShortTermInvestments": "45700000",
            "totalCurrentLiabilities": "246583000",
            "currentDebt": "20000000",
            "netIncome": "15404000",
            "capitalExpenditures": "7180000",
            "operatingCashflow": "32530000",
            "grossProfit": "63099000",
            "totalRevenue": "166212000",
            "sentiment": 0,
            "surprise": "0.04",
            "closePrice": "108.171962612085"
        },
        {
            "fiscalDateEnding": "2020-12-31",
            "totalCurrentAssets": "452245000",
            "cashAndShortTermInvestments": "57362000",
            "totalCurrentLiabilities": "254623000",
            "currentDebt": "21842000",
            "netIncome": "12818000",
            "capitalExpenditures": "5973000",
            "operatingCashflow": "24792000",
            "grossProfit": "63631000",
            "totalRevenue": "162408000",
            "sentiment": 0,
            "surprise": "0.1",
            "closePrice": "101.569040624673"
        },
        {
            "fiscalDateEnding": "2020-09-30",
            "totalCurrentAssets": "443293000",
            "cashAndShortTermInvestments": "52560000",
            "totalCurrentLiabilities": "255484000",
            "currentDebt": "22368000",
            "netIncome": "-21306000",
            "capitalExpenditures": "3817000",
            "operatingCashflow": "43265000",
            "grossProfit": "208030000",
            "totalRevenue": "208030000",
            "sentiment": 0,
            "surprise": "0.14",
            "closePrice": "97.4805432071541"
        },
        {
            "fiscalDateEnding": "2020-06-30",
            "totalCurrentAssets": "513484000",
            "cashAndShortTermInvestments": "104739000",
            "totalCurrentLiabilities": "242415000",
            "currentDebt": "21577000",
            "netIncome": "18687000",
            "capitalExpenditures": "7080000",
            "operatingCashflow": "16985000",
            "grossProfit": "63456000",
            "totalRevenue": "171142000",
            "sentiment": 0,
            "surprise": "0.27",
            "closePrice": "92.0953118745724"
        },
        {
            "fiscalDateEnding": "2020-03-31",
            "totalCurrentAssets": "511600000",
            "cashAndShortTermInvestments": "100195000",
            "totalCurrentLiabilities": "251029000",
            "currentDebt": "20000000",
            "netIncome": "17822000",
            "capitalExpenditures": "8564000",
            "operatingCashflow": "19323000",
            "grossProfit": "65930000",
            "totalRevenue": "179172000",
            "sentiment": 0,
            "surprise": "0.11",
            "closePrice": "73.0006829950558"
        },
        {
            "fiscalDateEnding": "2019-12-31",
            "totalCurrentAssets": "498298000",
            "cashAndShortTermInvestments": "96692000",
            "totalCurrentLiabilities": "252030000",
            "currentDebt": "20000000",
            "netIncome": "86777000",
            "capitalExpenditures": "12647000",
            "operatingCashflow": "2707000",
            "grossProfit": "62580000",
            "totalRevenue": "169307000",
            "sentiment": 0,
            "surprise": "0.03",
            "closePrice": "95.8072867287062"
        },
        {
            "fiscalDateEnding": "2019-09-30",
            "totalCurrentAssets": "495194000",
            "cashAndShortTermInvestments": "61808000",
            "totalCurrentLiabilities": "251635000",
            "currentDebt": "20000000",
            "netIncome": "24858000",
            "capitalExpenditures": "-8464000",
            "operatingCashflow": "68096000",
            "grossProfit": "236658000",
            "totalRevenue": "236658000",
            "sentiment": 0,
            "surprise": "0.02",
            "closePrice": "85.1791622602286"
        },
        {
            "fiscalDateEnding": "2019-06-30",
            "totalCurrentAssets": "450206000",
            "cashAndShortTermInvestments": "38956000",
            "totalCurrentLiabilities": "199736000",
            "currentDebt": "20921000",
            "netIncome": "20067000",
            "capitalExpenditures": "15239000",
            "operatingCashflow": "20049000",
            "grossProfit": "75621000",
            "totalRevenue": "197793000",
            "sentiment": 0,
            "surprise": "0.04",
            "closePrice": "80.2348139792423"
        },
        {
            "fiscalDateEnding": "2019-03-31",
            "totalCurrentAssets": "435959000",
            "cashAndShortTermInvestments": "34955000",
            "totalCurrentLiabilities": "201945000",
            "currentDebt": "20000000",
            "netIncome": "18797000",
            "capitalExpenditures": "8540000",
            "operatingCashflow": "8890000",
            "grossProfit": "90402000",
            "totalRevenue": "193949000",
            "sentiment": 0,
            "surprise": "0.14",
            "closePrice": "74.1785243570086"
        },
        {
            "fiscalDateEnding": "2018-12-31",
            "totalCurrentAssets": "411919000",
            "cashAndShortTermInvestments": "36630000",
            "totalCurrentLiabilities": "194668000",
            "currentDebt": "20273000",
            "netIncome": "17317000",
            "capitalExpenditures": "8885000",
            "operatingCashflow": "8102000",
            "grossProfit": "80143000",
            "totalRevenue": "182597000",
            "sentiment": 0,
            "surprise": "0.03",
            "closePrice": "63.9724069209148"
        },
        {
            "fiscalDateEnding": "2018-09-30",
            "totalCurrentAssets": "396023000",
            "cashAndShortTermInvestments": "30477000",
            "totalCurrentLiabilities": "200530000",
            "currentDebt": "20000000",
            "netIncome": "28452000",
            "capitalExpenditures": "-296000",
            "operatingCashflow": "39315000",
            "grossProfit": "158284000",
            "totalRevenue": "231086000",
            "sentiment": 0,
            "surprise": "0.06",
            "closePrice": "62.463670526731"
        },
        {
            "fiscalDateEnding": "2018-06-30",
            "totalCurrentAssets": "409996000",
            "cashAndShortTermInvestments": "43259000",
            "totalCurrentLiabilities": "200022000",
            "currentDebt": "20000000",
            "netIncome": "19019000",
            "capitalExpenditures": "5444000",
            "operatingCashflow": "20473000",
            "grossProfit": "69418000",
            "totalRevenue": "192223000",
            "sentiment": 0,
            "surprise": "0.02",
            "closePrice": "61.4787601421923"
        },
        {
            "fiscalDateEnding": "2018-03-31",
            "totalCurrentAssets": "391680000",
            "cashAndShortTermInvestments": "42905000",
            "totalCurrentLiabilities": "185830000",
            "currentDebt": "20000000",
            "netIncome": "9994000",
            "capitalExpenditures": "6489000",
            "operatingCashflow": "15674000",
            "grossProfit": "62408000",
            "totalRevenue": "174778000",
            "sentiment": 0,
            "surprise": "0.08",
            "closePrice": "56.1680114976548"
        },
        {
            "fiscalDateEnding": "2017-12-31",
            "totalCurrentAssets": "373027000",
            "cashAndShortTermInvestments": "41600000",
            "totalCurrentLiabilities": "178032000",
            "currentDebt": "20000000",
            "netIncome": "34671000",
            "capitalExpenditures": "3606000",
            "operatingCashflow": "17797000",
            "grossProfit": "61759000",
            "totalRevenue": "173495000",
            "sentiment": 0,
            "surprise": "0.02",
            "closePrice": "57.8931835661083"
        },
        {
            "fiscalDateEnding": "2017-09-30",
            "totalCurrentAssets": "392792000",
            "cashAndShortTermInvestments": "45516000",
            "totalCurrentLiabilities": "194969000",
            "currentDebt": "20000000",
            "netIncome": "19174000",
            "capitalExpenditures": "6645000",
            "operatingCashflow": "33868000",
            "grossProfit": "77236000",
            "totalRevenue": "207005000",
            "sentiment": 0,
            "surprise": "0",
            "closePrice": "55.965694581156"
        },
        {
            "fiscalDateEnding": "2017-06-30",
            "totalCurrentAssets": "380627000",
            "cashAndShortTermInvestments": "48521000",
            "totalCurrentLiabilities": "175579000",
            "currentDebt": "20000000",
            "netIncome": "12645000",
            "capitalExpenditures": "7620000",
            "operatingCashflow": "-3183000",
            "grossProfit": "62333000",
            "totalRevenue": "171189000",
            "sentiment": 0,
            "surprise": "0.01",
            "closePrice": "59.5408492457185"
        },
        {
            "fiscalDateEnding": "2017-03-31",
            "totalCurrentAssets": "343544000",
            "cashAndShortTermInvestments": "53500000",
            "totalCurrentLiabilities": "162341000",
            "currentDebt": "20000000",
            "netIncome": "11157000",
            "capitalExpenditures": "8446000",
            "operatingCashflow": "20919000",
            "grossProfit": "55799000",
            "totalRevenue": "161178000",
            "sentiment": 0,
            "surprise": "0.01",
            "closePrice": "57.0807153100014"
        },
        {
            "fiscalDateEnding": "2016-12-31",
            "totalCurrentAssets": "332716000",
            "cashAndShortTermInvestments": "51755000",
            "totalCurrentLiabilities": "149391000",
            "currentDebt": "20000000",
            "netIncome": "10727000",
            "capitalExpenditures": "6989000",
            "operatingCashflow": "15736000",
            "grossProfit": "53454000",
            "totalRevenue": "146368000",
            "sentiment": 0,
            "surprise": "0.01",
            "closePrice": "55.6921902485118"
        },
        {
            "fiscalDateEnding": "2016-09-30",
            "totalCurrentAssets": "323483000",
            "cashAndShortTermInvestments": "53825000",
            "totalCurrentLiabilities": "158076000",
            "currentDebt": "20000000",
            "netIncome": "16915000",
            "capitalExpenditures": "6031000",
            "operatingCashflow": "40617000",
            "grossProfit": "159505000",
            "totalRevenue": "160422000",
            "sentiment": 0,
            "surprise": "0.03",
            "closePrice": "48.9768327067261"
        },
        {
            "fiscalDateEnding": "2016-06-30",
            "totalCurrentAssets": "321860000",
            "cashAndShortTermInvestments": "40542000",
            "totalCurrentLiabilities": "143891000",
            "currentDebt": "21458000",
            "netIncome": "11528000",
            "capitalExpenditures": "2528000",
            "operatingCashflow": "24163000",
            "grossProfit": "53269000",
            "totalRevenue": "139871000",
            "sentiment": 0,
            "surprise": "0.06",
            "closePrice": "41.4636372459357"
        },
        {
            "fiscalDateEnding": "2016-03-31",
            "totalCurrentAssets": "320957000",
            "cashAndShortTermInvestments": "38759000",
            "totalCurrentLiabilities": "139051000",
            "currentDebt": "20890000",
            "netIncome": "8610000",
            "capitalExpenditures": "2535000",
            "operatingCashflow": "9156000",
            "grossProfit": "50444000",
            "totalRevenue": "138562000",
            "sentiment": 0,
            "surprise": "0.05",
            "closePrice": "36.9695073284342"
        },
        {
            "fiscalDateEnding": "2015-12-31",
            "totalCurrentAssets": "300828000",
            "cashAndShortTermInvestments": "39825000",
            "totalCurrentLiabilities": "128738000",
            "currentDebt": "20000000",
            "netIncome": "8829000",
            "capitalExpenditures": "2749000",
            "operatingCashflow": "469000",
            "grossProfit": "52555000",
            "totalRevenue": "132604000",
            "sentiment": 0,
            "surprise": "0.11",
            "closePrice": "33.1466129799251"
        },
        {
            "fiscalDateEnding": "2015-09-30",
            "totalCurrentAssets": "298251000",
            "cashAndShortTermInvestments": "39411000",
            "totalCurrentLiabilities": "143211000",
            "currentDebt": "20000000",
            "netIncome": "12983000",
            "capitalExpenditures": "1887000",
            "operatingCashflow": "34195000",
            "grossProfit": "153612000",
            "totalRevenue": "153612000",
            "sentiment": 0,
            "surprise": "-0.12",
            "closePrice": "33.3344104275228"
        },
        {
            "fiscalDateEnding": "2015-06-30",
            "totalCurrentAssets": "302084000",
            "cashAndShortTermInvestments": "36879000",
            "totalCurrentLiabilities": "132416000",
            "currentDebt": "20407000",
            "netIncome": "11896000",
            "capitalExpenditures": "2951000",
            "operatingCashflow": "15489000",
            "grossProfit": "50988000",
            "totalRevenue": "133944000",
            "sentiment": 0,
            "surprise": "0",
            "closePrice": "36.1660730249089"
        },
        {
            "fiscalDateEnding": "2015-03-31",
            "totalCurrentAssets": "292060000",
            "cashAndShortTermInvestments": "34719000",
            "totalCurrentLiabilities": "128309000",
            "currentDebt": "20000000",
            "netIncome": "7610000",
            "capitalExpenditures": "4074000",
            "operatingCashflow": "16467000",
            "grossProfit": "48588000",
            "totalRevenue": "128728000",
            "sentiment": 0,
            "surprise": "0.03",
            "closePrice": "35.1127465748391"
        },
        {
            "fiscalDateEnding": "2014-12-31",
            "totalCurrentAssets": "283511000",
            "cashAndShortTermInvestments": "38609000",
            "totalCurrentLiabilities": "113952000",
            "currentDebt": "20000000",
            "netIncome": "10023000",
            "capitalExpenditures": "3532000",
            "operatingCashflow": "-398000",
            "grossProfit": "49932000",
            "totalRevenue": "120352000",
            "sentiment": 0,
            "surprise": "0.1",
            "closePrice": "35.3846495241764"
        },
        {
            "fiscalDateEnding": "2014-09-30",
            "totalCurrentAssets": "295953000",
            "cashAndShortTermInvestments": "35131000",
            "totalCurrentLiabilities": "147100000",
            "currentDebt": "20000000",
            "netIncome": "11308000",
            "capitalExpenditures": "4598000",
            "operatingCashflow": "22435000",
            "grossProfit": "151413000",
            "totalRevenue": "151413000",
            "sentiment": 0,
            "surprise": "0.05",
            "closePrice": "35.6523081772416"
        },
        {
            "fiscalDateEnding": "2014-06-30",
            "totalCurrentAssets": "287005000",
            "cashAndShortTermInvestments": "40215000",
            "totalCurrentLiabilities": "127781000",
            "currentDebt": "20000000",
            "netIncome": "11590000",
            "capitalExpenditures": "2317000",
            "operatingCashflow": "5918000",
            "grossProfit": "50740000",
            "totalRevenue": "130348000",
            "sentiment": 0,
            "surprise": "0.05",
            "closePrice": "31.8242260738815"
        },
        {
            "fiscalDateEnding": "2014-03-31",
            "totalCurrentAssets": "276993000",
            "cashAndShortTermInvestments": "36362000",
            "totalCurrentLiabilities": "152029000",
            "currentDebt": "None",
            "netIncome": "-33677000",
            "capitalExpenditures": "3664000",
            "operatingCashflow": "21774000",
            "grossProfit": "46672000",
            "totalRevenue": "124108000",
            "sentiment": 0,
            "surprise": "0.06",
            "closePrice": "31.0960893905744"
        },
        {
            "fiscalDateEnding": "2013-12-31",
            "totalCurrentAssets": "383804000",
            "cashAndShortTermInvestments": "34367000",
            "totalCurrentLiabilities": "207056000",
            "currentDebt": "None",
            "netIncome": "11189000",
            "capitalExpenditures": "2135000",
            "operatingCashflow": "-6685000",
            "grossProfit": "49477000",
            "totalRevenue": "123758000",
            "sentiment": 0,
            "surprise": "0.07",
            "closePrice": "31.564865741692"
        },
        {
            "fiscalDateEnding": "2013-09-30",
            "totalCurrentAssets": "393921000",
            "cashAndShortTermInvestments": "42850000",
            "totalCurrentLiabilities": "230356000",
            "currentDebt": "50000000",
            "netIncome": "-32305000",
            "capitalExpenditures": "3615000",
            "operatingCashflow": "34918000",
            "grossProfit": "144600000",
            "totalRevenue": "144600000",
            "sentiment": 0,
            "surprise": "0.04",
            "closePrice": "34.191936699884"
        },
        {
            "fiscalDateEnding": "2013-06-30",
            "totalCurrentAssets": "376577000",
            "cashAndShortTermInvestments": "31647000",
            "totalCurrentLiabilities": "211130000",
            "currentDebt": "50000000",
            "netIncome": "4897000",
            "capitalExpenditures": "2642000",
            "operatingCashflow": "10169000",
            "grossProfit": "46588000",
            "totalRevenue": "116144000",
            "sentiment": 0,
            "surprise": "-0.22",
            "closePrice": "32.0276498647095"
        },
        {
            "fiscalDateEnding": "2013-03-31",
            "totalCurrentAssets": "371459000",
            "cashAndShortTermInvestments": "35880000",
            "totalCurrentLiabilities": "209338000",
            "currentDebt": "51698000",
            "netIncome": "1559000",
            "capitalExpenditures": "3544000",
            "operatingCashflow": "411000",
            "grossProfit": "54829000",
            "totalRevenue": "165510000",
            "sentiment": 0,
            "surprise": "-0.06",
            "closePrice": "33.9232397062504"
        },
        {
            "fiscalDateEnding": "2012-12-31",
            "totalCurrentAssets": "343631000",
            "cashAndShortTermInvestments": "33489000",
            "totalCurrentLiabilities": "194946000",
            "currentDebt": "51630000",
            "netIncome": "246000",
            "capitalExpenditures": "4061000",
            "operatingCashflow": "1653000",
            "grossProfit": "50664000",
            "totalRevenue": "144702000",
            "sentiment": 0,
            "surprise": "-0.04",
            "closePrice": "37.832399738882"
        },
        {
            "fiscalDateEnding": "2012-09-30",
            "totalCurrentAssets": "343444000",
            "cashAndShortTermInvestments": "30215000",
            "totalCurrentLiabilities": "204205000",
            "currentDebt": "50000000",
            "netIncome": "17679000",
            "capitalExpenditures": "3205000",
            "operatingCashflow": "18201000",
            "grossProfit": "192166000",
            "totalRevenue": "192166000",
            "sentiment": 0,
            "surprise": "0.03",
            "closePrice": "33.7290025872333"
        },
        {
            "fiscalDateEnding": "2012-06-30",
            "totalCurrentAssets": "330361000",
            "cashAndShortTermInvestments": "32157000",
            "totalCurrentLiabilities": "198687000",
            "currentDebt": "50000000",
            "netIncome": "13791000",
            "capitalExpenditures": "1442000",
            "operatingCashflow": "24098000",
            "grossProfit": "65445000",
            "totalRevenue": "168533000",
            "sentiment": 0,
            "surprise": "-0.13",
            "closePrice": "33.836161586476"
        },
        {
            "fiscalDateEnding": "2012-03-31",
            "totalCurrentAssets": "327689000",
            "cashAndShortTermInvestments": "27071000",
            "totalCurrentLiabilities": "270334000",
            "currentDebt": "126365000",
            "netIncome": "10202000",
            "capitalExpenditures": "3065000",
            "operatingCashflow": "11383000",
            "grossProfit": "67426000",
            "totalRevenue": "173393000",
            "sentiment": 0,
            "surprise": "-0.01",
            "closePrice": "30.9305074293255"
        },
        {
            "fiscalDateEnding": "2011-12-31",
            "totalCurrentAssets": "318156000",
            "cashAndShortTermInvestments": "28626000",
            "totalCurrentLiabilities": "264929000",
            "currentDebt": "129646000",
            "netIncome": "5207000",
            "capitalExpenditures": "3087000",
            "operatingCashflow": "-518000",
            "grossProfit": "59713000",
            "totalRevenue": "152434000",
            "sentiment": 0,
            "surprise": "-0.09",
            "closePrice": "30.3417067507889"
        },
        {
            "fiscalDateEnding": "2011-09-30",
            "totalCurrentAssets": "328354000",
            "cashAndShortTermInvestments": "34158000",
            "totalCurrentLiabilities": "205837000",
            "currentDebt": "50000000",
            "netIncome": "15383000",
            "capitalExpenditures": "2023000",
            "operatingCashflow": "27012000",
            "grossProfit": "184201000",
            "totalRevenue": "190701000",
            "sentiment": 0,
            "surprise": "0",
            "closePrice": "28.0881889776662"
        },
        {
            "fiscalDateEnding": "2011-06-30",
            "totalCurrentAssets": "319252000",
            "cashAndShortTermInvestments": "31798000",
            "totalCurrentLiabilities": "200034000",
            "currentDebt": "50370000",
            "netIncome": "13078000",
            "capitalExpenditures": "3656000",
            "operatingCashflow": "11637000",
            "grossProfit": "70270000",
            "totalRevenue": "175792000",
            "sentiment": 0,
            "surprise": "0.04",
            "closePrice": "31.4698355025496"
        },
        {
            "fiscalDateEnding": "2011-03-31",
            "totalCurrentAssets": "308997000",
            "cashAndShortTermInvestments": "32604000",
            "totalCurrentLiabilities": "198042000",
            "currentDebt": "51508000",
            "netIncome": "13227000",
            "capitalExpenditures": "2975000",
            "operatingCashflow": "16827000",
            "grossProfit": "67616000",
            "totalRevenue": "166210000",
            "sentiment": 0,
            "surprise": "0.12",
            "closePrice": "34.1978484385067"
        },
        {
            "fiscalDateEnding": "2010-12-31",
            "totalCurrentAssets": "286101000",
            "cashAndShortTermInvestments": "29848000",
            "totalCurrentLiabilities": "178334000",
            "currentDebt": "51533000",
            "netIncome": "10813000",
            "capitalExpenditures": "2661000",
            "operatingCashflow": "19140000",
            "grossProfit": "61679000",
            "totalRevenue": "159162000",
            "sentiment": 0,
            "surprise": "0.21",
            "closePrice": "34.0249277256403"
        },
        {
            "fiscalDateEnding": "2010-09-30",
            "totalCurrentAssets": "296361000",
            "cashAndShortTermInvestments": "26508000",
            "totalCurrentLiabilities": "186980000",
            "currentDebt": "50000000",
            "netIncome": "23897000",
            "capitalExpenditures": "3330000",
            "operatingCashflow": "51106000",
            "grossProfit": "207925000",
            "totalRevenue": "207925000",
            "sentiment": 0,
            "surprise": "0.08",
            "closePrice": "33.4936726191547"
        },
        {
            "fiscalDateEnding": "2010-06-30",
            "totalCurrentAssets": "274397000",
            "cashAndShortTermInvestments": "20334000",
            "totalCurrentLiabilities": "162626000",
            "currentDebt": "50000000",
            "netIncome": "14547000",
            "capitalExpenditures": "3034000",
            "operatingCashflow": "13076000",
            "grossProfit": "64797000",
            "totalRevenue": "156791000",
            "sentiment": 0,
            "surprise": "0.05",
            "closePrice": "27.6819484389587"
        }
    ]
}