{
    "ESTC": [
        {
            "fiscalDateEnding": "2024-01-31",
            "totalCurrentAssets": "1362123000",
            "cashAndShortTermInvestments": "526893000",
            "totalCurrentLiabilities": "728272000",
            "currentDebt": "None",
            "netIncome": "176124000",
            "capitalExpenditures": "1077000",
            "operatingCashflow": "52389000",
            "grossProfit": "243315000",
            "totalRevenue": "321589000",
            "sentiment": 0.32935768556217554,
            "surprise": "0.04",
            "closePrice": "133.81"
        },
        {
            "fiscalDateEnding": "2023-10-31",
            "totalCurrentAssets": "1301769000",
            "cashAndShortTermInvestments": "589685000",
            "totalCurrentLiabilities": "687231000",
            "currentDebt": "None",
            "netIncome": "-24796000",
            "capitalExpenditures": "896000",
            "operatingCashflow": "-2387000",
            "grossProfit": "230523000",
            "totalRevenue": "304263000",
            "sentiment": 0.1855849026512089,
            "surprise": "0.12",
            "closePrice": "80.36"
        },
        {
            "fiscalDateEnding": "2023-07-31",
            "totalCurrentAssets": "1240364000",
            "cashAndShortTermInvestments": "630565000",
            "totalCurrentLiabilities": "671734000",
            "currentDebt": "None",
            "netIncome": "-48508000",
            "capitalExpenditures": "632000",
            "operatingCashflow": "37812000",
            "grossProfit": "216276000",
            "totalRevenue": "286247000",
            "sentiment": -0.2459365839110255,
            "surprise": "0.14",
            "closePrice": "61.88"
        },
        {
            "fiscalDateEnding": "2023-04-30",
            "totalCurrentAssets": "1274280000",
            "cashAndShortTermInvestments": "644167000",
            "totalCurrentLiabilities": "716619000",
            "currentDebt": "None",
            "netIncome": "-46731000",
            "capitalExpenditures": "1665000",
            "operatingCashflow": "27555000",
            "grossProfit": "206259000",
            "totalRevenue": "277304000",
            "sentiment": 0,
            "surprise": "0.12",
            "closePrice": "71.66"
        },
        {
            "fiscalDateEnding": "2023-01-31",
            "totalCurrentAssets": "1164728000",
            "cashAndShortTermInvestments": "877683000",
            "totalCurrentLiabilities": "617109000",
            "currentDebt": "None",
            "netIncome": "-72574000",
            "capitalExpenditures": "197000",
            "operatingCashflow": "7170000",
            "grossProfit": "199358000",
            "totalRevenue": "268301000",
            "sentiment": 0.24518947641889147,
            "surprise": "0.12",
            "closePrice": "58.41"
        },
        {
            "fiscalDateEnding": "2022-10-31",
            "totalCurrentAssets": "1122976000",
            "cashAndShortTermInvestments": "856237000",
            "totalCurrentLiabilities": "586972000",
            "currentDebt": "None",
            "netIncome": "-47305000",
            "capitalExpenditures": "343000",
            "operatingCashflow": "10642000",
            "grossProfit": "189644000",
            "totalRevenue": "258192000",
            "sentiment": 0.09314576958294656,
            "surprise": "0.1019",
            "closePrice": "61.19"
        },
        {
            "fiscalDateEnding": "2022-07-31",
            "totalCurrentAssets": "1100214000",
            "cashAndShortTermInvestments": "848761000",
            "totalCurrentLiabilities": "560323000",
            "currentDebt": "None",
            "netIncome": "-69551000",
            "capitalExpenditures": "479000",
            "operatingCashflow": "-9705000",
            "grossProfit": "177102000",
            "totalRevenue": "241901000",
            "sentiment": 0,
            "surprise": "0.02",
            "closePrice": "84.98"
        },
        {
            "fiscalDateEnding": "2022-04-30",
            "totalCurrentAssets": "1163708000",
            "cashAndShortTermInvestments": "860949000",
            "totalCurrentLiabilities": "593330000",
            "currentDebt": "None",
            "netIncome": "-65610000",
            "capitalExpenditures": "2203000",
            "operatingCashflow": "-3050000",
            "grossProfit": "171991000",
            "totalRevenue": "232689000",
            "sentiment": 0,
            "surprise": "0.06",
            "closePrice": "61.94"
        },
        {
            "fiscalDateEnding": "2022-01-31",
            "totalCurrentAssets": "1092852000",
            "cashAndShortTermInvestments": "864363000",
            "totalCurrentLiabilities": "491353000",
            "currentDebt": "None",
            "netIncome": "-56726000",
            "capitalExpenditures": "1750000",
            "operatingCashflow": "5054000",
            "grossProfit": "162660000",
            "totalRevenue": "217769000",
            "sentiment": 0,
            "surprise": "0.09",
            "closePrice": "80.75"
        },
        {
            "fiscalDateEnding": "2021-10-31",
            "totalCurrentAssets": "1109908000",
            "cashAndShortTermInvestments": "876059000",
            "totalCurrentLiabilities": "480390000",
            "currentDebt": "None",
            "netIncome": "-47023000",
            "capitalExpenditures": "2804000",
            "operatingCashflow": "-10383000",
            "grossProfit": "152096000",
            "totalRevenue": "199648000",
            "sentiment": 0,
            "surprise": "0.07",
            "closePrice": "139.13"
        },
        {
            "fiscalDateEnding": "2021-07-31",
            "totalCurrentAssets": "1179987000",
            "cashAndShortTermInvestments": "991342000",
            "totalCurrentLiabilities": "434687000",
            "currentDebt": "None",
            "netIncome": "-34489000",
            "capitalExpenditures": "660000",
            "operatingCashflow": "14051000",
            "grossProfit": "143433000",
            "totalRevenue": "192402000",
            "sentiment": 0,
            "surprise": "0.14",
            "closePrice": "157.93"
        },
        {
            "fiscalDateEnding": "2021-04-30",
            "totalCurrentAssets": "637214000",
            "cashAndShortTermInvestments": "400814000",
            "totalCurrentLiabilities": "450015000",
            "currentDebt": "None",
            "netIncome": "-43301000",
            "capitalExpenditures": "1497000",
            "operatingCashflow": "-1565000",
            "grossProfit": "131803000",
            "totalRevenue": "177654000",
            "sentiment": 0,
            "surprise": "0.08",
            "closePrice": "118.02"
        },
        {
            "fiscalDateEnding": "2021-01-31",
            "totalCurrentAssets": "574040000",
            "cashAndShortTermInvestments": "393134000",
            "totalCurrentLiabilities": "371421000",
            "currentDebt": "None",
            "netIncome": "-37974000",
            "capitalExpenditures": "1076000",
            "operatingCashflow": "19401000",
            "grossProfit": "115147000",
            "totalRevenue": "157115000",
            "sentiment": 0,
            "surprise": "0.11",
            "closePrice": "156.7"
        },
        {
            "fiscalDateEnding": "2020-10-31",
            "totalCurrentAssets": "544126000",
            "cashAndShortTermInvestments": "348986000",
            "totalCurrentLiabilities": "348132000",
            "currentDebt": "None",
            "netIncome": "-29158000",
            "capitalExpenditures": "1277000",
            "operatingCashflow": "-17289000",
            "grossProfit": "106446000",
            "totalRevenue": "144894000",
            "sentiment": 0,
            "surprise": "0.17",
            "closePrice": "119.9"
        },
        {
            "fiscalDateEnding": "2020-07-31",
            "totalCurrentAssets": "497929000",
            "cashAndShortTermInvestments": "350418000",
            "totalCurrentLiabilities": "317397000",
            "currentDebt": "None",
            "netIncome": "-19001000",
            "capitalExpenditures": "379000",
            "operatingCashflow": "21998000",
            "grossProfit": "94039000",
            "totalRevenue": "138920000",
            "sentiment": 0,
            "surprise": "0.24",
            "closePrice": "112.98"
        },
        {
            "fiscalDateEnding": "2020-04-30",
            "totalCurrentAssets": "480239000",
            "cashAndShortTermInvestments": "297081000",
            "totalCurrentLiabilities": "333067000",
            "currentDebt": "None",
            "netIncome": "-31151000",
            "capitalExpenditures": "826000",
            "operatingCashflow": "-5933000",
            "grossProfit": "89350000",
            "totalRevenue": "121423000",
            "sentiment": 0,
            "surprise": "0.19",
            "closePrice": "89.27"
        },
        {
            "fiscalDateEnding": "2020-01-31",
            "totalCurrentAssets": "418506000",
            "cashAndShortTermInvestments": "294076000",
            "totalCurrentLiabilities": "260556000",
            "currentDebt": "7292000",
            "netIncome": "-44281000",
            "capitalExpenditures": "1007000",
            "operatingCashflow": "-23227000",
            "grossProfit": "79776000",
            "totalRevenue": "113181000",
            "sentiment": 0,
            "surprise": "0.07",
            "closePrice": "63.8"
        },
        {
            "fiscalDateEnding": "2019-10-31",
            "totalCurrentAssets": "433105000",
            "cashAndShortTermInvestments": "305246000",
            "totalCurrentLiabilities": "264749000",
            "currentDebt": "7733000",
            "netIncome": "-49973000",
            "capitalExpenditures": "1645000",
            "operatingCashflow": "290000",
            "grossProfit": "72345000",
            "totalRevenue": "101106000",
            "sentiment": 0,
            "surprise": "0.09",
            "closePrice": "78.2"
        },
        {
            "fiscalDateEnding": "2019-07-31",
            "totalCurrentAssets": "417434000",
            "cashAndShortTermInvestments": "315152000",
            "totalCurrentLiabilities": "202527000",
            "currentDebt": "None",
            "netIncome": "-41769000",
            "capitalExpenditures": "1585000",
            "operatingCashflow": "-1694000",
            "grossProfit": "63459000",
            "totalRevenue": "89710000",
            "sentiment": 0,
            "surprise": "0.1",
            "closePrice": "80.13"
        },
        {
            "fiscalDateEnding": "2019-04-30",
            "totalCurrentAssets": "429641000",
            "cashAndShortTermInvestments": "298000000",
            "totalCurrentLiabilities": "203580000",
            "currentDebt": "None",
            "netIncome": "-34835000",
            "capitalExpenditures": "1088000",
            "operatingCashflow": "-19790000",
            "grossProfit": "57157000",
            "totalRevenue": "80799000",
            "sentiment": 0,
            "surprise": "0",
            "closePrice": "81.89"
        },
        {
            "fiscalDateEnding": "2019-01-31",
            "totalCurrentAssets": "401684000",
            "cashAndShortTermInvestments": "305826000",
            "totalCurrentLiabilities": "161651000",
            "currentDebt": "None",
            "netIncome": "-21351000",
            "capitalExpenditures": "1187000",
            "operatingCashflow": "-8697000",
            "grossProfit": "50411000",
            "totalRevenue": "70835000",
            "sentiment": 0,
            "surprise": "0.15",
            "closePrice": "99.07"
        },
        {
            "fiscalDateEnding": "2018-10-31",
            "totalCurrentAssets": "409604000",
            "cashAndShortTermInvestments": "318564000",
            "totalCurrentLiabilities": "159406000",
            "currentDebt": "None",
            "netIncome": "-27539000",
            "capitalExpenditures": "836000",
            "operatingCashflow": "-576000",
            "grossProfit": "44988000",
            "totalRevenue": "63575000",
            "sentiment": 0,
            "surprise": "0.09",
            "closePrice": "72.52"
        }
    ]
}