{
    "EVBG": [
        {
            "fiscalDateEnding": "2023-12-31",
            "totalCurrentAssets": "293433000",
            "cashAndShortTermInvestments": "122440000",
            "totalCurrentLiabilities": "399000000",
            "currentDebt": "63110000",
            "netIncome": "-19290000",
            "capitalExpenditures": "3836000",
            "operatingCashflow": "29621000",
            "grossProfit": "82414000",
            "totalRevenue": "115760000",
            "sentiment": 0.3143887849328141,
            "surprise": "-0.02",
            "closePrice": "28.33"
        },
        {
            "fiscalDateEnding": "2023-09-30",
            "totalCurrentAssets": "243717000",
            "cashAndShortTermInvestments": "97697000",
            "totalCurrentLiabilities": "285353000",
            "currentDebt": "None",
            "netIncome": "1683000",
            "capitalExpenditures": "4835000",
            "operatingCashflow": "17009000",
            "grossProfit": "81122000",
            "totalRevenue": "114191000",
            "sentiment": 0.26074526137787657,
            "surprise": "0.04",
            "closePrice": "20.18"
        },
        {
            "fiscalDateEnding": "2023-06-30",
            "totalCurrentAssets": "368986000",
            "cashAndShortTermInvestments": "218944000",
            "totalCurrentLiabilities": "282249000",
            "currentDebt": "None",
            "netIncome": "-15050000",
            "capitalExpenditures": "3757000",
            "operatingCashflow": "5370000",
            "grossProfit": "77478000",
            "totalRevenue": "110569000",
            "sentiment": 0.14773407366214403,
            "surprise": "0.04",
            "closePrice": "22.79"
        },
        {
            "fiscalDateEnding": "2023-03-31",
            "totalCurrentAssets": "379925000",
            "cashAndShortTermInvestments": "220880000",
            "totalCurrentLiabilities": "299365000",
            "currentDebt": "None",
            "netIncome": "-14648000",
            "capitalExpenditures": "4112000",
            "operatingCashflow": "20575000",
            "grossProfit": "76287000",
            "totalRevenue": "108268000",
            "sentiment": 0.17031073835723393,
            "surprise": "0.12",
            "closePrice": "26.43"
        },
        {
            "fiscalDateEnding": "2022-12-31",
            "totalCurrentAssets": "372241000",
            "cashAndShortTermInvestments": "198725000",
            "totalCurrentLiabilities": "301407000",
            "currentDebt": "None",
            "netIncome": "-10780000",
            "capitalExpenditures": "3456000",
            "operatingCashflow": "-14926000",
            "grossProfit": "-5390000",
            "totalRevenue": "115496000",
            "sentiment": 0.21662866373463985,
            "surprise": "0.08",
            "closePrice": "33.64"
        },
        {
            "fiscalDateEnding": "2022-09-30",
            "totalCurrentAssets": "624308000",
            "cashAndShortTermInvestments": "486906000",
            "totalCurrentLiabilities": "283573000",
            "currentDebt": "8000",
            "netIncome": "-22080000",
            "capitalExpenditures": "4173000",
            "operatingCashflow": "18035000",
            "grossProfit": "75954000",
            "totalRevenue": "111401000",
            "sentiment": 0.22533115935467088,
            "surprise": "0.11",
            "closePrice": "27.69"
        },
        {
            "fiscalDateEnding": "2022-06-30",
            "totalCurrentAssets": "618551000",
            "cashAndShortTermInvestments": "474634000",
            "totalCurrentLiabilities": "289775000",
            "currentDebt": "8000",
            "netIncome": "-36182000",
            "capitalExpenditures": "3106000",
            "operatingCashflow": "-9924000",
            "grossProfit": "69747000",
            "totalRevenue": "102986000",
            "sentiment": -0.1480885875283519,
            "surprise": "0.15",
            "closePrice": "29.62"
        },
        {
            "fiscalDateEnding": "2022-03-31",
            "totalCurrentAssets": "648415000",
            "cashAndShortTermInvestments": "492054000",
            "totalCurrentLiabilities": "311353000",
            "currentDebt": "8000",
            "netIncome": "-19073000",
            "capitalExpenditures": "4330000",
            "operatingCashflow": "7702000",
            "grossProfit": "68518000",
            "totalRevenue": "100375000",
            "sentiment": -0.0611957416497296,
            "surprise": "0.16",
            "closePrice": "35.82"
        },
        {
            "fiscalDateEnding": "2021-12-31",
            "totalCurrentAssets": "655119000",
            "cashAndShortTermInvestments": "488035000",
            "totalCurrentLiabilities": "304330000",
            "currentDebt": "8000",
            "netIncome": "-10508000",
            "capitalExpenditures": "5818000",
            "operatingCashflow": "10212000",
            "grossProfit": "71867000",
            "totalRevenue": "102828000",
            "sentiment": 0,
            "surprise": "0.13",
            "closePrice": "46.29"
        },
        {
            "fiscalDateEnding": "2021-09-30",
            "totalCurrentAssets": "677367000",
            "cashAndShortTermInvestments": "546522000",
            "totalCurrentLiabilities": "261788000",
            "currentDebt": "None",
            "netIncome": "-28678000",
            "capitalExpenditures": "2797000",
            "operatingCashflow": "-2690000",
            "grossProfit": "66436000",
            "totalRevenue": "96746000",
            "sentiment": 0,
            "surprise": "0.19",
            "closePrice": "158.58"
        },
        {
            "fiscalDateEnding": "2021-06-30",
            "totalCurrentAssets": "682349000",
            "cashAndShortTermInvestments": "559851000",
            "totalCurrentLiabilities": "277691000",
            "currentDebt": "None",
            "netIncome": "-33821000",
            "capitalExpenditures": "3587000",
            "operatingCashflow": "-5137000",
            "grossProfit": "58984000",
            "totalRevenue": "86649000",
            "sentiment": 0,
            "surprise": "0.26",
            "closePrice": "144.44"
        },
        {
            "fiscalDateEnding": "2021-03-31",
            "totalCurrentAssets": "859712000",
            "cashAndShortTermInvestments": "734752000",
            "totalCurrentLiabilities": "259333000",
            "currentDebt": "None",
            "netIncome": "-21789000",
            "capitalExpenditures": "2495000",
            "operatingCashflow": "19808000",
            "grossProfit": "56930000",
            "totalRevenue": "82210000",
            "sentiment": 0,
            "surprise": "0.29",
            "closePrice": "110.28"
        },
        {
            "fiscalDateEnding": "2020-12-31",
            "totalCurrentAssets": "598452000",
            "cashAndShortTermInvestments": "467171000",
            "totalCurrentLiabilities": "236228000",
            "currentDebt": "None",
            "netIncome": "-24586000",
            "capitalExpenditures": "19494000",
            "operatingCashflow": "19399000",
            "grossProfit": "53777000",
            "totalRevenue": "75608000",
            "sentiment": 0,
            "surprise": "0.01",
            "closePrice": "140.49"
        },
        {
            "fiscalDateEnding": "2020-09-30",
            "totalCurrentAssets": "586937000",
            "cashAndShortTermInvestments": "468908000",
            "totalCurrentLiabilities": "207263000",
            "currentDebt": "None",
            "netIncome": "-24205000",
            "capitalExpenditures": "2623000",
            "operatingCashflow": "-527000",
            "grossProfit": "50371000",
            "totalRevenue": "71256000",
            "sentiment": 0,
            "surprise": "0.16",
            "closePrice": "117.98"
        },
        {
            "fiscalDateEnding": "2020-06-30",
            "totalCurrentAssets": "584617000",
            "cashAndShortTermInvestments": "483152000",
            "totalCurrentLiabilities": "185531000",
            "currentDebt": "4172000",
            "netIncome": "-19220000",
            "capitalExpenditures": "2669000",
            "operatingCashflow": "-3870000",
            "grossProfit": "45954000",
            "totalRevenue": "65377000",
            "sentiment": 0,
            "surprise": "0.27",
            "closePrice": "145.83"
        },
        {
            "fiscalDateEnding": "2020-03-31",
            "totalCurrentAssets": "602320000",
            "cashAndShortTermInvestments": "498387000",
            "totalCurrentLiabilities": "192558000",
            "currentDebt": "3858000",
            "netIncome": "-25385000",
            "capitalExpenditures": "2004000",
            "operatingCashflow": "801000",
            "grossProfit": "38011000",
            "totalRevenue": "58900000",
            "sentiment": 0,
            "surprise": "0.21",
            "closePrice": "112.86"
        },
        {
            "fiscalDateEnding": "2019-12-31",
            "totalCurrentAssets": "625130000",
            "cashAndShortTermInvestments": "531575000",
            "totalCurrentLiabilities": "169366000",
            "currentDebt": "3567000",
            "netIncome": "-13132000",
            "capitalExpenditures": "1952000",
            "operatingCashflow": "1463000",
            "grossProfit": "38750000",
            "totalRevenue": "57111000",
            "sentiment": 0,
            "surprise": "0.01",
            "closePrice": "91.84"
        },
        {
            "fiscalDateEnding": "2019-09-30",
            "totalCurrentAssets": "268487000",
            "cashAndShortTermInvestments": "194742000",
            "totalCurrentLiabilities": "152527000",
            "currentDebt": "3514000",
            "netIncome": "-12921000",
            "capitalExpenditures": "1992000",
            "operatingCashflow": "12343000",
            "grossProfit": "36093000",
            "totalRevenue": "52547000",
            "sentiment": 0,
            "surprise": "0.01",
            "closePrice": "67.4"
        },
        {
            "fiscalDateEnding": "2019-06-30",
            "totalCurrentAssets": "299084000",
            "cashAndShortTermInvestments": "238626000",
            "totalCurrentLiabilities": "124751000",
            "currentDebt": "None",
            "netIncome": "-12063000",
            "capitalExpenditures": "1102000",
            "operatingCashflow": "-12176000",
            "grossProfit": "33666000",
            "totalRevenue": "48405000",
            "sentiment": 0,
            "surprise": "0.01",
            "closePrice": "94.83"
        },
        {
            "fiscalDateEnding": "2019-03-31",
            "totalCurrentAssets": "312436000",
            "cashAndShortTermInvestments": "258211000",
            "totalCurrentLiabilities": "129261000",
            "currentDebt": "367000",
            "netIncome": "-14134000",
            "capitalExpenditures": "2773000",
            "operatingCashflow": "8687000",
            "grossProfit": "28838000",
            "totalRevenue": "42819000",
            "sentiment": 0,
            "surprise": "0.03",
            "closePrice": "74.01"
        },
        {
            "fiscalDateEnding": "2018-12-31",
            "totalCurrentAssets": "162515000",
            "cashAndShortTermInvestments": "105519000",
            "totalCurrentLiabilities": "120047000",
            "currentDebt": "427000",
            "netIncome": "-9805000",
            "capitalExpenditures": "866000",
            "operatingCashflow": "4071000",
            "grossProfit": "28506000",
            "totalRevenue": "41828000",
            "sentiment": 0,
            "surprise": "0.01",
            "closePrice": "64.26"
        },
        {
            "fiscalDateEnding": "2018-09-30",
            "totalCurrentAssets": "154804000",
            "cashAndShortTermInvestments": "103127000",
            "totalCurrentLiabilities": "105699000",
            "currentDebt": "432000",
            "netIncome": "-8450000",
            "capitalExpenditures": "441000",
            "operatingCashflow": "676000",
            "grossProfit": "26629000",
            "totalRevenue": "38925000",
            "sentiment": 0,
            "surprise": "0.03",
            "closePrice": "51.21"
        },
        {
            "fiscalDateEnding": "2018-06-30",
            "totalCurrentAssets": "152312000",
            "cashAndShortTermInvestments": "106022000",
            "totalCurrentLiabilities": "101806000",
            "currentDebt": "440000",
            "netIncome": "-16918000",
            "capitalExpenditures": "161000",
            "operatingCashflow": "-8960000",
            "grossProfit": "24290000",
            "totalRevenue": "35822000",
            "sentiment": 0,
            "surprise": "0.04",
            "closePrice": "47.48"
        },
        {
            "fiscalDateEnding": "2018-03-31",
            "totalCurrentAssets": "186856000",
            "cashAndShortTermInvestments": "152132000",
            "totalCurrentLiabilities": "92270000",
            "currentDebt": "None",
            "netIncome": "-12342000",
            "capitalExpenditures": "253000",
            "operatingCashflow": "7508000",
            "grossProfit": "20859000",
            "totalRevenue": "30519000",
            "sentiment": 0,
            "surprise": "0.03",
            "closePrice": "39.65"
        },
        {
            "fiscalDateEnding": "2017-12-31",
            "totalCurrentAssets": "183461000",
            "cashAndShortTermInvestments": "145662000",
            "totalCurrentLiabilities": "86962000",
            "currentDebt": "None",
            "netIncome": "-5764000",
            "capitalExpenditures": "330000",
            "operatingCashflow": "484000",
            "grossProfit": "20641000",
            "totalRevenue": "29175000",
            "sentiment": 0,
            "surprise": "0",
            "closePrice": "33.17"
        },
        {
            "fiscalDateEnding": "2017-09-30",
            "totalCurrentAssets": "76571000",
            "cashAndShortTermInvestments": "47657000",
            "totalCurrentLiabilities": "80363000",
            "currentDebt": "None",
            "netIncome": "-4231000",
            "capitalExpenditures": "832000",
            "operatingCashflow": "6738000",
            "grossProfit": "19236000",
            "totalRevenue": "27312000",
            "sentiment": 0,
            "surprise": "0.04",
            "closePrice": "26.38"
        },
        {
            "fiscalDateEnding": "2017-06-30",
            "totalCurrentAssets": "73272000",
            "cashAndShortTermInvestments": "45268000",
            "totalCurrentLiabilities": "77660000",
            "currentDebt": "None",
            "netIncome": "-3437000",
            "capitalExpenditures": "282000",
            "operatingCashflow": "-4309000",
            "grossProfit": "17782000",
            "totalRevenue": "25021000",
            "sentiment": 0,
            "surprise": "0.03",
            "closePrice": "23.41"
        },
        {
            "fiscalDateEnding": "2017-03-31",
            "totalCurrentAssets": "60400000",
            "cashAndShortTermInvestments": "39679000",
            "totalCurrentLiabilities": "73997000",
            "currentDebt": "None",
            "netIncome": "-6202000",
            "capitalExpenditures": "223000",
            "operatingCashflow": "1078000",
            "grossProfit": "15190000",
            "totalRevenue": "22844000",
            "sentiment": 0,
            "surprise": "0.03",
            "closePrice": "22.97"
        },
        {
            "fiscalDateEnding": "2016-12-31",
            "totalCurrentAssets": "82883000",
            "cashAndShortTermInvestments": "60765000",
            "totalCurrentLiabilities": "63783000",
            "currentDebt": "None",
            "netIncome": "-2628000",
            "capitalExpenditures": "231000",
            "operatingCashflow": "-2064000",
            "grossProfit": "14837000",
            "totalRevenue": "21280000",
            "sentiment": 0,
            "surprise": "0.01",
            "closePrice": "19.39"
        },
        {
            "fiscalDateEnding": "2016-09-30",
            "totalCurrentAssets": "84076000",
            "cashAndShortTermInvestments": "62296000",
            "totalCurrentLiabilities": "61044000",
            "currentDebt": "None",
            "netIncome": "-2629000",
            "capitalExpenditures": "393000",
            "operatingCashflow": "-2629000",
            "grossProfit": "13759000",
            "totalRevenue": "19932000",
            "sentiment": 0,
            "surprise": "0.05",
            "closePrice": "14.42"
        }
    ]
}