{
    "EVCM": [
        {
            "fiscalDateEnding": "2023-12-31",
            "totalCurrentAssets": "180147000",
            "cashAndShortTermInvestments": "92609000",
            "totalCurrentLiabilities": "117376000",
            "currentDebt": "5500000",
            "netIncome": "-23335000",
            "capitalExpenditures": "6213000",
            "operatingCashflow": "36018000",
            "grossProfit": "-8800000",
            "totalRevenue": "169440000",
            "sentiment": 0.3910603061784018,
            "surprise": "-0.04",
            "closePrice": "9.35"
        },
        {
            "fiscalDateEnding": "2023-09-30",
            "totalCurrentAssets": "179261000",
            "cashAndShortTermInvestments": "87335000",
            "totalCurrentLiabilities": "108616000",
            "currentDebt": "5500000",
            "netIncome": "-614000",
            "capitalExpenditures": "6181000",
            "operatingCashflow": "27441000",
            "grossProfit": "29146000",
            "totalRevenue": "174741000",
            "sentiment": 0.47594959240571105,
            "surprise": "0.04",
            "closePrice": "9.6"
        },
        {
            "fiscalDateEnding": "2023-06-30",
            "totalCurrentAssets": "177907000",
            "cashAndShortTermInvestments": "83066000",
            "totalCurrentLiabilities": "111939000",
            "currentDebt": "5500000",
            "netIncome": "-896000",
            "capitalExpenditures": "5829000",
            "operatingCashflow": "28446000",
            "grossProfit": "23203000",
            "totalRevenue": "170052000",
            "sentiment": 0.3610403843223663,
            "surprise": "0.1",
            "closePrice": "10.67"
        },
        {
            "fiscalDateEnding": "2023-03-31",
            "totalCurrentAssets": "163276000",
            "cashAndShortTermInvestments": "69786000",
            "totalCurrentLiabilities": "105338000",
            "currentDebt": "5500000",
            "netIncome": "-20775000",
            "capitalExpenditures": "4857000",
            "operatingCashflow": "12700000",
            "grossProfit": "16165000",
            "totalRevenue": "161136000",
            "sentiment": 0.42611698578617097,
            "surprise": "0",
            "closePrice": "12.24"
        },
        {
            "fiscalDateEnding": "2022-12-31",
            "totalCurrentAssets": "180587000",
            "cashAndShortTermInvestments": "92625000",
            "totalCurrentLiabilities": "105081000",
            "currentDebt": "5500000",
            "netIncome": "-17773000",
            "capitalExpenditures": "4485000",
            "operatingCashflow": "27190000",
            "grossProfit": "17363000",
            "totalRevenue": "161798000",
            "sentiment": 0.3004518286578364,
            "surprise": "0.02",
            "closePrice": "8.96"
        },
        {
            "fiscalDateEnding": "2022-09-30",
            "totalCurrentAssets": "185084000",
            "cashAndShortTermInvestments": "91473000",
            "totalCurrentLiabilities": "99885000",
            "currentDebt": "8282000",
            "netIncome": "-15853000",
            "capitalExpenditures": "4538000",
            "operatingCashflow": "13610000",
            "grossProfit": "13667000",
            "totalRevenue": "158126000",
            "sentiment": 0.42458768097597677,
            "surprise": "0.02",
            "closePrice": "8.3"
        },
        {
            "fiscalDateEnding": "2022-06-30",
            "totalCurrentAssets": "199796000",
            "cashAndShortTermInvestments": "105233000",
            "totalCurrentLiabilities": "108358000",
            "currentDebt": "11200000",
            "netIncome": "-12881000",
            "capitalExpenditures": "4665000",
            "operatingCashflow": "11148000",
            "grossProfit": "13539000",
            "totalRevenue": "157246000",
            "sentiment": 0.06310421212637253,
            "surprise": "0.04",
            "closePrice": "12.63"
        },
        {
            "fiscalDateEnding": "2022-03-31",
            "totalCurrentAssets": "186482000",
            "cashAndShortTermInvestments": "101201000",
            "totalCurrentLiabilities": "108880000",
            "currentDebt": "11070000",
            "netIncome": "-13309000",
            "capitalExpenditures": "4392000",
            "operatingCashflow": "12854000",
            "grossProfit": "6156000",
            "totalRevenue": "143472000",
            "sentiment": 0.26104496191959237,
            "surprise": "0.04",
            "closePrice": "10.64"
        },
        {
            "fiscalDateEnding": "2021-12-31",
            "totalCurrentAssets": "171617000",
            "cashAndShortTermInvestments": "93993000",
            "totalCurrentLiabilities": "103428000",
            "currentDebt": "10943000",
            "netIncome": "-4731000",
            "capitalExpenditures": "3798000",
            "operatingCashflow": "23809000",
            "grossProfit": "9798000",
            "totalRevenue": "135555000",
            "sentiment": 0,
            "surprise": "-0.09",
            "closePrice": "12.22"
        },
        {
            "fiscalDateEnding": "2021-09-30",
            "totalCurrentAssets": "162654000",
            "cashAndShortTermInvestments": "95588000",
            "totalCurrentLiabilities": "87620000",
            "currentDebt": "6279000",
            "netIncome": "-36906000",
            "capitalExpenditures": "4189000",
            "operatingCashflow": "9841000",
            "grossProfit": "-22373000",
            "totalRevenue": "99820000",
            "sentiment": 0,
            "surprise": "-0.07",
            "closePrice": "19.95"
        },
        {
            "fiscalDateEnding": "2021-06-30",
            "totalCurrentAssets": "267328000",
            "cashAndShortTermInvestments": "199470000",
            "totalCurrentLiabilities": "94289000",
            "currentDebt": "8000000",
            "netIncome": "-24334000",
            "capitalExpenditures": "3781000",
            "operatingCashflow": "9232000",
            "grossProfit": "2969000",
            "totalRevenue": "121050000",
            "sentiment": 0,
            "surprise": "-0.26",
            "closePrice": "19.85"
        }
    ]
}