{
    "EVTC": [
        {
            "fiscalDateEnding": "2023-12-31",
            "totalCurrentAssets": "561354000",
            "cashAndShortTermInvestments": "295600000",
            "totalCurrentLiabilities": "298313000",
            "currentDebt": "23867000",
            "netIncome": "11479000",
            "capitalExpenditures": "34354000",
            "operatingCashflow": "60832000",
            "grossProfit": "108447000",
            "totalRevenue": "183988000",
            "sentiment": 0.5054317536098845,
            "surprise": "-0.02",
            "closePrice": "40.43"
        },
        {
            "fiscalDateEnding": "2023-09-30",
            "totalCurrentAssets": "402351000",
            "cashAndShortTermInvestments": "177821000",
            "totalCurrentLiabilities": "248737000",
            "currentDebt": "26750000",
            "netIncome": "10036000",
            "capitalExpenditures": "15144000",
            "operatingCashflow": "37220000",
            "grossProfit": "85028000",
            "totalRevenue": "137384000",
            "sentiment": 0.3691828893973862,
            "surprise": "0.14",
            "closePrice": "34.2961496800487"
        },
        {
            "fiscalDateEnding": "2023-06-30",
            "totalCurrentAssets": "393888000",
            "cashAndShortTermInvestments": "191620000",
            "totalCurrentLiabilities": "198930000",
            "currentDebt": "20750000",
            "netIncome": "28155000",
            "capitalExpenditures": "22158000",
            "operatingCashflow": "71727000",
            "grossProfit": "112021000",
            "totalRevenue": "163872000",
            "sentiment": 0.405806,
            "surprise": "0.05",
            "closePrice": "40.8363014202342"
        },
        {
            "fiscalDateEnding": "2023-03-31",
            "totalCurrentAssets": "368497000",
            "cashAndShortTermInvestments": "173662000",
            "totalCurrentLiabilities": "183233000",
            "currentDebt": "20750000",
            "netIncome": "30052000",
            "capitalExpenditures": "13320000",
            "operatingCashflow": "54511000",
            "grossProfit": "105842000",
            "totalRevenue": "149715000",
            "sentiment": 0.12306367980619465,
            "surprise": "0.09",
            "closePrice": "31.547882048962"
        },
        {
            "fiscalDateEnding": "2022-12-31",
            "totalCurrentAssets": "389129000",
            "cashAndShortTermInvestments": "197229000",
            "totalCurrentLiabilities": "208410000",
            "currentDebt": "40750000",
            "netIncome": "28708000",
            "capitalExpenditures": "27323000",
            "operatingCashflow": "64352000",
            "grossProfit": "260968000",
            "totalRevenue": "306979000",
            "sentiment": 0.225978,
            "surprise": "0",
            "closePrice": "34.4652128696563"
        },
        {
            "fiscalDateEnding": "2022-09-30",
            "totalCurrentAssets": "396961000",
            "cashAndShortTermInvestments": "224971000",
            "totalCurrentLiabilities": "178915000",
            "currentDebt": "28813000",
            "netIncome": "137814000",
            "capitalExpenditures": "15631000",
            "operatingCashflow": "29107000",
            "grossProfit": "221997000",
            "totalRevenue": "267710000",
            "sentiment": 0.08586524613446612,
            "surprise": "-0.18",
            "closePrice": "33.7202875194476"
        },
        {
            "fiscalDateEnding": "2022-06-30",
            "totalCurrentAssets": "489793000",
            "cashAndShortTermInvestments": "288064000",
            "totalCurrentLiabilities": "166313000",
            "currentDebt": "22500000",
            "netIncome": "33589000",
            "capitalExpenditures": "25280000",
            "operatingCashflow": "62221000",
            "grossProfit": "181240000",
            "totalRevenue": "221269000",
            "sentiment": 0.006440814570699175,
            "surprise": "0",
            "closePrice": "39.2537402002164"
        },
        {
            "fiscalDateEnding": "2022-03-31",
            "totalCurrentAssets": "473577000",
            "cashAndShortTermInvestments": "283610000",
            "totalCurrentLiabilities": "160513000",
            "currentDebt": "21125000",
            "netIncome": "38898000",
            "capitalExpenditures": "14296000",
            "operatingCashflow": "67681000",
            "grossProfit": "169480000",
            "totalRevenue": "210018000",
            "sentiment": -0.005776220104126154,
            "surprise": "0.08",
            "closePrice": "38.739041309473"
        },
        {
            "fiscalDateEnding": "2021-12-31",
            "totalCurrentAssets": "436350000",
            "cashAndShortTermInvestments": "266351000",
            "totalCurrentLiabilities": "152884000",
            "currentDebt": "19750000",
            "netIncome": "41116000",
            "capitalExpenditures": "8765000",
            "operatingCashflow": "52565000",
            "grossProfit": "177611000",
            "totalRevenue": "215311000",
            "sentiment": 0,
            "surprise": "0.1",
            "closePrice": "40.7274343899643"
        },
        {
            "fiscalDateEnding": "2021-09-30",
            "totalCurrentAssets": "403074000",
            "cashAndShortTermInvestments": "244129000",
            "totalCurrentLiabilities": "152800000",
            "currentDebt": "18375000",
            "netIncome": "35314000",
            "capitalExpenditures": "13272000",
            "operatingCashflow": "63826000",
            "grossProfit": "164299000",
            "totalRevenue": "200794000",
            "sentiment": 0,
            "surprise": "0",
            "closePrice": "43.5742309205813"
        },
        {
            "fiscalDateEnding": "2021-06-30",
            "totalCurrentAssets": "355540000",
            "cashAndShortTermInvestments": "199891000",
            "totalCurrentLiabilities": "136905000",
            "currentDebt": "16999000",
            "netIncome": "49197000",
            "capitalExpenditures": "13425000",
            "operatingCashflow": "77283000",
            "grossProfit": "169780000",
            "totalRevenue": "205824000",
            "sentiment": 0,
            "surprise": "0.21",
            "closePrice": "41.9654880802518"
        },
        {
            "fiscalDateEnding": "2021-03-31",
            "totalCurrentAssets": "319732000",
            "cashAndShortTermInvestments": "156363000",
            "totalCurrentLiabilities": "136580000",
            "currentDebt": "15625000",
            "netIncome": "35503000",
            "capitalExpenditures": "31445000",
            "operatingCashflow": "34746000",
            "grossProfit": "158260000",
            "totalRevenue": "194007000",
            "sentiment": 0,
            "surprise": "0.08",
            "closePrice": "41.5598399605958"
        },
        {
            "fiscalDateEnding": "2020-12-31",
            "totalCurrentAssets": "359046000",
            "cashAndShortTermInvestments": "202649000",
            "totalCurrentLiabilities": "152992000",
            "currentDebt": "14250000",
            "netIncome": "32278000",
            "capitalExpenditures": "11717000",
            "operatingCashflow": "77930000",
            "grossProfit": "155209000",
            "totalRevenue": "193237000",
            "sentiment": 0,
            "surprise": "0.05",
            "closePrice": "36.1937862343403"
        },
        {
            "fiscalDateEnding": "2020-09-30",
            "totalCurrentAssets": "318883000",
            "cashAndShortTermInvestments": "144147000",
            "totalCurrentLiabilities": "137558000",
            "currentDebt": "14250000",
            "netIncome": "34463000",
            "capitalExpenditures": "18476000",
            "operatingCashflow": "33907000",
            "grossProfit": "152903000",
            "totalRevenue": "188412000",
            "sentiment": 0,
            "surprise": "0.23",
            "closePrice": "33.8544618595629"
        },
        {
            "fiscalDateEnding": "2020-06-30",
            "totalCurrentAssets": "303011000",
            "cashAndShortTermInvestments": "146920000",
            "totalCurrentLiabilities": "151487000",
            "currentDebt": "29250000",
            "netIncome": "15484000",
            "capitalExpenditures": "9035000",
            "operatingCashflow": "53327000",
            "grossProfit": "128765000",
            "totalRevenue": "165915000",
            "sentiment": 0,
            "surprise": "0.03",
            "closePrice": "31.5961885916686"
        },
        {
            "fiscalDateEnding": "2020-03-31",
            "totalCurrentAssets": "260313000",
            "cashAndShortTermInvestments": "103521000",
            "totalCurrentLiabilities": "128200000",
            "currentDebt": "14250000",
            "netIncome": "22211000",
            "capitalExpenditures": "9412000",
            "operatingCashflow": "33925000",
            "grossProfit": "134249000",
            "totalRevenue": "169998000",
            "sentiment": 0,
            "surprise": "0",
            "closePrice": "25.4872642132119"
        },
        {
            "fiscalDateEnding": "2019-12-31",
            "totalCurrentAssets": "276018000",
            "cashAndShortTermInvestments": "111000000",
            "totalCurrentLiabilities": "144314000",
            "currentDebt": "14250000",
            "netIncome": "25013000",
            "capitalExpenditures": "9910000",
            "operatingCashflow": "43782000",
            "grossProfit": "142236000",
            "totalRevenue": "177448000",
            "sentiment": 0,
            "surprise": "-0.01",
            "closePrice": "30.698561650389"
        },
        {
            "fiscalDateEnding": "2019-09-30",
            "totalCurrentAssets": "244534000",
            "cashAndShortTermInvestments": "102535000",
            "totalCurrentLiabilities": "128337000",
            "currentDebt": "14250000",
            "netIncome": "24754000",
            "capitalExpenditures": "14315000",
            "operatingCashflow": "60217000",
            "grossProfit": "130744000",
            "totalRevenue": "164587000",
            "sentiment": 0,
            "surprise": "0",
            "closePrice": "31.4775641243577"
        },
        {
            "fiscalDateEnding": "2019-06-30",
            "totalCurrentAssets": "206239000",
            "cashAndShortTermInvestments": "64025000",
            "totalCurrentLiabilities": "114524000",
            "currentDebt": "14250000",
            "netIncome": "27058000",
            "capitalExpenditures": "21660000",
            "operatingCashflow": "46611000",
            "grossProfit": "134125000",
            "totalRevenue": "167722000",
            "sentiment": 0,
            "surprise": "0.04",
            "closePrice": "31.1811725349503"
        },
        {
            "fiscalDateEnding": "2019-03-31",
            "totalCurrentAssets": "217259000",
            "cashAndShortTermInvestments": "73183000",
            "totalCurrentLiabilities": "148053000",
            "currentDebt": "29250000",
            "netIncome": "26644000",
            "capitalExpenditures": "13988000",
            "operatingCashflow": "29339000",
            "grossProfit": "128617000",
            "totalRevenue": "160552000",
            "sentiment": 0,
            "surprise": "0.02",
            "closePrice": "29.5052493632042"
        },
        {
            "fiscalDateEnding": "2018-12-31",
            "totalCurrentAssets": "216193000",
            "cashAndShortTermInvestments": "70000000",
            "totalCurrentLiabilities": "136705000",
            "currentDebt": "14250000",
            "netIncome": "20199000",
            "capitalExpenditures": "16314000",
            "operatingCashflow": "44291000",
            "grossProfit": "78284000",
            "totalRevenue": "118231000",
            "sentiment": 0,
            "surprise": "0.02",
            "closePrice": "29.7451685466302"
        },
        {
            "fiscalDateEnding": "2018-09-30",
            "totalCurrentAssets": "216532000",
            "cashAndShortTermInvestments": "91310000",
            "totalCurrentLiabilities": "125463000",
            "currentDebt": "23191000",
            "netIncome": "22997000",
            "capitalExpenditures": "9153000",
            "operatingCashflow": "51587000",
            "grossProfit": "80985000",
            "totalRevenue": "112017000",
            "sentiment": 0,
            "surprise": "0.04",
            "closePrice": "21.7975535962129"
        },
        {
            "fiscalDateEnding": "2018-06-30",
            "totalCurrentAssets": "182300000",
            "cashAndShortTermInvestments": "59333000",
            "totalCurrentLiabilities": "111728000",
            "currentDebt": "21820000",
            "netIncome": "20052000",
            "capitalExpenditures": "6487000",
            "operatingCashflow": "46488000",
            "grossProfit": "112379000",
            "totalRevenue": "113347000",
            "sentiment": 0,
            "surprise": "0.02",
            "closePrice": "22.5248555724417"
        },
        {
            "fiscalDateEnding": "2018-03-31",
            "totalCurrentAssets": "184366000",
            "cashAndShortTermInvestments": "53471000",
            "totalCurrentLiabilities": "136204000",
            "currentDebt": "46558000",
            "netIncome": "23022000",
            "capitalExpenditures": "9365000",
            "operatingCashflow": "30368000",
            "grossProfit": "109890000",
            "totalRevenue": "110274000",
            "sentiment": 0,
            "surprise": "0.16",
            "closePrice": "17.884541978119"
        },
        {
            "fiscalDateEnding": "2017-12-31",
            "totalCurrentAssets": "168706000",
            "cashAndShortTermInvestments": "50400000",
            "totalCurrentLiabilities": "147216000",
            "currentDebt": "58487000",
            "netIncome": "5834000",
            "capitalExpenditures": "9224000",
            "operatingCashflow": "37351000",
            "grossProfit": "99309000",
            "totalRevenue": "99628000",
            "sentiment": 0,
            "surprise": "0.01",
            "closePrice": "15.5160485810167"
        },
        {
            "fiscalDateEnding": "2017-09-30",
            "totalCurrentAssets": "159529000",
            "cashAndShortTermInvestments": "48440000",
            "totalCurrentLiabilities": "159080000",
            "currentDebt": "79415000",
            "netIncome": "6102000",
            "capitalExpenditures": "8766000",
            "operatingCashflow": "37381000",
            "grossProfit": "100950000",
            "totalRevenue": "102725000",
            "sentiment": 0,
            "surprise": "-0.03",
            "closePrice": "13.6309211833231"
        },
        {
            "fiscalDateEnding": "2017-06-30",
            "totalCurrentAssets": "204658000",
            "cashAndShortTermInvestments": "93060000",
            "totalCurrentLiabilities": "168314000",
            "currentDebt": "94344000",
            "netIncome": "20089000",
            "capitalExpenditures": "8940000",
            "operatingCashflow": "45749000",
            "grossProfit": "103162000",
            "totalRevenue": "103511000",
            "sentiment": 0,
            "surprise": "0.02",
            "closePrice": "17.354160050899"
        },
        {
            "fiscalDateEnding": "2017-03-31",
            "totalCurrentAssets": "163320000",
            "cashAndShortTermInvestments": "52074000",
            "totalCurrentLiabilities": "116229000",
            "currentDebt": "46977000",
            "netIncome": "23029000",
            "capitalExpenditures": "6534000",
            "operatingCashflow": "25305000",
            "grossProfit": "100794000",
            "totalRevenue": "101280000",
            "sentiment": 0,
            "surprise": "0.06",
            "closePrice": "14.1896605825084"
        },
        {
            "fiscalDateEnding": "2016-12-31",
            "totalCurrentAssets": "158265000",
            "cashAndShortTermInvestments": "51920000",
            "totalCurrentLiabilities": "129163000",
            "currentDebt": "47789000",
            "netIncome": "15973000",
            "capitalExpenditures": "10784000",
            "operatingCashflow": "43453000",
            "grossProfit": "100888000",
            "totalRevenue": "101889000",
            "sentiment": 0,
            "surprise": "0.02",
            "closePrice": "16.2929339992735"
        },
        {
            "fiscalDateEnding": "2016-09-30",
            "totalCurrentAssets": "143344000",
            "cashAndShortTermInvestments": "44985000",
            "totalCurrentLiabilities": "118246000",
            "currentDebt": "44375000",
            "netIncome": "19680000",
            "capitalExpenditures": "15592000",
            "operatingCashflow": "55177000",
            "grossProfit": "94086000",
            "totalRevenue": "94467000",
            "sentiment": 0,
            "surprise": "0.01",
            "closePrice": "13.4479080494377"
        },
        {
            "fiscalDateEnding": "2016-06-30",
            "totalCurrentAssets": "137469000",
            "cashAndShortTermInvestments": "35728000",
            "totalCurrentLiabilities": "105593000",
            "currentDebt": "46500000",
            "netIncome": "20235000",
            "capitalExpenditures": "12877000",
            "operatingCashflow": "39193000",
            "grossProfit": "97133000",
            "totalRevenue": "97672000",
            "sentiment": 0,
            "surprise": "0.02",
            "closePrice": "15.0323804691381"
        },
        {
            "fiscalDateEnding": "2016-03-31",
            "totalCurrentAssets": "141856000",
            "cashAndShortTermInvestments": "36039000",
            "totalCurrentLiabilities": "100322000",
            "currentDebt": "39625000",
            "netIncome": "19148000",
            "capitalExpenditures": "3016000",
            "operatingCashflow": "30231000",
            "grossProfit": "95220000",
            "totalRevenue": "95479000",
            "sentiment": 0,
            "surprise": "0.01",
            "closePrice": "12.3522380111044"
        },
        {
            "fiscalDateEnding": "2015-12-31",
            "totalCurrentAssets": "134723000",
            "cashAndShortTermInvestments": "28747000",
            "totalCurrentLiabilities": "102501000",
            "currentDebt": "39750000",
            "netIncome": "21929000",
            "capitalExpenditures": "19586000",
            "operatingCashflow": "-82811000",
            "grossProfit": "95494000",
            "totalRevenue": "95684000",
            "sentiment": 0,
            "surprise": "0",
            "closePrice": "11.4994872530495"
        },
        {
            "fiscalDateEnding": "2015-09-30",
            "totalCurrentAssets": "150034000",
            "cashAndShortTermInvestments": "40401000",
            "totalCurrentLiabilities": "105954000",
            "currentDebt": "38875000",
            "netIncome": "25336000",
            "capitalExpenditures": "11990000",
            "operatingCashflow": "17323000",
            "grossProfit": "92552000",
            "totalRevenue": "92941000",
            "sentiment": 0,
            "surprise": "0",
            "closePrice": "16.7278328660522"
        },
        {
            "fiscalDateEnding": "2015-06-30",
            "totalCurrentAssets": "140191000",
            "cashAndShortTermInvestments": "38837000",
            "totalCurrentLiabilities": "83334000",
            "currentDebt": "23000000",
            "netIncome": "19567000",
            "capitalExpenditures": "12822000",
            "operatingCashflow": "23567000",
            "grossProfit": "92979000",
            "totalRevenue": "93405000",
            "sentiment": 0,
            "surprise": "0.01",
            "closePrice": "16.8870282445959"
        },
        {
            "fiscalDateEnding": "2015-03-31",
            "totalCurrentAssets": "142657000",
            "cashAndShortTermInvestments": "32430000",
            "totalCurrentLiabilities": "98281000",
            "currentDebt": "39000000",
            "netIncome": "18544000",
            "capitalExpenditures": "2584000",
            "operatingCashflow": "59290000",
            "grossProfit": "90801000",
            "totalRevenue": "91497000",
            "sentiment": 0,
            "surprise": "-0.01",
            "closePrice": "18.8220036736547"
        },
        {
            "fiscalDateEnding": "2014-12-31",
            "totalCurrentAssets": "129147000",
            "cashAndShortTermInvestments": "32114000",
            "totalCurrentLiabilities": "91057000",
            "currentDebt": "42000000",
            "netIncome": "11087000",
            "capitalExpenditures": "9381000",
            "operatingCashflow": "72300000",
            "grossProfit": "93085000",
            "totalRevenue": "94143000",
            "sentiment": 0,
            "surprise": "-0.01",
            "closePrice": "18.6329158887103"
        },
        {
            "fiscalDateEnding": "2014-09-30",
            "totalCurrentAssets": "129579000",
            "cashAndShortTermInvestments": "29226000",
            "totalCurrentLiabilities": "78932000",
            "currentDebt": "27000000",
            "netIncome": "19091000",
            "capitalExpenditures": "6827000",
            "operatingCashflow": "22891000",
            "grossProfit": "88747000",
            "totalRevenue": "88879000",
            "sentiment": 0,
            "surprise": "-0.01",
            "closePrice": "20.5472601714805"
        },
        {
            "fiscalDateEnding": "2014-06-30",
            "totalCurrentAssets": "129163000",
            "cashAndShortTermInvestments": "27831000",
            "totalCurrentLiabilities": "96175000",
            "currentDebt": "42000000",
            "netIncome": "17773000",
            "capitalExpenditures": "7249000",
            "operatingCashflow": "21573000",
            "grossProfit": "90738000",
            "totalRevenue": "91333000",
            "sentiment": 0,
            "surprise": "0.01",
            "closePrice": "20.1351605509016"
        },
        {
            "fiscalDateEnding": "2014-03-31",
            "totalCurrentAssets": "123634000",
            "cashAndShortTermInvestments": "32489000",
            "totalCurrentLiabilities": "109095000",
            "currentDebt": "59600000",
            "netIncome": "18206000",
            "capitalExpenditures": "2487000",
            "operatingCashflow": "30014000",
            "grossProfit": "87342000",
            "totalRevenue": "87433000",
            "sentiment": 0,
            "surprise": "0.01",
            "closePrice": "20.9386154123567"
        },
        {
            "fiscalDateEnding": "2013-12-31",
            "totalCurrentAssets": "118371000",
            "cashAndShortTermInvestments": "27918000",
            "totalCurrentLiabilities": "123756000",
            "currentDebt": "70200000",
            "netIncome": "17543000",
            "capitalExpenditures": "11495000",
            "operatingCashflow": "49183000",
            "grossProfit": "92725000",
            "totalRevenue": "94474000",
            "sentiment": 0,
            "surprise": "0.01",
            "closePrice": "21.4040612194681"
        },
        {
            "fiscalDateEnding": "2013-09-30",
            "totalCurrentAssets": "124488000",
            "cashAndShortTermInvestments": "33056000",
            "totalCurrentLiabilities": "73517000",
            "currentDebt": "25132000",
            "netIncome": "14803000",
            "capitalExpenditures": "4660000",
            "operatingCashflow": "18431000",
            "grossProfit": "85844000",
            "totalRevenue": "87414000",
            "sentiment": 0,
            "surprise": "0",
            "closePrice": "20.7081111179511"
        },
        {
            "fiscalDateEnding": "2013-06-30",
            "totalCurrentAssets": "126855000",
            "cashAndShortTermInvestments": "24570000",
            "totalCurrentLiabilities": "88707000",
            "currentDebt": "27663000",
            "netIncome": "-64935000",
            "capitalExpenditures": "7857000",
            "operatingCashflow": "-66852000",
            "grossProfit": "86669000",
            "totalRevenue": "89175000",
            "sentiment": 0,
            "surprise": "0",
            "closePrice": "21.9195059645206"
        },
        {
            "fiscalDateEnding": "2013-03-31",
            "totalCurrentAssets": "137381000",
            "cashAndShortTermInvestments": "38955000",
            "totalCurrentLiabilities": "79891000",
            "currentDebt": "8663000",
            "netIncome": "5472000",
            "capitalExpenditures": "4454000",
            "operatingCashflow": "33831000",
            "grossProfit": "84735000",
            "totalRevenue": "87339000",
            "sentiment": 0,
            "surprise": "None",
            "closePrice": "17.8459694578398"
        }
    ]
}