{
    "EXLS": [
        {
            "fiscalDateEnding": "2023-12-31",
            "totalCurrentAssets": "679673000",
            "cashAndShortTermInvestments": "290834000",
            "totalCurrentLiabilities": "326403000",
            "currentDebt": "65191000",
            "netIncome": "40283000",
            "capitalExpenditures": "11697000",
            "operatingCashflow": "79038000",
            "grossProfit": "151847000",
            "totalRevenue": "411602000",
            "sentiment": 0.4444566145885758,
            "surprise": "0.01",
            "closePrice": "31.12"
        },
        {
            "fiscalDateEnding": "2023-09-30",
            "totalCurrentAssets": "651568000",
            "cashAndShortTermInvestments": "274236000",
            "totalCurrentLiabilities": "306146000",
            "currentDebt": "50171000",
            "netIncome": "43876000",
            "capitalExpenditures": "14993000",
            "operatingCashflow": "68601000",
            "grossProfit": "154969000",
            "totalRevenue": "407975000",
            "sentiment": 0,
            "surprise": "0.03",
            "closePrice": "26.25"
        },
        {
            "fiscalDateEnding": "2023-06-30",
            "totalCurrentAssets": "613177000",
            "cashAndShortTermInvestments": "250058000",
            "totalCurrentLiabilities": "259063000",
            "currentDebt": "30167000",
            "netIncome": "49068000",
            "capitalExpenditures": "13634000",
            "operatingCashflow": "47534000",
            "grossProfit": "151776000",
            "totalRevenue": "402080000",
            "sentiment": 0,
            "surprise": "0.02",
            "closePrice": "29.054"
        },
        {
            "fiscalDateEnding": "2023-03-31",
            "totalCurrentAssets": "566227000",
            "cashAndShortTermInvestments": "203777000",
            "totalCurrentLiabilities": "280904000",
            "currentDebt": "40176000",
            "netIncome": "51331000",
            "capitalExpenditures": "12479000",
            "operatingCashflow": "16025000",
            "grossProfit": "149174000",
            "totalRevenue": "397363000",
            "sentiment": 0,
            "surprise": "0.13",
            "closePrice": "34.008"
        },
        {
            "fiscalDateEnding": "2022-12-31",
            "totalCurrentAssets": "612794000",
            "cashAndShortTermInvestments": "297696000",
            "totalCurrentLiabilities": "277946000",
            "currentDebt": "30164000",
            "netIncome": "31849000",
            "capitalExpenditures": "12737000",
            "operatingCashflow": "65052000",
            "grossProfit": "137293000",
            "totalRevenue": "373657000",
            "sentiment": 0,
            "surprise": "0.08",
            "closePrice": "34.396"
        },
        {
            "fiscalDateEnding": "2022-09-30",
            "totalCurrentAssets": "580584000",
            "cashAndShortTermInvestments": "262151000",
            "totalCurrentLiabilities": "286968000",
            "currentDebt": "35140000",
            "netIncome": "39095000",
            "capitalExpenditures": "7045000",
            "operatingCashflow": "48081000",
            "grossProfit": "130889000",
            "totalRevenue": "361227000",
            "sentiment": 0,
            "surprise": "0.12",
            "closePrice": "33.874"
        },
        {
            "fiscalDateEnding": "2022-06-30",
            "totalCurrentAssets": "561014000",
            "cashAndShortTermInvestments": "265245000",
            "totalCurrentLiabilities": "266014000",
            "currentDebt": "35127000",
            "netIncome": "35846000",
            "capitalExpenditures": "8953000",
            "operatingCashflow": "79878000",
            "grossProfit": "125575000",
            "totalRevenue": "347277000",
            "sentiment": 0,
            "surprise": "0.18",
            "closePrice": "32.704"
        },
        {
            "fiscalDateEnding": "2022-03-31",
            "totalCurrentAssets": "572618000",
            "cashAndShortTermInvestments": "269234000",
            "totalCurrentLiabilities": "222121000",
            "currentDebt": "35137000",
            "netIncome": "36178000",
            "capitalExpenditures": "16101000",
            "operatingCashflow": "-26870000",
            "grossProfit": "121692000",
            "totalRevenue": "330088000",
            "sentiment": 0,
            "surprise": "0.12",
            "closePrice": "28.672"
        },
        {
            "fiscalDateEnding": "2021-12-31",
            "totalCurrentAssets": "578144000",
            "cashAndShortTermInvestments": "314767000",
            "totalCurrentLiabilities": "495686000",
            "currentDebt": "260157000",
            "netIncome": "28299000",
            "capitalExpenditures": "8222000",
            "operatingCashflow": "70625000",
            "grossProfit": "111820000",
            "totalRevenue": "296087000",
            "sentiment": 0,
            "surprise": "0.06",
            "closePrice": "23.478"
        },
        {
            "fiscalDateEnding": "2021-09-30",
            "totalCurrentAssets": "545175000",
            "cashAndShortTermInvestments": "284320000",
            "totalCurrentLiabilities": "222926000",
            "currentDebt": "15171000",
            "netIncome": "26507000",
            "capitalExpenditures": "9123000",
            "operatingCashflow": "59819000",
            "grossProfit": "112582000",
            "totalRevenue": "276841000",
            "sentiment": 0,
            "surprise": "0.24",
            "closePrice": "25.888"
        },
        {
            "fiscalDateEnding": "2021-06-30",
            "totalCurrentAssets": "541162000",
            "cashAndShortTermInvestments": "294744000",
            "totalCurrentLiabilities": "207109000",
            "currentDebt": "15194000",
            "netIncome": "28021000",
            "capitalExpenditures": "7223000",
            "operatingCashflow": "38738000",
            "grossProfit": "104363000",
            "totalRevenue": "273897000",
            "sentiment": 0,
            "surprise": "0.13",
            "closePrice": "21.772"
        },
        {
            "fiscalDateEnding": "2021-03-31",
            "totalCurrentAssets": "596550000",
            "cashAndShortTermInvestments": "375842000",
            "totalCurrentLiabilities": "197720000",
            "currentDebt": "25209000",
            "netIncome": "31931000",
            "capitalExpenditures": "12680000",
            "operatingCashflow": "15205000",
            "grossProfit": "102594000",
            "totalRevenue": "259375000",
            "sentiment": 0,
            "surprise": "0.18",
            "closePrice": "18.926"
        },
        {
            "fiscalDateEnding": "2020-12-31",
            "totalCurrentAssets": "609278000",
            "cashAndShortTermInvestments": "402816000",
            "totalCurrentLiabilities": "221078000",
            "currentDebt": "25229000",
            "netIncome": "32218000",
            "capitalExpenditures": "7610000",
            "operatingCashflow": "76659000",
            "grossProfit": "98161000",
            "totalRevenue": "248953000",
            "sentiment": 0,
            "surprise": "0.07",
            "closePrice": "16.734"
        },
        {
            "fiscalDateEnding": "2020-09-30",
            "totalCurrentAssets": "565063000",
            "cashAndShortTermInvestments": "362598000",
            "totalCurrentLiabilities": "184899000",
            "currentDebt": "10723000",
            "netIncome": "26418000",
            "capitalExpenditures": "12563000",
            "operatingCashflow": "67407000",
            "grossProfit": "88931000",
            "totalRevenue": "239106000",
            "sentiment": 0,
            "surprise": "0.03",
            "closePrice": "14.898"
        },
        {
            "fiscalDateEnding": "2020-06-30",
            "totalCurrentAssets": "536540000",
            "cashAndShortTermInvestments": "335581000",
            "totalCurrentLiabilities": "184163000",
            "currentDebt": "20910000",
            "netIncome": "8429000",
            "capitalExpenditures": "9777000",
            "operatingCashflow": "72462000",
            "grossProfit": "64072000",
            "totalRevenue": "220949000",
            "sentiment": 0,
            "surprise": "0.22",
            "closePrice": "13.336"
        },
        {
            "fiscalDateEnding": "2020-03-31",
            "totalCurrentAssets": "604892000",
            "cashAndShortTermInvestments": "367413000",
            "totalCurrentLiabilities": "258364000",
            "currentDebt": "119154000",
            "netIncome": "22411000",
            "capitalExpenditures": "12274000",
            "operatingCashflow": "-13555000",
            "grossProfit": "83334000",
            "totalRevenue": "244295000",
            "sentiment": 0,
            "surprise": "0.06",
            "closePrice": "11.768"
        },
        {
            "fiscalDateEnding": "2019-12-31",
            "totalCurrentAssets": "541258000",
            "cashAndShortTermInvestments": "321403000",
            "totalCurrentLiabilities": "229349000",
            "currentDebt": "65268000",
            "netIncome": "21356000",
            "capitalExpenditures": "7830000",
            "operatingCashflow": "62466000",
            "grossProfit": "88610000",
            "totalRevenue": "256872000",
            "sentiment": 0,
            "surprise": "0.06",
            "closePrice": "14.818"
        },
        {
            "fiscalDateEnding": "2019-09-30",
            "totalCurrentAssets": "506226000",
            "cashAndShortTermInvestments": "280772000",
            "totalCurrentLiabilities": "187902000",
            "currentDebt": "20876000",
            "netIncome": "19044000",
            "capitalExpenditures": "10021000",
            "operatingCashflow": "58238000",
            "grossProfit": "83850000",
            "totalRevenue": "249221000",
            "sentiment": 0,
            "surprise": "0.09",
            "closePrice": "13.912"
        },
        {
            "fiscalDateEnding": "2019-06-30",
            "totalCurrentAssets": "489075000",
            "cashAndShortTermInvestments": "253046000",
            "totalCurrentLiabilities": "168240000",
            "currentDebt": "20885000",
            "netIncome": "12564000",
            "capitalExpenditures": "11409000",
            "operatingCashflow": "39374000",
            "grossProfit": "81063000",
            "totalRevenue": "240847000",
            "sentiment": 0,
            "surprise": "0.03",
            "closePrice": "13.674"
        },
        {
            "fiscalDateEnding": "2019-03-31",
            "totalCurrentAssets": "536058000",
            "cashAndShortTermInvestments": "302744000",
            "totalCurrentLiabilities": "157533000",
            "currentDebt": "20876000",
            "netIncome": "14695000",
            "capitalExpenditures": "10878000",
            "operatingCashflow": "8343000",
            "grossProfit": "82333000",
            "totalRevenue": "237251000",
            "sentiment": 0,
            "surprise": "0.03",
            "closePrice": "11.88"
        },
        {
            "fiscalDateEnding": "2018-12-31",
            "totalCurrentAssets": "499935000",
            "cashAndShortTermInvestments": "280370000",
            "totalCurrentLiabilities": "155095000",
            "currentDebt": "21646000",
            "netIncome": "3857000",
            "capitalExpenditures": "10367000",
            "operatingCashflow": "45197000",
            "grossProfit": "79955000",
            "totalRevenue": "234903000",
            "sentiment": 0,
            "surprise": "0.01",
            "closePrice": "12.28"
        },
        {
            "fiscalDateEnding": "2018-09-30",
            "totalCurrentAssets": "453827000",
            "cashAndShortTermInvestments": "242514000",
            "totalCurrentLiabilities": "138171000",
            "currentDebt": "12539000",
            "netIncome": "15249000",
            "capitalExpenditures": "10774000",
            "operatingCashflow": "33445000",
            "grossProfit": "78967000",
            "totalRevenue": "230034000",
            "sentiment": 0,
            "surprise": "0",
            "closePrice": "12.4"
        },
        {
            "fiscalDateEnding": "2018-06-30",
            "totalCurrentAssets": "426734000",
            "cashAndShortTermInvestments": "233136000",
            "totalCurrentLiabilities": "119637000",
            "currentDebt": "10541000",
            "netIncome": "14462000",
            "capitalExpenditures": "6616000",
            "operatingCashflow": "21798000",
            "grossProfit": "70463000",
            "totalRevenue": "210836000",
            "sentiment": 0,
            "surprise": "0.03",
            "closePrice": "11.796"
        },
        {
            "fiscalDateEnding": "2018-03-31",
            "totalCurrentAssets": "435973000",
            "cashAndShortTermInvestments": "239416000",
            "totalCurrentLiabilities": "104945000",
            "currentDebt": "564000",
            "netIncome": "23158000",
            "capitalExpenditures": "12680000",
            "operatingCashflow": "-8005000",
            "grossProfit": "68872000",
            "totalRevenue": "207249000",
            "sentiment": 0,
            "surprise": "0",
            "closePrice": "11.048"
        },
        {
            "fiscalDateEnding": "2017-12-31",
            "totalCurrentAssets": "452817000",
            "cashAndShortTermInvestments": "265274000",
            "totalCurrentLiabilities": "144249000",
            "currentDebt": "10585000",
            "netIncome": "-9355000",
            "capitalExpenditures": "8395000",
            "operatingCashflow": "42732000",
            "grossProfit": "68616000",
            "totalRevenue": "197875000",
            "sentiment": 0,
            "surprise": "0.02",
            "closePrice": "11.76"
        },
        {
            "fiscalDateEnding": "2017-09-30",
            "totalCurrentAssets": "423254000",
            "cashAndShortTermInvestments": "249367000",
            "totalCurrentLiabilities": "111089000",
            "currentDebt": "168000",
            "netIncome": "21077000",
            "capitalExpenditures": "6312000",
            "operatingCashflow": "25354000",
            "grossProfit": "69268000",
            "totalRevenue": "195365000",
            "sentiment": 0,
            "surprise": "0.03",
            "closePrice": "12.52"
        },
        {
            "fiscalDateEnding": "2017-06-30",
            "totalCurrentAssets": "398600000",
            "cashAndShortTermInvestments": "237329000",
            "totalCurrentLiabilities": "116033000",
            "currentDebt": "10203000",
            "netIncome": "20378000",
            "capitalExpenditures": "10333000",
            "operatingCashflow": "39050000",
            "grossProfit": "65323000",
            "totalRevenue": "191818000",
            "sentiment": 0,
            "surprise": "0.1",
            "closePrice": "11.262"
        },
        {
            "fiscalDateEnding": "2017-03-31",
            "totalCurrentAssets": "383498000",
            "cashAndShortTermInvestments": "218172000",
            "totalCurrentLiabilities": "110970000",
            "currentDebt": "10216000",
            "netIncome": "16788000",
            "capitalExpenditures": "10114000",
            "operatingCashflow": "6023000",
            "grossProfit": "63961000",
            "totalRevenue": "184646000",
            "sentiment": 0,
            "surprise": "0.02",
            "closePrice": "9.728"
        },
        {
            "fiscalDateEnding": "2016-12-31",
            "totalCurrentAssets": "378824000",
            "cashAndShortTermInvestments": "226646000",
            "totalCurrentLiabilities": "124231000",
            "currentDebt": "10232000",
            "netIncome": "15488000",
            "capitalExpenditures": "5515000",
            "operatingCashflow": "46353000",
            "grossProfit": "61490000",
            "totalRevenue": "177274000",
            "sentiment": 0,
            "surprise": "0.03",
            "closePrice": "8.932"
        },
        {
            "fiscalDateEnding": "2016-09-30",
            "totalCurrentAssets": "357981000",
            "cashAndShortTermInvestments": "214011000",
            "totalCurrentLiabilities": "97384000",
            "currentDebt": "5237000",
            "netIncome": "16050000",
            "capitalExpenditures": "5463000",
            "operatingCashflow": "29127000",
            "grossProfit": "59433000",
            "totalRevenue": "172646000",
            "sentiment": 0,
            "surprise": "0.02",
            "closePrice": "8.944"
        },
        {
            "fiscalDateEnding": "2016-06-30",
            "totalCurrentAssets": "343772000",
            "cashAndShortTermInvestments": "200707000",
            "totalCurrentLiabilities": "100461000",
            "currentDebt": "10221000",
            "netIncome": "16375000",
            "capitalExpenditures": "6415000",
            "operatingCashflow": "37356000",
            "grossProfit": "58452000",
            "totalRevenue": "171498000",
            "sentiment": 0,
            "surprise": "0.02",
            "closePrice": "9.738"
        },
        {
            "fiscalDateEnding": "2016-03-31",
            "totalCurrentAssets": "337754000",
            "cashAndShortTermInvestments": "192853000",
            "totalCurrentLiabilities": "89644000",
            "currentDebt": "10286000",
            "netIncome": "13820000",
            "capitalExpenditures": "8457000",
            "operatingCashflow": "-10441000",
            "grossProfit": "58657000",
            "totalRevenue": "167120000",
            "sentiment": 0,
            "surprise": "0.03",
            "closePrice": "10.0"
        },
        {
            "fiscalDateEnding": "2015-12-31",
            "totalCurrentAssets": "339199000",
            "cashAndShortTermInvestments": "218999000",
            "totalCurrentLiabilities": "107079000",
            "currentDebt": "10384000",
            "netIncome": "14762000",
            "capitalExpenditures": "4458000",
            "operatingCashflow": "-6333000",
            "grossProfit": "59742000",
            "totalRevenue": "165858000",
            "sentiment": 0,
            "surprise": "0.04",
            "closePrice": "9.714"
        },
        {
            "fiscalDateEnding": "2015-09-30",
            "totalCurrentAssets": "312284000",
            "cashAndShortTermInvestments": "183840000",
            "totalCurrentLiabilities": "93255000",
            "currentDebt": "10481000",
            "netIncome": "15162000",
            "capitalExpenditures": "6747000",
            "operatingCashflow": "20577000",
            "grossProfit": "60305000",
            "totalRevenue": "163674000",
            "sentiment": 0,
            "surprise": "0.07",
            "closePrice": "9.004"
        },
        {
            "fiscalDateEnding": "2015-06-30",
            "totalCurrentAssets": "301608000",
            "cashAndShortTermInvestments": "172531000",
            "totalCurrentLiabilities": "94892000",
            "currentDebt": "10661000",
            "netIncome": "12074000",
            "capitalExpenditures": "5535000",
            "operatingCashflow": "17327000",
            "grossProfit": "55143000",
            "totalRevenue": "156298000",
            "sentiment": 0,
            "surprise": "0.05",
            "closePrice": "7.504"
        },
        {
            "fiscalDateEnding": "2015-03-31",
            "totalCurrentAssets": "295088000",
            "cashAndShortTermInvestments": "165649000",
            "totalCurrentLiabilities": "84906000",
            "currentDebt": "5743000",
            "netIncome": "9567000",
            "capitalExpenditures": "8845000",
            "operatingCashflow": "-2814000",
            "grossProfit": "50385000",
            "totalRevenue": "144361000",
            "sentiment": 0,
            "surprise": "-0.01",
            "closePrice": "6.886"
        },
        {
            "fiscalDateEnding": "2014-12-31",
            "totalCurrentAssets": "297936000",
            "cashAndShortTermInvestments": "188076000",
            "totalCurrentLiabilities": "90968000",
            "currentDebt": "803000",
            "netIncome": "7461000",
            "capitalExpenditures": "3916000",
            "operatingCashflow": "-21049000",
            "grossProfit": "43915000",
            "totalRevenue": "135286000",
            "sentiment": 0,
            "surprise": "0.05",
            "closePrice": "6.746"
        },
        {
            "fiscalDateEnding": "2014-09-30",
            "totalCurrentAssets": "273084000",
            "cashAndShortTermInvestments": "167989000",
            "totalCurrentLiabilities": "74063000",
            "currentDebt": "1022000",
            "netIncome": "6075000",
            "capitalExpenditures": "7125000",
            "operatingCashflow": "13089000",
            "grossProfit": "37474000",
            "totalRevenue": "123099000",
            "sentiment": 0,
            "surprise": "0.02",
            "closePrice": "5.584"
        },
        {
            "fiscalDateEnding": "2014-06-30",
            "totalCurrentAssets": "272862000",
            "cashAndShortTermInvestments": "168493000",
            "totalCurrentLiabilities": "69619000",
            "currentDebt": "1058000",
            "netIncome": "7762000",
            "capitalExpenditures": "5958000",
            "operatingCashflow": "14441000",
            "grossProfit": "38479000",
            "totalRevenue": "119601000",
            "sentiment": 0,
            "surprise": "0.02",
            "closePrice": "5.806"
        },
        {
            "fiscalDateEnding": "2014-03-31",
            "totalCurrentAssets": "257947000",
            "cashAndShortTermInvestments": "150861000",
            "totalCurrentLiabilities": "62994000",
            "currentDebt": "1108000",
            "netIncome": "11147000",
            "capitalExpenditures": "10679000",
            "operatingCashflow": "4965000",
            "grossProfit": "46875000",
            "totalRevenue": "121797000",
            "sentiment": 0,
            "surprise": "0.09",
            "closePrice": "5.876"
        },
        {
            "fiscalDateEnding": "2013-12-31",
            "totalCurrentAssets": "252627000",
            "cashAndShortTermInvestments": "154052000",
            "totalCurrentLiabilities": "76075000",
            "currentDebt": "1119000",
            "netIncome": "15859000",
            "capitalExpenditures": "4181000",
            "operatingCashflow": "38562000",
            "grossProfit": "52073000",
            "totalRevenue": "124123000",
            "sentiment": 0,
            "surprise": "0.06",
            "closePrice": "5.962"
        },
        {
            "fiscalDateEnding": "2013-09-30",
            "totalCurrentAssets": "237647000",
            "cashAndShortTermInvestments": "138547000",
            "totalCurrentLiabilities": "67099000",
            "currentDebt": "1129000",
            "netIncome": "13240000",
            "capitalExpenditures": "1454000",
            "operatingCashflow": "18829000",
            "grossProfit": "50266000",
            "totalRevenue": "122315000",
            "sentiment": 0,
            "surprise": "0.02",
            "closePrice": "6.134"
        },
        {
            "fiscalDateEnding": "2013-06-30",
            "totalCurrentAssets": "217070000",
            "cashAndShortTermInvestments": "120197000",
            "totalCurrentLiabilities": "65257000",
            "currentDebt": "1471000",
            "netIncome": "9236000",
            "capitalExpenditures": "3671000",
            "operatingCashflow": "18779000",
            "grossProfit": "42078000",
            "totalRevenue": "116008000",
            "sentiment": 0,
            "surprise": "0",
            "closePrice": "5.576"
        },
        {
            "fiscalDateEnding": "2013-03-31",
            "totalCurrentAssets": "210677000",
            "cashAndShortTermInvestments": "108570000",
            "totalCurrentLiabilities": "58139000",
            "currentDebt": "1616000",
            "netIncome": "9762000",
            "capitalExpenditures": "6610000",
            "operatingCashflow": "6622000",
            "grossProfit": "43093000",
            "totalRevenue": "116006000",
            "sentiment": 0,
            "surprise": "0.01",
            "closePrice": "6.378"
        },
        {
            "fiscalDateEnding": "2012-12-31",
            "totalCurrentAssets": "206104000",
            "cashAndShortTermInvestments": "109174000",
            "totalCurrentLiabilities": "74341000",
            "currentDebt": "1685000",
            "netIncome": "12163000",
            "capitalExpenditures": "1796000",
            "operatingCashflow": "22426000",
            "grossProfit": "47144000",
            "totalRevenue": "117653000",
            "sentiment": 0,
            "surprise": "0.02",
            "closePrice": "6.362"
        },
        {
            "fiscalDateEnding": "2012-09-30",
            "totalCurrentAssets": "213551000",
            "cashAndShortTermInvestments": "125393000",
            "totalCurrentLiabilities": "63204000",
            "currentDebt": "1741000",
            "netIncome": "11703000",
            "capitalExpenditures": "3809000",
            "operatingCashflow": "23903000",
            "grossProfit": "43989000",
            "totalRevenue": "112639000",
            "sentiment": 0,
            "surprise": "0.02",
            "closePrice": "5.25"
        },
        {
            "fiscalDateEnding": "2012-06-30",
            "totalCurrentAssets": "184013000",
            "cashAndShortTermInvestments": "101022000",
            "totalCurrentLiabilities": "61065000",
            "currentDebt": "1670000",
            "netIncome": "9054000",
            "capitalExpenditures": "3900000",
            "operatingCashflow": "15084000",
            "grossProfit": "41985000",
            "totalRevenue": "108030000",
            "sentiment": 0,
            "surprise": "0.04",
            "closePrice": "4.93"
        },
        {
            "fiscalDateEnding": "2012-03-31",
            "totalCurrentAssets": "170563000",
            "cashAndShortTermInvestments": "89530000",
            "totalCurrentLiabilities": "55725000",
            "currentDebt": "1832000",
            "netIncome": "8916000",
            "capitalExpenditures": "9299000",
            "operatingCashflow": "4369000",
            "grossProfit": "37936000",
            "totalRevenue": "104608000",
            "sentiment": 0,
            "surprise": "0",
            "closePrice": "5.568"
        },
        {
            "fiscalDateEnding": "2011-12-31",
            "totalCurrentAssets": "166841000",
            "cashAndShortTermInvestments": "90262000",
            "totalCurrentLiabilities": "72234000",
            "currentDebt": "1729000",
            "netIncome": "9553000",
            "capitalExpenditures": "7093000",
            "operatingCashflow": "15727000",
            "grossProfit": "40565000",
            "totalRevenue": "102581000",
            "sentiment": 0,
            "surprise": "0.06",
            "closePrice": "5.308"
        },
        {
            "fiscalDateEnding": "2011-09-30",
            "totalCurrentAssets": "159849000",
            "cashAndShortTermInvestments": "82523000",
            "totalCurrentLiabilities": "70428000",
            "currentDebt": "1971000",
            "netIncome": "8391000",
            "capitalExpenditures": "3771000",
            "operatingCashflow": "13732000",
            "grossProfit": "38271000",
            "totalRevenue": "100026000",
            "sentiment": 0,
            "surprise": "0.03",
            "closePrice": "5.204"
        },
        {
            "fiscalDateEnding": "2011-06-30",
            "totalCurrentAssets": "157762000",
            "cashAndShortTermInvestments": "83914000",
            "totalCurrentLiabilities": "97441000",
            "currentDebt": "32331000",
            "netIncome": "8475000",
            "capitalExpenditures": "1446000",
            "operatingCashflow": "19024000",
            "grossProfit": "33030000",
            "totalRevenue": "85028000",
            "sentiment": 0,
            "surprise": "0.1",
            "closePrice": "4.684"
        }
    ]
}