{
    "EXTR": [
        {
            "fiscalDateEnding": "2023-12-31",
            "totalCurrentAssets": "558243000",
            "cashAndShortTermInvestments": "221403000",
            "totalCurrentLiabilities": "548966000",
            "currentDebt": "9325000",
            "netIncome": "3988000",
            "capitalExpenditures": "5641000",
            "operatingCashflow": "34230000",
            "grossProfit": "183370000",
            "totalRevenue": "291408000",
            "sentiment": 0.24817182860318507,
            "surprise": "-0.01",
            "closePrice": "13.51"
        },
        {
            "fiscalDateEnding": "2023-09-30",
            "totalCurrentAssets": "532456000",
            "cashAndShortTermInvestments": "224434000",
            "totalCurrentLiabilities": "528718000",
            "currentDebt": "9325000",
            "netIncome": "28676000",
            "capitalExpenditures": "4314000",
            "operatingCashflow": "75635000",
            "grossProfit": "212936000",
            "totalRevenue": "349319000",
            "sentiment": 0.2555384155082258,
            "surprise": "0.03",
            "closePrice": "17.86"
        },
        {
            "fiscalDateEnding": "2023-06-30",
            "totalCurrentAssets": "576158000",
            "cashAndShortTermInvestments": "234826000",
            "totalCurrentLiabilities": "575501000",
            "currentDebt": "34326000",
            "netIncome": "25427000",
            "capitalExpenditures": "5166000",
            "operatingCashflow": "80693000",
            "grossProfit": "214419000",
            "totalRevenue": "358517000",
            "sentiment": 0.26360975721129826,
            "surprise": "0.02",
            "closePrice": "30.22"
        },
        {
            "fiscalDateEnding": "2023-03-31",
            "totalCurrentAssets": "502072000",
            "cashAndShortTermInvestments": "202996000",
            "totalCurrentLiabilities": "526846000",
            "currentDebt": "35872000",
            "netIncome": "22131000",
            "capitalExpenditures": "2363000",
            "operatingCashflow": "48182000",
            "grossProfit": "191938000",
            "totalRevenue": "328261000",
            "sentiment": 0.12486874063493371,
            "surprise": "0.03",
            "closePrice": "16.32"
        },
        {
            "fiscalDateEnding": "2022-12-31",
            "totalCurrentAssets": "497665000",
            "cashAndShortTermInvestments": "202521000",
            "totalCurrentLiabilities": "529102000",
            "currentDebt": "35819000",
            "netIncome": "17931000",
            "capitalExpenditures": "3132000",
            "operatingCashflow": "70603000",
            "grossProfit": "181655000",
            "totalRevenue": "314564000",
            "sentiment": 0.11345268703997888,
            "surprise": "0.03",
            "closePrice": "16.5"
        },
        {
            "fiscalDateEnding": "2022-09-30",
            "totalCurrentAssets": "482104000",
            "cashAndShortTermInvestments": "198344000",
            "totalCurrentLiabilities": "502699000",
            "currentDebt": "35764000",
            "netIncome": "12585000",
            "capitalExpenditures": "3139000",
            "operatingCashflow": "49734000",
            "grossProfit": "166708000",
            "totalRevenue": "294763000",
            "sentiment": 0.17306632864814184,
            "surprise": "0.03",
            "closePrice": "16.56"
        },
        {
            "fiscalDateEnding": "2022-06-30",
            "totalCurrentAssets": "489089000",
            "cashAndShortTermInvestments": "194522000",
            "totalCurrentLiabilities": "500181000",
            "currentDebt": "33349000",
            "netIncome": "5410000",
            "capitalExpenditures": "4303000",
            "operatingCashflow": "64122000",
            "grossProfit": "154191000",
            "totalRevenue": "278918000",
            "sentiment": 0.019032584366893254,
            "surprise": "0.01",
            "closePrice": "11.47"
        },
        {
            "fiscalDateEnding": "2022-03-31",
            "totalCurrentAssets": "446876000",
            "cashAndShortTermInvestments": "166566000",
            "totalCurrentLiabilities": "457790000",
            "currentDebt": "30945000",
            "netIncome": "12824000",
            "capitalExpenditures": "4477000",
            "operatingCashflow": "1573000",
            "grossProfit": "161358000",
            "totalRevenue": "283014000",
            "sentiment": 0.0715973687200521,
            "surprise": "0.03",
            "closePrice": "9.4"
        },
        {
            "fiscalDateEnding": "2021-12-31",
            "totalCurrentAssets": "430517000",
            "cashAndShortTermInvestments": "173548000",
            "totalCurrentLiabilities": "467680000",
            "currentDebt": "28542000",
            "netIncome": "13341000",
            "capitalExpenditures": "3243000",
            "operatingCashflow": "22228000",
            "grossProfit": "158786000",
            "totalRevenue": "277757000",
            "sentiment": 0,
            "surprise": "0.04",
            "closePrice": "12.15"
        },
        {
            "fiscalDateEnding": "2021-09-30",
            "totalCurrentAssets": "424171000",
            "cashAndShortTermInvestments": "191349000",
            "totalCurrentLiabilities": "455060000",
            "currentDebt": "26144000",
            "netIncome": "12696000",
            "capitalExpenditures": "3410000",
            "operatingCashflow": "40254000",
            "grossProfit": "155603000",
            "totalRevenue": "264104000",
            "sentiment": 0,
            "surprise": "0.05",
            "closePrice": "11.37"
        },
        {
            "fiscalDateEnding": "2021-06-30",
            "totalCurrentAssets": "487595000",
            "cashAndShortTermInvestments": "246894000",
            "totalCurrentLiabilities": "455700000",
            "currentDebt": "23721000",
            "netIncome": "10326000",
            "capitalExpenditures": "4858000",
            "operatingCashflow": "57039000",
            "grossProfit": "161100000",
            "totalRevenue": "275748000",
            "sentiment": 0,
            "surprise": "0.02",
            "closePrice": "10.43"
        },
        {
            "fiscalDateEnding": "2021-03-31",
            "totalCurrentAssets": "420880000",
            "cashAndShortTermInvestments": "203139000",
            "totalCurrentLiabilities": "414895000",
            "currentDebt": "21314000",
            "netIncome": "3472000",
            "capitalExpenditures": "4279000",
            "operatingCashflow": "24725000",
            "grossProfit": "148813000",
            "totalRevenue": "248406000",
            "sentiment": 0,
            "surprise": "0.03",
            "closePrice": "10.69"
        },
        {
            "fiscalDateEnding": "2020-12-31",
            "totalCurrentAssets": "403298000",
            "cashAndShortTermInvestments": "183969000",
            "totalCurrentLiabilities": "422242000",
            "currentDebt": "18912000",
            "netIncome": "-3050000",
            "capitalExpenditures": "5016000",
            "operatingCashflow": "38026000",
            "grossProfit": "140192000",
            "totalRevenue": "236060000",
            "sentiment": 0,
            "surprise": "-0.01",
            "closePrice": "10.4"
        },
        {
            "fiscalDateEnding": "2020-09-30",
            "totalCurrentAssets": "406680000",
            "cashAndShortTermInvestments": "193116000",
            "totalCurrentLiabilities": "435611000",
            "currentDebt": "51515000",
            "netIncome": "-8812000",
            "capitalExpenditures": "3023000",
            "operatingCashflow": "24745000",
            "grossProfit": "135018000",
            "totalRevenue": "229139000",
            "sentiment": 0,
            "surprise": "0.03",
            "closePrice": "4.6"
        },
        {
            "fiscalDateEnding": "2020-06-30",
            "totalCurrentAssets": "414207000",
            "cashAndShortTermInvestments": "193872000",
            "totalCurrentLiabilities": "397821000",
            "currentDebt": "16516000",
            "netIncome": "-21217000",
            "capitalExpenditures": "2638000",
            "operatingCashflow": "8823000",
            "grossProfit": "120590000",
            "totalRevenue": "207360000",
            "sentiment": 0,
            "surprise": "0.06",
            "closePrice": "5.02"
        },
        {
            "fiscalDateEnding": "2020-03-31",
            "totalCurrentAssets": "395513000",
            "cashAndShortTermInvestments": "196350000",
            "totalCurrentLiabilities": "374529000",
            "currentDebt": "35016000",
            "netIncome": "-44352000",
            "capitalExpenditures": "3192000",
            "operatingCashflow": "5150000",
            "grossProfit": "111335000",
            "totalRevenue": "205040000",
            "sentiment": 0,
            "surprise": "0",
            "closePrice": "3.21"
        },
        {
            "fiscalDateEnding": "2019-12-31",
            "totalCurrentAssets": "417612000",
            "cashAndShortTermInvestments": "140414000",
            "totalCurrentLiabilities": "422957000",
            "currentDebt": "34735000",
            "netIncome": "-23538000",
            "capitalExpenditures": "4199000",
            "operatingCashflow": "22113000",
            "grossProfit": "148671000",
            "totalRevenue": "261838000",
            "sentiment": 0,
            "surprise": "0",
            "closePrice": "6.35"
        },
        {
            "fiscalDateEnding": "2019-09-30",
            "totalCurrentAssets": "434708000",
            "cashAndShortTermInvestments": "161074000",
            "totalCurrentLiabilities": "411451000",
            "currentDebt": "34290000",
            "netIncome": "-37738000",
            "capitalExpenditures": "5239000",
            "operatingCashflow": "-202000",
            "grossProfit": "137243000",
            "totalRevenue": "250942000",
            "sentiment": 0,
            "surprise": "0.05",
            "closePrice": "6.89"
        },
        {
            "fiscalDateEnding": "2019-06-30",
            "totalCurrentAssets": "441989000",
            "cashAndShortTermInvestments": "169607000",
            "totalCurrentLiabilities": "356029000",
            "currentDebt": "9011000",
            "netIncome": "-17055000",
            "capitalExpenditures": "6549000",
            "operatingCashflow": "25443000",
            "grossProfit": "138946000",
            "totalRevenue": "247843000",
            "sentiment": 0,
            "surprise": "0.02",
            "closePrice": "8.14"
        },
        {
            "fiscalDateEnding": "2019-03-31",
            "totalCurrentAssets": "390597000",
            "cashAndShortTermInvestments": "156813000",
            "totalCurrentLiabilities": "302747000",
            "currentDebt": "9009000",
            "netIncome": "-6932000",
            "capitalExpenditures": "5041000",
            "operatingCashflow": "17891000",
            "grossProfit": "138919000",
            "totalRevenue": "247868000",
            "sentiment": 0,
            "surprise": "-0.02",
            "closePrice": "6.84"
        },
        {
            "fiscalDateEnding": "2018-12-31",
            "totalCurrentAssets": "382937000",
            "cashAndShortTermInvestments": "140643000",
            "totalCurrentLiabilities": "311568000",
            "currentDebt": "9009000",
            "netIncome": "7199000",
            "capitalExpenditures": "3723000",
            "operatingCashflow": "27281000",
            "grossProfit": "141299000",
            "totalRevenue": "249614000",
            "sentiment": 0,
            "surprise": "0.03",
            "closePrice": "6.93"
        },
        {
            "fiscalDateEnding": "2018-09-30",
            "totalCurrentAssets": "395801000",
            "cashAndShortTermInvestments": "141054000",
            "totalCurrentLiabilities": "322040000",
            "currentDebt": "9008000",
            "netIncome": "-9065000",
            "capitalExpenditures": "7417000",
            "operatingCashflow": "34330000",
            "grossProfit": "132071000",
            "totalRevenue": "236560000",
            "sentiment": 0,
            "surprise": "0.05",
            "closePrice": "6.54"
        },
        {
            "fiscalDateEnding": "2018-06-30",
            "totalCurrentAssets": "427913000",
            "cashAndShortTermInvestments": "122598000",
            "totalCurrentLiabilities": "359872000",
            "currentDebt": "9007000",
            "netIncome": "-5632000",
            "capitalExpenditures": "18412000",
            "operatingCashflow": "20773000",
            "grossProfit": "150167000",
            "totalRevenue": "271990000",
            "sentiment": 0,
            "surprise": "0.01",
            "closePrice": "6.09"
        },
        {
            "fiscalDateEnding": "2018-03-31",
            "totalCurrentAssets": "396000000",
            "cashAndShortTermInvestments": "105268000",
            "totalCurrentLiabilities": "363706000",
            "currentDebt": "24720000",
            "netIncome": "-13613000",
            "capitalExpenditures": "8690000",
            "operatingCashflow": "-15978000",
            "grossProfit": "142983000",
            "totalRevenue": "257660000",
            "sentiment": 0,
            "surprise": "-0.05",
            "closePrice": "11.75"
        },
        {
            "fiscalDateEnding": "2017-12-31",
            "totalCurrentAssets": "390163000",
            "cashAndShortTermInvestments": "128212000",
            "totalCurrentLiabilities": "346274000",
            "currentDebt": "22426000",
            "netIncome": "-31923000",
            "capitalExpenditures": "5888000",
            "operatingCashflow": "-4350000",
            "grossProfit": "128986000",
            "totalRevenue": "228019000",
            "sentiment": 0,
            "surprise": "0.01",
            "closePrice": "13.77"
        },
        {
            "fiscalDateEnding": "2017-09-30",
            "totalCurrentAssets": "345851000",
            "cashAndShortTermInvestments": "154064000",
            "totalCurrentLiabilities": "263779000",
            "currentDebt": "17863000",
            "netIncome": "4376000",
            "capitalExpenditures": "7421000",
            "operatingCashflow": "18598000",
            "grossProfit": "112381000",
            "totalRevenue": "212657000",
            "sentiment": 0,
            "surprise": "0.02",
            "closePrice": "11.81"
        },
        {
            "fiscalDateEnding": "2017-06-30",
            "totalCurrentAssets": "298842000",
            "cashAndShortTermInvestments": "130450000",
            "totalCurrentLiabilities": "213205000",
            "currentDebt": "12280000",
            "netIncome": "13204000",
            "capitalExpenditures": "2593000",
            "operatingCashflow": "15322000",
            "grossProfit": "102615000",
            "totalRevenue": "176592000",
            "sentiment": 0,
            "surprise": "0.02",
            "closePrice": "9.32"
        },
        {
            "fiscalDateEnding": "2017-03-31",
            "totalCurrentAssets": "292272000",
            "cashAndShortTermInvestments": "117280000",
            "totalCurrentLiabilities": "245216000",
            "currentDebt": "11149000",
            "netIncome": "-4977000",
            "capitalExpenditures": "3170000",
            "operatingCashflow": "24673000",
            "grossProfit": "82804000",
            "totalRevenue": "148287000",
            "sentiment": 0,
            "surprise": "0.02",
            "closePrice": "7.65"
        },
        {
            "fiscalDateEnding": "2016-12-31",
            "totalCurrentAssets": "283805000",
            "cashAndShortTermInvestments": "103786000",
            "totalCurrentLiabilities": "237899000",
            "currentDebt": "10020000",
            "netIncome": "-4229000",
            "capitalExpenditures": "3027000",
            "operatingCashflow": "9714000",
            "grossProfit": "79652000",
            "totalRevenue": "148035000",
            "sentiment": 0,
            "surprise": "0.05",
            "closePrice": "5.28"
        },
        {
            "fiscalDateEnding": "2016-09-30",
            "totalCurrentAssets": "225413000",
            "cashAndShortTermInvestments": "102265000",
            "totalCurrentLiabilities": "204356000",
            "currentDebt": "19269000",
            "netIncome": "-5742000",
            "capitalExpenditures": "1635000",
            "operatingCashflow": "9574000",
            "grossProfit": "65886000",
            "totalRevenue": "121795000",
            "sentiment": 0,
            "surprise": "0.01",
            "closePrice": "4.07"
        },
        {
            "fiscalDateEnding": "2016-06-30",
            "totalCurrentAssets": "228968000",
            "cashAndShortTermInvestments": "94122000",
            "totalCurrentLiabilities": "211526000",
            "currentDebt": "17875000",
            "netIncome": "-6819000",
            "capitalExpenditures": "2530000",
            "operatingCashflow": "11453000",
            "grossProfit": "67290000",
            "totalRevenue": "21962000",
            "sentiment": 0,
            "surprise": "0",
            "closePrice": "3.88"
        },
        {
            "fiscalDateEnding": "2016-03-31",
            "totalCurrentAssets": "214046000",
            "cashAndShortTermInvestments": "88334000",
            "totalCurrentLiabilities": "201404000",
            "currentDebt": "16250000",
            "netIncome": "-10784000",
            "capitalExpenditures": "1388000",
            "operatingCashflow": "4946000",
            "grossProfit": "62720000",
            "totalRevenue": "4329000",
            "sentiment": 0,
            "surprise": "0.01",
            "closePrice": "3.3"
        },
        {
            "fiscalDateEnding": "2015-12-31",
            "totalCurrentAssets": "226206000",
            "cashAndShortTermInvestments": "85865000",
            "totalCurrentLiabilities": "216764000",
            "currentDebt": "14625000",
            "netIncome": "-7234000",
            "capitalExpenditures": "776000",
            "operatingCashflow": "7441000",
            "grossProfit": "70275000",
            "totalRevenue": "138696000",
            "sentiment": 0,
            "surprise": "0",
            "closePrice": "2.9"
        },
        {
            "fiscalDateEnding": "2015-09-30",
            "totalCurrentAssets": "215240000",
            "cashAndShortTermInvestments": "82025000",
            "totalCurrentLiabilities": "208619000",
            "currentDebt": "13000000",
            "netIncome": "-11526000",
            "capitalExpenditures": "633000",
            "operatingCashflow": "6526000",
            "grossProfit": "65118000",
            "totalRevenue": "124955000",
            "sentiment": 0,
            "surprise": "0.04",
            "closePrice": "3.45"
        },
        {
            "fiscalDateEnding": "2015-06-30",
            "totalCurrentAssets": "237994000",
            "cashAndShortTermInvestments": "76225000",
            "totalCurrentLiabilities": "235430000",
            "currentDebt": "11375000",
            "netIncome": "-15660000",
            "capitalExpenditures": "1595000",
            "operatingCashflow": "3859000",
            "grossProfit": "76324000",
            "totalRevenue": "148062000",
            "sentiment": 0,
            "surprise": "0.13",
            "closePrice": "2.54"
        },
        {
            "fiscalDateEnding": "2015-03-31",
            "totalCurrentAssets": "231977000",
            "cashAndShortTermInvestments": "75573000",
            "totalCurrentLiabilities": "223222000",
            "currentDebt": "9750000",
            "netIncome": "-23548000",
            "capitalExpenditures": "1798000",
            "operatingCashflow": "-7889000",
            "grossProfit": "57724000",
            "totalRevenue": "118332000",
            "sentiment": 0,
            "surprise": "-0.01",
            "closePrice": "2.59"
        },
        {
            "fiscalDateEnding": "2014-12-31",
            "totalCurrentAssets": "270083000",
            "cashAndShortTermInvestments": "109293000",
            "totalCurrentLiabilities": "225579000",
            "currentDebt": "8125000",
            "netIncome": "-13105000",
            "capitalExpenditures": "1345000",
            "operatingCashflow": "39821000",
            "grossProfit": "75162000",
            "totalRevenue": "146483000",
            "sentiment": 0,
            "surprise": "0.01",
            "closePrice": "2.78"
        },
        {
            "fiscalDateEnding": "2014-09-30",
            "totalCurrentAssets": "274338000",
            "cashAndShortTermInvestments": "104462000",
            "totalCurrentLiabilities": "224708000",
            "currentDebt": "30500000",
            "netIncome": "-19330000",
            "capitalExpenditures": "3036000",
            "operatingCashflow": "1632000",
            "grossProfit": "70527000",
            "totalRevenue": "135038000",
            "sentiment": 0,
            "surprise": "0",
            "closePrice": "3.3"
        },
        {
            "fiscalDateEnding": "2014-06-30",
            "totalCurrentAssets": "302856000",
            "cashAndShortTermInvestments": "105882000",
            "totalCurrentLiabilities": "246308000",
            "currentDebt": "29688000",
            "netIncome": "-16231000",
            "capitalExpenditures": "5076000",
            "operatingCashflow": "3774000",
            "grossProfit": "82922000",
            "totalRevenue": "153323000",
            "sentiment": 0,
            "surprise": "0.02",
            "closePrice": "5.35"
        },
        {
            "fiscalDateEnding": "2014-03-31",
            "totalCurrentAssets": "280782000",
            "cashAndShortTermInvestments": "106055000",
            "totalCurrentLiabilities": "220584000",
            "currentDebt": "28875000",
            "netIncome": "-25058000",
            "capitalExpenditures": "4822000",
            "operatingCashflow": "-25748000",
            "grossProfit": "70855000",
            "totalRevenue": "140898000",
            "sentiment": 0,
            "surprise": "0",
            "closePrice": "5.33"
        },
        {
            "fiscalDateEnding": "2013-12-31",
            "totalCurrentAssets": "285425000",
            "cashAndShortTermInvestments": "112017000",
            "totalCurrentLiabilities": "209689000",
            "currentDebt": "4063000",
            "netIncome": "-15986000",
            "capitalExpenditures": "2754000",
            "operatingCashflow": "-6794000",
            "grossProfit": "69845000",
            "totalRevenue": "145059000",
            "sentiment": 0,
            "surprise": "-0.01",
            "closePrice": "5.92"
        },
        {
            "fiscalDateEnding": "2013-09-30",
            "totalCurrentAssets": "281241000",
            "cashAndShortTermInvestments": "199435000",
            "totalCurrentLiabilities": "111214000",
            "currentDebt": "None",
            "netIncome": "-35000",
            "capitalExpenditures": "9808000",
            "operatingCashflow": "1925000",
            "grossProfit": "43707000",
            "totalRevenue": "76166000",
            "sentiment": 0,
            "surprise": "0.02",
            "closePrice": "6.3"
        },
        {
            "fiscalDateEnding": "2013-06-30",
            "totalCurrentAssets": "208781000",
            "cashAndShortTermInvestments": "205613000",
            "totalCurrentLiabilities": "112502000",
            "currentDebt": "None",
            "netIncome": "3184000",
            "capitalExpenditures": "8605000",
            "operatingCashflow": "25234000",
            "grossProfit": "43975000",
            "totalRevenue": "78017000",
            "sentiment": 0,
            "surprise": "0.01",
            "closePrice": "4.06"
        },
        {
            "fiscalDateEnding": "2013-03-31",
            "totalCurrentAssets": "185176000",
            "cashAndShortTermInvestments": "189099000",
            "totalCurrentLiabilities": "84604000",
            "currentDebt": "None",
            "netIncome": "-2220000",
            "capitalExpenditures": "1396000",
            "operatingCashflow": "-1074000",
            "grossProfit": "37937000",
            "totalRevenue": "68203000",
            "sentiment": 0,
            "surprise": "-0.02",
            "closePrice": "3.33"
        },
        {
            "fiscalDateEnding": "2012-12-31",
            "totalCurrentAssets": "191107000",
            "cashAndShortTermInvestments": "196178000",
            "totalCurrentLiabilities": "88125000",
            "currentDebt": "None",
            "netIncome": "-4206000",
            "capitalExpenditures": "1799000",
            "operatingCashflow": "1025000",
            "grossProfit": "40739000",
            "totalRevenue": "75550000",
            "sentiment": 0,
            "surprise": "-0.01",
            "closePrice": "3.57"
        },
        {
            "fiscalDateEnding": "2012-09-30",
            "totalCurrentAssets": "201271000",
            "cashAndShortTermInvestments": "202604000",
            "totalCurrentLiabilities": "84893000",
            "currentDebt": "None",
            "netIncome": "12915000",
            "capitalExpenditures": "1562000",
            "operatingCashflow": "7052000",
            "grossProfit": "39975000",
            "totalRevenue": "87663000",
            "sentiment": 0,
            "surprise": "0.01",
            "closePrice": "3.2699"
        },
        {
            "fiscalDateEnding": "2012-06-30",
            "totalCurrentAssets": "169109000",
            "cashAndShortTermInvestments": "153515000",
            "totalCurrentLiabilities": "96748000",
            "currentDebt": "None",
            "netIncome": "7812000",
            "capitalExpenditures": "816000",
            "operatingCashflow": "7406000",
            "grossProfit": "48833000",
            "totalRevenue": "87649000",
            "sentiment": 0,
            "surprise": "0",
            "closePrice": "3.2"
        },
        {
            "fiscalDateEnding": "2012-03-31",
            "totalCurrentAssets": "167662000",
            "cashAndShortTermInvestments": "75672000",
            "totalCurrentLiabilities": "96799000",
            "currentDebt": "None",
            "netIncome": "2372000",
            "capitalExpenditures": "2685000",
            "operatingCashflow": "2453000",
            "grossProfit": "41211000",
            "totalRevenue": "73368000",
            "sentiment": 0.17987633844304157,
            "surprise": "-0.01",
            "closePrice": "3.83"
        },
        {
            "fiscalDateEnding": "2012-12-31",
            "totalCurrentAssets": "166465000",
            "cashAndShortTermInvestments": "83669000",
            "totalCurrentLiabilities": "90805000",
            "currentDebt": "None",
            "netIncome": "4107000",
            "capitalExpenditures": "1263000",
            "operatingCashflow": "7898000",
            "grossProfit": "46268000",
            "totalRevenue": "82812000",
            "sentiment": 0,
            "surprise": "-0.01",
            "closePrice": "3.57"
        },
        {
            "fiscalDateEnding": "2011-09-30",
            "totalCurrentAssets": "134818000",
            "cashAndShortTermInvestments": "76147000",
            "totalCurrentLiabilities": "82212000",
            "currentDebt": "None",
            "netIncome": "1583000",
            "capitalExpenditures": "748000",
            "operatingCashflow": "-3944000",
            "grossProfit": "43536000",
            "totalRevenue": "78894000",
            "sentiment": 0,
            "surprise": "0.02",
            "closePrice": "3.0"
        }
    ]
}