{
    "FFIV": [
        {
            "fiscalDateEnding": "2023-12-31",
            "totalCurrentAssets": "1961751000",
            "cashAndShortTermInvestments": "825859000",
            "totalCurrentLiabilities": "1524460000",
            "currentDebt": "None",
            "netIncome": "138382000",
            "capitalExpenditures": "9048000",
            "operatingCashflow": "165318000",
            "grossProfit": "556208000",
            "totalRevenue": "705397000",
            "sentiment": 0.19303316709301827,
            "surprise": "0.39",
            "closePrice": "185.23"
        },
        {
            "fiscalDateEnding": "2023-09-30",
            "totalCurrentAssets": "1848773000",
            "cashAndShortTermInvestments": "803323000",
            "totalCurrentLiabilities": "1472781000",
            "currentDebt": "None",
            "netIncome": "152134000",
            "capitalExpenditures": "15382000",
            "operatingCashflow": "189801000",
            "grossProfit": "566010000",
            "totalRevenue": "705474000",
            "sentiment": 0.28742798724300433,
            "surprise": "0.29",
            "closePrice": "148.24"
        },
        {
            "fiscalDateEnding": "2023-06-30",
            "totalCurrentAssets": "1713784000",
            "cashAndShortTermInvestments": "690607000",
            "totalCurrentLiabilities": "1489541000",
            "currentDebt": "None",
            "netIncome": "88976000",
            "capitalExpenditures": "15009000",
            "operatingCashflow": "165054000",
            "grossProfit": "560959000",
            "totalRevenue": "702642000",
            "sentiment": 0.13203932781059635,
            "surprise": "0.35",
            "closePrice": "150.21"
        },
        {
            "fiscalDateEnding": "2023-03-31",
            "totalCurrentAssets": "1825175000",
            "cashAndShortTermInvestments": "755254000",
            "totalCurrentLiabilities": "1525603000",
            "currentDebt": "None",
            "netIncome": "81436000",
            "capitalExpenditures": "10689000",
            "operatingCashflow": "140923000",
            "grossProfit": "547521000",
            "totalRevenue": "703175000",
            "sentiment": 0.06327461548748174,
            "surprise": "0.11",
            "closePrice": "137.05"
        },
        {
            "fiscalDateEnding": "2022-12-31",
            "totalCurrentAssets": "1714507000",
            "cashAndShortTermInvestments": "659754000",
            "totalCurrentLiabilities": "1533479000",
            "currentDebt": "None",
            "netIncome": "72402000",
            "capitalExpenditures": "13104000",
            "operatingCashflow": "157631000",
            "grossProfit": "545371000",
            "totalRevenue": "719478000",
            "sentiment": 0.06991255831544882,
            "surprise": "0.14",
            "closePrice": "146.47"
        },
        {
            "fiscalDateEnding": "2022-09-30",
            "totalCurrentAssets": "1912224000",
            "cashAndShortTermInvestments": "884566000",
            "totalCurrentLiabilities": "1839951000",
            "currentDebt": "349772000",
            "netIncome": "89346000",
            "capitalExpenditures": "8507000",
            "operatingCashflow": "154355000",
            "grossProfit": "552571000",
            "totalRevenue": "707333000",
            "sentiment": 0.25924284444554246,
            "surprise": "0.1",
            "closePrice": "153.47"
        },
        {
            "fiscalDateEnding": "2022-06-30",
            "totalCurrentAssets": "1688925000",
            "cashAndShortTermInvestments": "738341000",
            "totalCurrentLiabilities": "1768700000",
            "currentDebt": "354591000",
            "netIncome": "83019000",
            "capitalExpenditures": "9325000",
            "operatingCashflow": "71401000",
            "grossProfit": "543755000",
            "totalRevenue": "674488000",
            "sentiment": -0.006097331416810689,
            "surprise": "0.34",
            "closePrice": "154.41"
        },
        {
            "fiscalDateEnding": "2022-03-31",
            "totalCurrentAssets": "1734831000",
            "cashAndShortTermInvestments": "887134000",
            "totalCurrentLiabilities": "1773229000",
            "currentDebt": "359410000",
            "netIncome": "56236000",
            "capitalExpenditures": "5228000",
            "operatingCashflow": "126509000",
            "grossProfit": "507865000",
            "totalRevenue": "634224000",
            "sentiment": 0.14630051454546453,
            "surprise": "0.12",
            "closePrice": "193.91"
        },
        {
            "fiscalDateEnding": "2021-12-31",
            "totalCurrentAssets": "1687973000",
            "cashAndShortTermInvestments": "858954000",
            "totalCurrentLiabilities": "1431888000",
            "currentDebt": "19275000",
            "netIncome": "93559000",
            "capitalExpenditures": "10564000",
            "operatingCashflow": "90366000",
            "grossProfit": "552027000",
            "totalRevenue": "704600000",
            "sentiment": 0,
            "surprise": "0.11",
            "closePrice": "221.14"
        },
        {
            "fiscalDateEnding": "2021-09-30",
            "totalCurrentAssets": "1611100000",
            "cashAndShortTermInvestments": "910607000",
            "totalCurrentLiabilities": "1391527000",
            "currentDebt": "19275000",
            "netIncome": "110718000",
            "capitalExpenditures": "7117000",
            "operatingCashflow": "197053000",
            "grossProfit": "553319000",
            "totalRevenue": "688297000",
            "sentiment": 0,
            "surprise": "0.26",
            "closePrice": "203.9"
        },
        {
            "fiscalDateEnding": "2021-06-30",
            "totalCurrentAssets": "1466711000",
            "cashAndShortTermInvestments": "767919000",
            "totalCurrentLiabilities": "1354964000",
            "currentDebt": "19275000",
            "netIncome": "89604000",
            "capitalExpenditures": "9444000",
            "operatingCashflow": "182304000",
            "grossProfit": "530611000",
            "totalRevenue": "651515000",
            "sentiment": 0,
            "surprise": "0.3",
            "closePrice": "192.62"
        },
        {
            "fiscalDateEnding": "2021-03-31",
            "totalCurrentAssets": "1335648000",
            "cashAndShortTermInvestments": "643271000",
            "totalCurrentLiabilities": "1327104000",
            "currentDebt": "19275000",
            "netIncome": "43241000",
            "capitalExpenditures": "9393000",
            "operatingCashflow": "128476000",
            "grossProfit": "516702000",
            "totalRevenue": "645287000",
            "sentiment": 0,
            "surprise": "0.1",
            "closePrice": "205.34"
        },
        {
            "fiscalDateEnding": "2020-12-31",
            "totalCurrentAssets": "2029810000",
            "cashAndShortTermInvestments": "1373344000",
            "totalCurrentLiabilities": "1319249000",
            "currentDebt": "66038000",
            "netIncome": "87678000",
            "capitalExpenditures": "4697000",
            "operatingCashflow": "137363000",
            "grossProfit": "509638000",
            "totalRevenue": "633717000",
            "sentiment": 0,
            "surprise": "0.12",
            "closePrice": "208.56"
        },
        {
            "fiscalDateEnding": "2020-09-30",
            "totalCurrentAssets": "1793476000",
            "cashAndShortTermInvestments": "1209889000",
            "totalCurrentLiabilities": "1288279000",
            "currentDebt": "65285000",
            "netIncome": "77663000",
            "capitalExpenditures": "12083000",
            "operatingCashflow": "175904000",
            "grossProfit": "502849000",
            "totalRevenue": "614816000",
            "sentiment": 0,
            "surprise": "0.06",
            "closePrice": "125.57"
        },
        {
            "fiscalDateEnding": "2020-06-30",
            "totalCurrentAssets": "1665434000",
            "cashAndShortTermInvestments": "1093571000",
            "totalCurrentLiabilities": "1263316000",
            "currentDebt": "65765000",
            "netIncome": "69872000",
            "capitalExpenditures": "12394000",
            "operatingCashflow": "159174000",
            "grossProfit": "477212000",
            "totalRevenue": "583252000",
            "sentiment": 0,
            "surprise": "0.14",
            "closePrice": "151.24"
        },
        {
            "fiscalDateEnding": "2020-03-31",
            "totalCurrentAssets": "1408731000",
            "cashAndShortTermInvestments": "821145000",
            "totalCurrentLiabilities": "1252006000",
            "currentDebt": "66115000",
            "netIncome": "61379000",
            "capitalExpenditures": "13159000",
            "operatingCashflow": "181808000",
            "grossProfit": "482211000",
            "totalRevenue": "583449000",
            "sentiment": 0,
            "surprise": "0.27",
            "closePrice": "130.92"
        },
        {
            "fiscalDateEnding": "2019-12-31",
            "totalCurrentAssets": "1737471000",
            "cashAndShortTermInvestments": "1162218000",
            "totalCurrentLiabilities": "1150507000",
            "currentDebt": "42519000",
            "netIncome": "98527000",
            "capitalExpenditures": "22304000",
            "operatingCashflow": "144012000",
            "grossProfit": "480663000",
            "totalRevenue": "574905000",
            "sentiment": 0,
            "surprise": "0.12",
            "closePrice": "132.7"
        },
        {
            "fiscalDateEnding": "2019-09-30",
            "totalCurrentAssets": "1511586000",
            "cashAndShortTermInvestments": "972282000",
            "totalCurrentLiabilities": "1105526000",
            "currentDebt": "None",
            "netIncome": "94837000",
            "capitalExpenditures": "20534000",
            "operatingCashflow": "206086000",
            "grossProfit": "499470000",
            "totalRevenue": "590388000",
            "sentiment": 0,
            "surprise": "0.04",
            "closePrice": "138.32"
        },
        {
            "fiscalDateEnding": "2019-06-30",
            "totalCurrentAssets": "1504901000",
            "cashAndShortTermInvestments": "986487000",
            "totalCurrentLiabilities": "1072066000",
            "currentDebt": "None",
            "netIncome": "85905000",
            "capitalExpenditures": "32952000",
            "operatingCashflow": "150345000",
            "grossProfit": "472627000",
            "totalRevenue": "563394000",
            "sentiment": 0,
            "surprise": "-0.04",
            "closePrice": "148.67"
        },
        {
            "fiscalDateEnding": "2019-03-31",
            "totalCurrentAssets": "1807460000",
            "cashAndShortTermInvestments": "1313777000",
            "totalCurrentLiabilities": "1074787000",
            "currentDebt": "None",
            "netIncome": "116087000",
            "capitalExpenditures": "29010000",
            "operatingCashflow": "193552000",
            "grossProfit": "456717000",
            "totalRevenue": "544895000",
            "sentiment": 0,
            "surprise": "0.03",
            "closePrice": "164.25"
        },
        {
            "fiscalDateEnding": "2018-12-31",
            "totalCurrentAssets": "1619636000",
            "cashAndShortTermInvestments": "1132596000",
            "totalCurrentLiabilities": "1047690000",
            "currentDebt": "None",
            "netIncome": "130905000",
            "capitalExpenditures": "21046000",
            "operatingCashflow": "197858000",
            "grossProfit": "457056000",
            "totalRevenue": "543770000",
            "sentiment": 0,
            "surprise": "0.17",
            "closePrice": "159.64"
        },
        {
            "fiscalDateEnding": "2018-09-30",
            "totalCurrentAssets": "1417658000",
            "cashAndShortTermInvestments": "1039412000",
            "totalCurrentLiabilities": "954433000",
            "currentDebt": "None",
            "netIncome": "132881000",
            "capitalExpenditures": "17391000",
            "operatingCashflow": "204305000",
            "grossProfit": "469269000",
            "totalRevenue": "562709000",
            "sentiment": 0,
            "surprise": "0.27",
            "closePrice": "161.6"
        },
        {
            "fiscalDateEnding": "2018-06-30",
            "totalCurrentAssets": "1469050000",
            "cashAndShortTermInvestments": "1084500000",
            "totalCurrentLiabilities": "943925000",
            "currentDebt": "None",
            "netIncome": "122743000",
            "capitalExpenditures": "19828000",
            "operatingCashflow": "182051000",
            "grossProfit": "451194000",
            "totalRevenue": "542203000",
            "sentiment": 0,
            "surprise": "0.05",
            "closePrice": "175.2"
        },
        {
            "fiscalDateEnding": "2018-03-31",
            "totalCurrentAssets": "1407229000",
            "cashAndShortTermInvestments": "1024673000",
            "totalCurrentLiabilities": "962171000",
            "currentDebt": "None",
            "netIncome": "109636000",
            "capitalExpenditures": "9755000",
            "operatingCashflow": "184755000",
            "grossProfit": "443659000",
            "totalRevenue": "533304000",
            "sentiment": 0,
            "surprise": "0.04",
            "closePrice": "157.07"
        },
        {
            "fiscalDateEnding": "2017-12-31",
            "totalCurrentAssets": "1380817000",
            "cashAndShortTermInvestments": "1004556000",
            "totalCurrentLiabilities": "945276000",
            "currentDebt": "None",
            "netIncome": "88429000",
            "capitalExpenditures": "6491000",
            "operatingCashflow": "189957000",
            "grossProfit": "435804000",
            "totalRevenue": "523191000",
            "sentiment": 0,
            "surprise": "0.22",
            "closePrice": "142.13"
        },
        {
            "fiscalDateEnding": "2017-09-30",
            "totalCurrentAssets": "1406224000",
            "cashAndShortTermInvestments": "1016928000",
            "totalCurrentLiabilities": "934543000",
            "currentDebt": "None",
            "netIncome": "135743000",
            "capitalExpenditures": "7506000",
            "operatingCashflow": "213065000",
            "grossProfit": "447457000",
            "totalRevenue": "537998000",
            "sentiment": 0,
            "surprise": "0.23",
            "closePrice": "119.31"
        },
        {
            "fiscalDateEnding": "2017-06-30",
            "totalCurrentAssets": "1445901000",
            "cashAndShortTermInvestments": "1014248000",
            "totalCurrentLiabilities": "909341000",
            "currentDebt": "None",
            "netIncome": "97662000",
            "capitalExpenditures": "7460000",
            "operatingCashflow": "162564000",
            "grossProfit": "428067000",
            "totalRevenue": "517837000",
            "sentiment": 0,
            "surprise": "0",
            "closePrice": "128.2"
        },
        {
            "fiscalDateEnding": "2017-03-31",
            "totalCurrentAssets": "1444843000",
            "cashAndShortTermInvestments": "1014624000",
            "totalCurrentLiabilities": "916018000",
            "currentDebt": "None",
            "netIncome": "93138000",
            "capitalExpenditures": "9582000",
            "operatingCashflow": "175340000",
            "grossProfit": "430336000",
            "totalRevenue": "518248000",
            "sentiment": 0,
            "surprise": "-0.02",
            "closePrice": "137.3"
        },
        {
            "fiscalDateEnding": "2016-12-31",
            "totalCurrentAssets": "1427496000",
            "cashAndShortTermInvestments": "973843000",
            "totalCurrentLiabilities": "918683000",
            "currentDebt": "None",
            "netIncome": "94218000",
            "capitalExpenditures": "18133000",
            "operatingCashflow": "189312000",
            "grossProfit": "430696000",
            "totalRevenue": "515958000",
            "sentiment": 0,
            "surprise": "0.04",
            "closePrice": "145.75"
        },
        {
            "fiscalDateEnding": "2016-09-30",
            "totalCurrentAssets": "1288801000",
            "cashAndShortTermInvestments": "882395000",
            "totalCurrentLiabilities": "844238000",
            "currentDebt": "None",
            "netIncome": "108935000",
            "capitalExpenditures": "19079000",
            "operatingCashflow": "204070000",
            "grossProfit": "440400000",
            "totalRevenue": "525349000",
            "sentiment": 0,
            "surprise": "0.17",
            "closePrice": "119.54"
        },
        {
            "fiscalDateEnding": "2016-06-30",
            "totalCurrentAssets": "1207963000",
            "cashAndShortTermInvestments": "810708000",
            "totalCurrentLiabilities": "799410000",
            "currentDebt": "None",
            "netIncome": "91789000",
            "capitalExpenditures": "16116000",
            "operatingCashflow": "170476000",
            "grossProfit": "412179000",
            "totalRevenue": "496522000",
            "sentiment": 0,
            "surprise": "0.02",
            "closePrice": "121.47"
        },
        {
            "fiscalDateEnding": "2016-03-31",
            "totalCurrentAssets": "1193981000",
            "cashAndShortTermInvestments": "775005000",
            "totalCurrentLiabilities": "800435000",
            "currentDebt": "None",
            "netIncome": "75415000",
            "capitalExpenditures": "16501000",
            "operatingCashflow": "133118000",
            "grossProfit": "401447000",
            "totalRevenue": "483677000",
            "sentiment": 0,
            "surprise": "0.05",
            "closePrice": "97.16"
        },
        {
            "fiscalDateEnding": "2015-12-31",
            "totalCurrentAssets": "1208133000",
            "cashAndShortTermInvestments": "791502000",
            "totalCurrentLiabilities": "802583000",
            "currentDebt": "None",
            "netIncome": "89716000",
            "capitalExpenditures": "16542000",
            "operatingCashflow": "203871000",
            "grossProfit": "403803000",
            "totalRevenue": "489486000",
            "sentiment": 0,
            "surprise": "0.13",
            "closePrice": "90.02"
        },
        {
            "fiscalDateEnding": "2015-09-30",
            "totalCurrentAssets": "1188140000",
            "cashAndShortTermInvestments": "774342000",
            "totalCurrentLiabilities": "755123000",
            "currentDebt": "None",
            "netIncome": "97037000",
            "capitalExpenditures": "19147000",
            "operatingCashflow": "183343000",
            "grossProfit": "416643000",
            "totalRevenue": "501301000",
            "sentiment": 0,
            "surprise": "0.1",
            "closePrice": "121.34"
        },
        {
            "fiscalDateEnding": "2015-06-30",
            "totalCurrentAssets": "1185508000",
            "cashAndShortTermInvestments": "797707000",
            "totalCurrentLiabilities": "717447000",
            "currentDebt": "None",
            "netIncome": "93172000",
            "capitalExpenditures": "21213000",
            "operatingCashflow": "172507000",
            "grossProfit": "397927000",
            "totalRevenue": "483586000",
            "sentiment": 0,
            "surprise": "0.07",
            "closePrice": "118.5"
        },
        {
            "fiscalDateEnding": "2015-03-31",
            "totalCurrentAssets": "1052124000",
            "cashAndShortTermInvestments": "666467000",
            "totalCurrentLiabilities": "697726000",
            "currentDebt": "None",
            "netIncome": "85729000",
            "capitalExpenditures": "15402000",
            "operatingCashflow": "142296000",
            "grossProfit": "389547000",
            "totalRevenue": "472143000",
            "sentiment": 0,
            "surprise": "0.09",
            "closePrice": "120.42"
        },
        {
            "fiscalDateEnding": "2014-12-31",
            "totalCurrentAssets": "1026857000",
            "cashAndShortTermInvestments": "654104000",
            "totalCurrentLiabilities": "695624000",
            "currentDebt": "None",
            "netIncome": "89076000",
            "capitalExpenditures": "11324000",
            "operatingCashflow": "186395000",
            "grossProfit": "383445000",
            "totalRevenue": "462793000",
            "sentiment": 0,
            "surprise": "0.06",
            "closePrice": "125.95"
        },
        {
            "fiscalDateEnding": "2014-09-30",
            "totalCurrentAssets": "998848000",
            "cashAndShortTermInvestments": "645379000",
            "totalCurrentLiabilities": "636981000",
            "currentDebt": "None",
            "netIncome": "94021000",
            "capitalExpenditures": "7082000",
            "operatingCashflow": "169865000",
            "grossProfit": "383314000",
            "totalRevenue": "465266000",
            "sentiment": 0,
            "surprise": "0.09",
            "closePrice": "117.12"
        },
        {
            "fiscalDateEnding": "2014-06-30",
            "totalCurrentAssets": "945123000",
            "cashAndShortTermInvestments": "611363000",
            "totalCurrentLiabilities": "611220000",
            "currentDebt": "None",
            "netIncome": "79473000",
            "capitalExpenditures": "5517000",
            "operatingCashflow": "138234000",
            "grossProfit": "360823000",
            "totalRevenue": "440285000",
            "sentiment": 0,
            "surprise": "0.04",
            "closePrice": "110.81"
        },
        {
            "fiscalDateEnding": "2014-03-31",
            "totalCurrentAssets": "950419000",
            "cashAndShortTermInvestments": "623760000",
            "totalCurrentLiabilities": "597843000",
            "currentDebt": "None",
            "netIncome": "69641000",
            "capitalExpenditures": "5139000",
            "operatingCashflow": "81967000",
            "grossProfit": "344381000",
            "totalRevenue": "420043000",
            "sentiment": 0,
            "surprise": "0.02",
            "closePrice": "108.19"
        },
        {
            "fiscalDateEnding": "2013-12-31",
            "totalCurrentAssets": "870943000",
            "cashAndShortTermInvestments": "578191000",
            "totalCurrentLiabilities": "613971000",
            "currentDebt": "None",
            "netIncome": "68048000",
            "capitalExpenditures": "4980000",
            "operatingCashflow": "158926000",
            "grossProfit": "333569000",
            "totalRevenue": "406452000",
            "sentiment": 0,
            "surprise": "0.03",
            "closePrice": "97.48"
        },
        {
            "fiscalDateEnding": "2013-09-30",
            "totalCurrentAssets": "816371000",
            "cashAndShortTermInvestments": "542143000",
            "totalCurrentLiabilities": "551350000",
            "currentDebt": "None",
            "netIncome": "76231000",
            "capitalExpenditures": "5149000",
            "operatingCashflow": "147995000",
            "grossProfit": "328386000",
            "totalRevenue": "395329000",
            "sentiment": 0,
            "surprise": "0.07",
            "closePrice": "86.31"
        },
        {
            "fiscalDateEnding": "2013-06-30",
            "totalCurrentAssets": "834309000",
            "cashAndShortTermInvestments": "551325000",
            "totalCurrentLiabilities": "529948000",
            "currentDebt": "None",
            "netIncome": "68178000",
            "capitalExpenditures": "6665000",
            "operatingCashflow": "126230000",
            "grossProfit": "305385000",
            "totalRevenue": "370302000",
            "sentiment": 0,
            "surprise": "0.04",
            "closePrice": "81.42"
        },
        {
            "fiscalDateEnding": "2013-03-31",
            "totalCurrentAssets": "804424000",
            "cashAndShortTermInvestments": "522848000",
            "totalCurrentLiabilities": "520744000",
            "currentDebt": "None",
            "netIncome": "63412000",
            "capitalExpenditures": "6981000",
            "operatingCashflow": "80662000",
            "grossProfit": "289930000",
            "totalRevenue": "350232000",
            "sentiment": 0,
            "surprise": "0.01",
            "closePrice": "72.35"
        },
        {
            "fiscalDateEnding": "2012-12-31",
            "totalCurrentAssets": "791789000",
            "cashAndShortTermInvestments": "517737000",
            "totalCurrentLiabilities": "529578000",
            "currentDebt": "None",
            "netIncome": "69493000",
            "capitalExpenditures": "7788000",
            "operatingCashflow": "144806000",
            "grossProfit": "304566000",
            "totalRevenue": "365451000",
            "sentiment": 0,
            "surprise": "-0.01",
            "closePrice": "98.81"
        },
        {
            "fiscalDateEnding": "2012-09-30",
            "totalCurrentAssets": "776081000",
            "cashAndShortTermInvestments": "532151000",
            "totalCurrentLiabilities": "466029000",
            "currentDebt": "None",
            "netIncome": "67717000",
            "capitalExpenditures": "11323000",
            "operatingCashflow": "148555000",
            "grossProfit": "299878000",
            "totalRevenue": "362559000",
            "sentiment": 0,
            "surprise": "-0.06",
            "closePrice": "93.3247"
        },
        {
            "fiscalDateEnding": "2012-06-30",
            "totalCurrentAssets": "782887000",
            "cashAndShortTermInvestments": "519657000",
            "totalCurrentLiabilities": "446640000",
            "currentDebt": "None",
            "netIncome": "72336000",
            "capitalExpenditures": "5726000",
            "operatingCashflow": "113399000",
            "grossProfit": "292347000",
            "totalRevenue": "352634000",
            "sentiment": 0,
            "surprise": "0",
            "closePrice": "98.59"
        },
        {
            "fiscalDateEnding": "2012-03-31",
            "totalCurrentAssets": "746518000",
            "cashAndShortTermInvestments": "489611000",
            "totalCurrentLiabilities": "433886000",
            "currentDebt": "None",
            "netIncome": "68641000",
            "capitalExpenditures": "7211000",
            "operatingCashflow": "101604000",
            "grossProfit": "282028000",
            "totalRevenue": "339622000",
            "sentiment": 0,
            "surprise": "0.02",
            "closePrice": "124.21"
        },
        {
            "fiscalDateEnding": "2011-12-31",
            "totalCurrentAssets": "804102000",
            "cashAndShortTermInvestments": "556537000",
            "totalCurrentLiabilities": "432754000",
            "currentDebt": "None",
            "netIncome": "66492000",
            "capitalExpenditures": "5857000",
            "operatingCashflow": "131879000",
            "grossProfit": "266826000",
            "totalRevenue": "322432000",
            "sentiment": 0,
            "surprise": "0.02",
            "closePrice": "108.46"
        },
        {
            "fiscalDateEnding": "2011-09-30",
            "totalCurrentAssets": "763673000",
            "cashAndShortTermInvestments": "542550000",
            "totalCurrentLiabilities": "372307000",
            "currentDebt": "None",
            "netIncome": "67610000",
            "capitalExpenditures": "15536000",
            "operatingCashflow": "121494000",
            "grossProfit": "258695000",
            "totalRevenue": "314615000",
            "sentiment": 0,
            "surprise": "0.08",
            "closePrice": "88.76"
        },
        {
            "fiscalDateEnding": "2011-06-30",
            "totalCurrentAssets": "797228000",
            "cashAndShortTermInvestments": "585334000",
            "totalCurrentLiabilities": "349017000",
            "currentDebt": "None",
            "netIncome": "62549000",
            "capitalExpenditures": "8840000",
            "operatingCashflow": "101076000",
            "grossProfit": "238265000",
            "totalRevenue": "290713000",
            "sentiment": 0,
            "surprise": "0.06",
            "closePrice": "111.44"
        },
        {
            "fiscalDateEnding": "2011-03-31",
            "totalCurrentAssets": "690839000",
            "cashAndShortTermInvestments": "475256000",
            "totalCurrentLiabilities": "342085000",
            "currentDebt": "None",
            "netIncome": "55575000",
            "capitalExpenditures": "6293000",
            "operatingCashflow": "91229000",
            "grossProfit": "226899000",
            "totalRevenue": "277572000",
            "sentiment": 0,
            "surprise": "0.03",
            "closePrice": "99.74"
        },
        {
            "fiscalDateEnding": "2010-12-31",
            "totalCurrentAssets": "684539000",
            "cashAndShortTermInvestments": "485572000",
            "totalCurrentLiabilities": "327866000",
            "currentDebt": "None",
            "netIncome": "55663000",
            "capitalExpenditures": "5491000",
            "operatingCashflow": "103139000",
            "grossProfit": "219971000",
            "totalRevenue": "268934000",
            "sentiment": 0,
            "surprise": "0.05",
            "closePrice": "138.78"
        },
        {
            "fiscalDateEnding": "2010-09-30",
            "totalCurrentAssets": "605955000",
            "cashAndShortTermInvestments": "428496000",
            "totalCurrentLiabilities": "287085000",
            "currentDebt": "None",
            "netIncome": "48235000",
            "capitalExpenditures": "2506000",
            "operatingCashflow": "86391000",
            "grossProfit": "207446000",
            "totalRevenue": "254274000",
            "sentiment": 0,
            "surprise": "0.07",
            "closePrice": "102.54"
        },
        {
            "fiscalDateEnding": "2010-06-30",
            "totalCurrentAssets": "560086000",
            "cashAndShortTermInvestments": "398356000",
            "totalCurrentLiabilities": "259308000",
            "currentDebt": "None",
            "netIncome": "40495000",
            "capitalExpenditures": "3279000",
            "operatingCashflow": "75309000",
            "grossProfit": "185895000",
            "totalRevenue": "230474000",
            "sentiment": 0,
            "surprise": "0.07",
            "closePrice": "73.11"
        }
    ]
}