{
    "FI": [
        {
            "fiscalDateEnding": "2023-12-31",
            "totalCurrentAssets": "34811000000",
            "cashAndShortTermInvestments": "1204000000",
            "totalCurrentLiabilities": "33552000000",
            "currentDebt": "755000000",
            "netIncome": "870000000",
            "capitalExpenditures": "354000000",
            "operatingCashflow": "1595000000",
            "grossProfit": "2146000000",
            "totalRevenue": "4917000000",
            "sentiment": 0.3333697329956936,
            "surprise": "0.04",
            "closePrice": "141.09"
        },
        {
            "fiscalDateEnding": "2023-09-30",
            "totalCurrentAssets": "28581000000",
            "cashAndShortTermInvestments": "1349000000",
            "totalCurrentLiabilities": "26629000000",
            "currentDebt": "649000000",
            "netIncome": "952000000",
            "capitalExpenditures": "355000000",
            "operatingCashflow": "1559000000",
            "grossProfit": "2642000000",
            "totalRevenue": "4873000000",
            "sentiment": 0.3372346875906719,
            "surprise": "0.03",
            "closePrice": "115.45"
        },
        {
            "fiscalDateEnding": "2023-06-30",
            "totalCurrentAssets": "21444000000",
            "cashAndShortTermInvestments": "1082000000",
            "totalCurrentLiabilities": "19462000000",
            "currentDebt": "608000000",
            "netIncome": "683000000",
            "capitalExpenditures": "340000000",
            "operatingCashflow": "878000000",
            "grossProfit": "2446000000",
            "totalRevenue": "4756000000",
            "sentiment": 0.30261221203359645,
            "surprise": "0.02",
            "closePrice": "127.3"
        },
        {
            "fiscalDateEnding": "2023-03-31",
            "totalCurrentAssets": "20289000000",
            "cashAndShortTermInvestments": "1046000000",
            "totalCurrentLiabilities": "18863000000",
            "currentDebt": "461000000",
            "netIncome": "563000000",
            "capitalExpenditures": "339000000",
            "operatingCashflow": "1130000000",
            "grossProfit": "1996000000",
            "totalRevenue": "4547000000",
            "sentiment": 0,
            "surprise": "-0.19",
            "closePrice": "117.78"
        },
        {
            "fiscalDateEnding": "2022-12-31",
            "totalCurrentAssets": "27544000000",
            "cashAndShortTermInvestments": "902000000",
            "totalCurrentLiabilities": "26458000000",
            "currentDebt": "468000000",
            "netIncome": "782000000",
            "capitalExpenditures": "331000000",
            "operatingCashflow": "1633000000",
            "grossProfit": "2544000000",
            "totalRevenue": "4631000000",
            "sentiment": 0,
            "surprise": "-0.02",
            "closePrice": "116.54"
        },
        {
            "fiscalDateEnding": "2022-09-30",
            "totalCurrentAssets": "19875000000",
            "cashAndShortTermInvestments": "893000000",
            "totalCurrentLiabilities": "18724000000",
            "currentDebt": "528000000",
            "netIncome": "481000000",
            "capitalExpenditures": "430000000",
            "operatingCashflow": "1180000000",
            "grossProfit": "2173000000",
            "totalRevenue": "4518000000",
            "sentiment": 0,
            "surprise": "-0.3067",
            "closePrice": "94.57"
        },
        {
            "fiscalDateEnding": "2022-06-30",
            "totalCurrentAssets": "20281000000",
            "cashAndShortTermInvestments": "883000000",
            "totalCurrentLiabilities": "19351000000",
            "currentDebt": "600000000",
            "netIncome": "598000000",
            "capitalExpenditures": "387000000",
            "operatingCashflow": "990000000",
            "grossProfit": "2106000000",
            "totalRevenue": "4450000000",
            "sentiment": 0,
            "surprise": "-0.015",
            "closePrice": "106.66"
        },
        {
            "fiscalDateEnding": "2022-03-31",
            "totalCurrentAssets": "18443000000",
            "cashAndShortTermInvestments": "863000000",
            "totalCurrentLiabilities": "17730000000",
            "currentDebt": "552000000",
            "netIncome": "669000000",
            "capitalExpenditures": "331000000",
            "operatingCashflow": "815000000",
            "grossProfit": "1565000000",
            "totalRevenue": "4138000000",
            "sentiment": 0,
            "surprise": "-0.0295",
            "closePrice": "99.55"
        },
        {
            "fiscalDateEnding": "2021-12-31",
            "totalCurrentAssets": "18870000000",
            "cashAndShortTermInvestments": "835000000",
            "totalCurrentLiabilities": "18295000000",
            "currentDebt": "508000000",
            "netIncome": "333000000",
            "capitalExpenditures": "346000000",
            "operatingCashflow": "1343000000",
            "grossProfit": "1755000000",
            "totalRevenue": "4780000000",
            "sentiment": 0,
            "surprise": "-0.7856",
            "closePrice": "98.74"
        },
        {
            "fiscalDateEnding": "2021-09-30",
            "totalCurrentAssets": "18425000000",
            "cashAndShortTermInvestments": "933000000",
            "totalCurrentLiabilities": "17562000000",
            "currentDebt": "449000000",
            "netIncome": "428000000",
            "capitalExpenditures": "320000000",
            "operatingCashflow": "678000000",
            "grossProfit": "1842000000",
            "totalRevenue": "3991000000",
            "sentiment": 0,
            "surprise": "-0.1768",
            "closePrice": "100.02"
        },
        {
            "fiscalDateEnding": "2021-06-30",
            "totalCurrentAssets": "17727000000",
            "cashAndShortTermInvestments": "841000000",
            "totalCurrentLiabilities": "17251000000",
            "currentDebt": "418000000",
            "netIncome": "269000000",
            "capitalExpenditures": "260000000",
            "operatingCashflow": "1061000000",
            "grossProfit": "1777000000",
            "totalRevenue": "3876000000",
            "sentiment": 0,
            "surprise": "-0.04",
            "closePrice": "108.2"
        },
        {
            "fiscalDateEnding": "2021-03-31",
            "totalCurrentAssets": "16440000000",
            "cashAndShortTermInvestments": "831000000",
            "totalCurrentLiabilities": "15905000000",
            "currentDebt": "366000000",
            "netIncome": "304000000",
            "capitalExpenditures": "234000000",
            "operatingCashflow": "952000000",
            "grossProfit": "1324000000",
            "totalRevenue": "3650000000",
            "sentiment": 0,
            "surprise": "-0.14",
            "closePrice": "118.04"
        },
        {
            "fiscalDateEnding": "2020-12-31",
            "totalCurrentAssets": "16219000000",
            "cashAndShortTermInvestments": "906000000",
            "totalCurrentLiabilities": "15637000000",
            "currentDebt": "384000000",
            "netIncome": "300000000",
            "capitalExpenditures": "211000000",
            "operatingCashflow": "1186000000",
            "grossProfit": "2373000000",
            "totalRevenue": "3834000000",
            "sentiment": 0,
            "surprise": "0.35",
            "closePrice": "115.6"
        },
        {
            "fiscalDateEnding": "2020-09-30",
            "totalCurrentAssets": "14025000000",
            "cashAndShortTermInvestments": "937000000",
            "totalCurrentLiabilities": "13263000000",
            "currentDebt": "365000000",
            "netIncome": "264000000",
            "capitalExpenditures": "201000000",
            "operatingCashflow": "1042000000",
            "grossProfit": "1541000000",
            "totalRevenue": "3669000000",
            "sentiment": 0,
            "surprise": "-0.13",
            "closePrice": "98.95"
        },
        {
            "fiscalDateEnding": "2020-06-30",
            "totalCurrentAssets": "17482000000",
            "cashAndShortTermInvestments": "869000000",
            "totalCurrentLiabilities": "16760000000",
            "currentDebt": "359000000",
            "netIncome": "2000000",
            "capitalExpenditures": "242000000",
            "operatingCashflow": "1031000000",
            "grossProfit": "1109000000",
            "totalRevenue": "3312000000",
            "sentiment": 0,
            "surprise": "-0.21",
            "closePrice": "99.65"
        },
        {
            "fiscalDateEnding": "2020-03-31",
            "totalCurrentAssets": "12933000000",
            "cashAndShortTermInvestments": "896000000",
            "totalCurrentLiabilities": "12119000000",
            "currentDebt": "338000000",
            "netIncome": "392000000",
            "capitalExpenditures": "246000000",
            "operatingCashflow": "888000000",
            "grossProfit": "1600000000",
            "totalRevenue": "4037000000",
            "sentiment": 0,
            "surprise": "0.03",
            "closePrice": "101.73"
        },
        {
            "fiscalDateEnding": "2019-12-31",
            "totalCurrentAssets": "17046000000",
            "cashAndShortTermInvestments": "893000000",
            "totalCurrentLiabilities": "15727000000",
            "currentDebt": "287000000",
            "netIncome": "247000000",
            "capitalExpenditures": "290000000",
            "operatingCashflow": "1178000000",
            "grossProfit": "2539000000",
            "totalRevenue": "4050000000",
            "sentiment": 0,
            "surprise": "-0.12",
            "closePrice": "113.25"
        },
        {
            "fiscalDateEnding": "2019-09-30",
            "totalCurrentAssets": "17991000000",
            "cashAndShortTermInvestments": "1028000000",
            "totalCurrentLiabilities": "16661000000",
            "currentDebt": "368000000",
            "netIncome": "198000000",
            "capitalExpenditures": "221000000",
            "operatingCashflow": "1038000000",
            "grossProfit": "1825000000",
            "totalRevenue": "2978000000",
            "sentiment": 0,
            "surprise": "-0.15",
            "closePrice": "104.0"
        },
        {
            "fiscalDateEnding": "2019-06-30",
            "totalCurrentAssets": "10209000000",
            "cashAndShortTermInvestments": "8441000000",
            "totalCurrentLiabilities": "2054000000",
            "currentDebt": "9000000",
            "netIncome": "223000000",
            "capitalExpenditures": "112000000",
            "operatingCashflow": "206000000",
            "grossProfit": "1104000000",
            "totalRevenue": "1448000000",
            "sentiment": 0,
            "surprise": "-0.01",
            "closePrice": "103.02"
        },
        {
            "fiscalDateEnding": "2019-03-31",
            "totalCurrentAssets": "2275000000",
            "cashAndShortTermInvestments": "452000000",
            "totalCurrentLiabilities": "2120000000",
            "currentDebt": "7000000",
            "netIncome": "225000000",
            "capitalExpenditures": "98000000",
            "operatingCashflow": "373000000",
            "grossProfit": "263000000",
            "totalRevenue": "1502000000",
            "sentiment": 0,
            "surprise": "-0.06",
            "closePrice": "85.54"
        },
        {
            "fiscalDateEnding": "2018-12-31",
            "totalCurrentAssets": "2224000000",
            "cashAndShortTermInvestments": "415000000",
            "totalCurrentLiabilities": "2010000000",
            "currentDebt": "4000000",
            "netIncome": "286000000",
            "capitalExpenditures": "97000000",
            "operatingCashflow": "-216000000",
            "grossProfit": "431000000",
            "totalRevenue": "1551000000",
            "sentiment": 0,
            "surprise": "0",
            "closePrice": "84.24"
        },
        {
            "fiscalDateEnding": "2018-09-30",
            "totalCurrentAssets": "2338000000",
            "cashAndShortTermInvestments": "673000000",
            "totalCurrentLiabilities": "2320000000",
            "currentDebt": "452000000",
            "netIncome": "227000000",
            "capitalExpenditures": "94000000",
            "operatingCashflow": "227000000",
            "grossProfit": "358000000",
            "totalRevenue": "1412000000",
            "sentiment": 0,
            "surprise": "0.05",
            "closePrice": "77.51"
        },
        {
            "fiscalDateEnding": "2018-06-30",
            "totalCurrentAssets": "1804000000",
            "cashAndShortTermInvestments": "348000000",
            "totalCurrentLiabilities": "1655000000",
            "currentDebt": "1000000",
            "netIncome": "251000000",
            "capitalExpenditures": "92000000",
            "operatingCashflow": "251000000",
            "grossProfit": "361000000",
            "totalRevenue": "1420000000",
            "sentiment": 0,
            "surprise": "0",
            "closePrice": "77.58"
        },
        {
            "fiscalDateEnding": "2018-03-31",
            "totalCurrentAssets": "1768000000",
            "cashAndShortTermInvestments": "382000000",
            "totalCurrentLiabilities": "1683000000",
            "currentDebt": "1000000",
            "netIncome": "423000000",
            "capitalExpenditures": "77000000",
            "operatingCashflow": "815000000",
            "grossProfit": "282000000",
            "totalRevenue": "1440000000",
            "sentiment": 0,
            "surprise": "-0.07",
            "closePrice": "70.41"
        },
        {
            "fiscalDateEnding": "2017-12-31",
            "totalCurrentAssets": "1975000000",
            "cashAndShortTermInvestments": "325000000",
            "totalCurrentLiabilities": "1938000000",
            "currentDebt": "3000000",
            "netIncome": "546000000",
            "capitalExpenditures": "79000000",
            "operatingCashflow": "425000000",
            "grossProfit": "425000000",
            "totalRevenue": "1516000000",
            "sentiment": 0,
            "surprise": "-0.16",
            "closePrice": "72.105"
        },
        {
            "fiscalDateEnding": "2017-09-30",
            "totalCurrentAssets": "1870000000",
            "cashAndShortTermInvestments": "325000000",
            "totalCurrentLiabilities": "1850000000",
            "currentDebt": "93000000",
            "netIncome": "232000000",
            "capitalExpenditures": "72000000",
            "operatingCashflow": "232000000",
            "grossProfit": "370000000",
            "totalRevenue": "1400000000",
            "sentiment": 0,
            "surprise": "-0.01",
            "closePrice": "63.29"
        },
        {
            "fiscalDateEnding": "2017-06-30",
            "totalCurrentAssets": "1632000000",
            "cashAndShortTermInvestments": "299000000",
            "totalCurrentLiabilities": "1707000000",
            "currentDebt": "95000000",
            "netIncome": "221000000",
            "capitalExpenditures": "60000000",
            "operatingCashflow": "221000000",
            "grossProfit": "362000000",
            "totalRevenue": "1386000000",
            "sentiment": 0,
            "surprise": "-0.01",
            "closePrice": "62.04"
        },
        {
            "fiscalDateEnding": "2017-03-31",
            "totalCurrentAssets": "1615000000",
            "cashAndShortTermInvestments": "308000000",
            "totalCurrentLiabilities": "1790000000",
            "currentDebt": "91000000",
            "netIncome": "247000000",
            "capitalExpenditures": "76000000",
            "operatingCashflow": "849000000",
            "grossProfit": "297000000",
            "totalRevenue": "1394000000",
            "sentiment": 0,
            "surprise": "-0.01",
            "closePrice": "59.32"
        },
        {
            "fiscalDateEnding": "2016-12-31",
            "totalCurrentAssets": "1728000000",
            "cashAndShortTermInvestments": "300000000",
            "totalCurrentLiabilities": "1820000000",
            "currentDebt": "95000000",
            "netIncome": "215000000",
            "capitalExpenditures": "67000000",
            "operatingCashflow": "375000000",
            "grossProfit": "375000000",
            "totalRevenue": "1431000000",
            "sentiment": 0,
            "surprise": "-0.05",
            "closePrice": "57.45"
        },
        {
            "fiscalDateEnding": "2016-09-30",
            "totalCurrentAssets": "1600000000",
            "cashAndShortTermInvestments": "303000000",
            "totalCurrentLiabilities": "1548000000",
            "currentDebt": "6000000",
            "netIncome": "214000000",
            "capitalExpenditures": "78000000",
            "operatingCashflow": "214000000",
            "grossProfit": "369000000",
            "totalRevenue": "1380000000",
            "sentiment": 0,
            "surprise": "0.01",
            "closePrice": "49.055"
        },
        {
            "fiscalDateEnding": "2016-06-30",
            "totalCurrentAssets": "1486000000",
            "cashAndShortTermInvestments": "263000000",
            "totalCurrentLiabilities": "1452000000",
            "currentDebt": "6000000",
            "netIncome": "212000000",
            "capitalExpenditures": "73000000",
            "operatingCashflow": "212000000",
            "grossProfit": "362000000",
            "totalRevenue": "1363000000",
            "sentiment": 0,
            "surprise": "-0.1",
            "closePrice": "55.355"
        },
        {
            "fiscalDateEnding": "2016-03-31",
            "totalCurrentAssets": "1476000000",
            "cashAndShortTermInvestments": "283000000",
            "totalCurrentLiabilities": "1542000000",
            "currentDebt": "4000000",
            "netIncome": "289000000",
            "capitalExpenditures": "72000000",
            "operatingCashflow": "1062000000",
            "grossProfit": "262000000",
            "totalRevenue": "1331000000",
            "sentiment": 0,
            "surprise": "-0.0451",
            "closePrice": "49.6"
        },
        {
            "fiscalDateEnding": "2015-12-31",
            "totalCurrentAssets": "1506000000",
            "cashAndShortTermInvestments": "275000000",
            "totalCurrentLiabilities": "1502000000",
            "currentDebt": "5000000",
            "netIncome": "189000000",
            "capitalExpenditures": "67000000",
            "operatingCashflow": "329000000",
            "grossProfit": "329000000",
            "totalRevenue": "1368000000",
            "sentiment": 0,
            "surprise": "0",
            "closePrice": "47.815"
        },
        {
            "fiscalDateEnding": "2015-09-30",
            "totalCurrentAssets": "1531000000",
            "cashAndShortTermInvestments": "309000000",
            "totalCurrentLiabilities": "1411000000",
            "currentDebt": "5000000",
            "netIncome": "218000000",
            "capitalExpenditures": "89000000",
            "operatingCashflow": "218000000",
            "grossProfit": "342000000",
            "totalRevenue": "1313000000",
            "sentiment": 0,
            "surprise": "-0.02",
            "closePrice": "47.82"
        },
        {
            "fiscalDateEnding": "2015-06-30",
            "totalCurrentAssets": "1714000000",
            "cashAndShortTermInvestments": "530000000",
            "totalCurrentLiabilities": "1336000000",
            "currentDebt": "5000000",
            "netIncome": "127000000",
            "capitalExpenditures": "113000000",
            "operatingCashflow": "127000000",
            "grossProfit": "326000000",
            "totalRevenue": "1298000000",
            "sentiment": 0,
            "surprise": "-0.06",
            "closePrice": "44.27"
        },
        {
            "fiscalDateEnding": "2015-03-31",
            "totalCurrentAssets": "1498000000",
            "cashAndShortTermInvestments": "296000000",
            "totalCurrentLiabilities": "1501000000",
            "currentDebt": "95000000",
            "netIncome": "178000000",
            "capitalExpenditures": "90000000",
            "operatingCashflow": "586000000",
            "grossProfit": "261000000",
            "totalRevenue": "1275000000",
            "sentiment": 0,
            "surprise": "0.02",
            "closePrice": "39.41"
        },
        {
            "fiscalDateEnding": "2014-12-31",
            "totalCurrentAssets": "1444000000",
            "cashAndShortTermInvestments": "294000000",
            "totalCurrentLiabilities": "1486000000",
            "currentDebt": "92000000",
            "netIncome": "181000000",
            "capitalExpenditures": "67000000",
            "operatingCashflow": "317000000",
            "grossProfit": "317000000",
            "totalRevenue": "1316000000",
            "sentiment": 0,
            "surprise": "-0.09",
            "closePrice": "39.45"
        },
        {
            "fiscalDateEnding": "2014-09-30",
            "totalCurrentAssets": "1579000000",
            "cashAndShortTermInvestments": "409000000",
            "totalCurrentLiabilities": "1397000000",
            "currentDebt": "92000000",
            "netIncome": "239000000",
            "capitalExpenditures": "75000000",
            "operatingCashflow": "249000000",
            "grossProfit": "315000000",
            "totalRevenue": "1263000000",
            "sentiment": 0,
            "surprise": "0.03",
            "closePrice": "34.73"
        },
        {
            "fiscalDateEnding": "2014-06-30",
            "totalCurrentAssets": "1525000000",
            "cashAndShortTermInvestments": "329000000",
            "totalCurrentLiabilities": "1368000000",
            "currentDebt": "92000000",
            "netIncome": "166000000",
            "capitalExpenditures": "80000000",
            "operatingCashflow": "178000000",
            "grossProfit": "307000000",
            "totalRevenue": "1253000000",
            "sentiment": 0,
            "surprise": "-0.08",
            "closePrice": "30.41"
        },
        {
            "fiscalDateEnding": "2014-03-31",
            "totalCurrentAssets": "1547000000",
            "cashAndShortTermInvestments": "307000000",
            "totalCurrentLiabilities": "1438000000",
            "currentDebt": "92000000",
            "netIncome": "168000000",
            "capitalExpenditures": "70000000",
            "operatingCashflow": "292000000",
            "grossProfit": "223000000",
            "totalRevenue": "1234000000",
            "sentiment": 0,
            "surprise": "-0.03",
            "closePrice": "30.455"
        },
        {
            "fiscalDateEnding": "2013-12-31",
            "totalCurrentAssets": "1572000000",
            "cashAndShortTermInvestments": "400000000",
            "totalCurrentLiabilities": "1332000000",
            "currentDebt": "92000000",
            "netIncome": "221000000",
            "capitalExpenditures": "65000000",
            "operatingCashflow": "297000000",
            "grossProfit": "297000000",
            "totalRevenue": "1263000000",
            "sentiment": 0,
            "surprise": "0.04",
            "closePrice": "28.78"
        },
        {
            "fiscalDateEnding": "2013-09-30",
            "totalCurrentAssets": "1527000000",
            "cashAndShortTermInvestments": "321000000",
            "totalCurrentLiabilities": "1228000000",
            "currentDebt": "2000000",
            "netIncome": "159000000",
            "capitalExpenditures": "61000000",
            "operatingCashflow": "170000000",
            "grossProfit": "280000000",
            "totalRevenue": "1201000000",
            "sentiment": 0,
            "surprise": "-0.06",
            "closePrice": "26.4075"
        },
        {
            "fiscalDateEnding": "2013-06-30",
            "totalCurrentAssets": "1454000000",
            "cashAndShortTermInvestments": "320000000",
            "totalCurrentLiabilities": "1173000000",
            "currentDebt": "2000000",
            "netIncome": "151000000",
            "capitalExpenditures": "52000000",
            "operatingCashflow": "163000000",
            "grossProfit": "273000000",
            "totalRevenue": "1198000000",
            "sentiment": 0,
            "surprise": "None",
            "closePrice": "24.06"
        },
        {
            "fiscalDateEnding": "2013-03-31",
            "totalCurrentAssets": "1453000000",
            "cashAndShortTermInvestments": "356000000",
            "totalCurrentLiabilities": "1190000000",
            "currentDebt": "2000000",
            "netIncome": "117000000",
            "capitalExpenditures": "58000000",
            "operatingCashflow": "225000000",
            "grossProfit": "132000000",
            "totalRevenue": "1152000000",
            "sentiment": 0,
            "surprise": "None",
            "closePrice": "21.7325"
        },
        {
            "fiscalDateEnding": "2012-12-31",
            "totalCurrentAssets": "1443000000",
            "cashAndShortTermInvestments": "358000000",
            "totalCurrentLiabilities": "1105000000",
            "currentDebt": "2000000",
            "netIncome": "179000000",
            "capitalExpenditures": "49000000",
            "operatingCashflow": "289000000",
            "grossProfit": "289000000",
            "totalRevenue": "1145000000",
            "sentiment": 0,
            "surprise": "None",
            "closePrice": "20.08"
        },
        {
            "fiscalDateEnding": "2012-09-30",
            "totalCurrentAssets": "1325000000",
            "cashAndShortTermInvestments": "307000000",
            "totalCurrentLiabilities": "1051000000",
            "currentDebt": "2000000",
            "netIncome": "139000000",
            "capitalExpenditures": "44000000",
            "operatingCashflow": "149000000",
            "grossProfit": "267000000",
            "totalRevenue": "1107000000",
            "sentiment": 0,
            "surprise": "None",
            "closePrice": "18.715"
        },
        {
            "fiscalDateEnding": "2012-06-30",
            "totalCurrentAssets": "1283000000",
            "cashAndShortTermInvestments": "302000000",
            "totalCurrentLiabilities": "1235000000",
            "currentDebt": "178000000",
            "netIncome": "161000000",
            "capitalExpenditures": "44000000",
            "operatingCashflow": "172000000",
            "grossProfit": "259000000",
            "totalRevenue": "1087000000",
            "sentiment": 0,
            "surprise": "None",
            "closePrice": "17.5325"
        },
        {
            "fiscalDateEnding": "2012-03-31",
            "totalCurrentAssets": "1316000000",
            "cashAndShortTermInvestments": "311000000",
            "totalCurrentLiabilities": "1353000000",
            "currentDebt": "178000000",
            "netIncome": "132000000",
            "capitalExpenditures": "58000000",
            "operatingCashflow": "236000000",
            "grossProfit": "193000000",
            "totalRevenue": "1097000000",
            "sentiment": 0,
            "surprise": "None",
            "closePrice": "17.4575"
        },
        {
            "fiscalDateEnding": "2011-12-31",
            "totalCurrentAssets": "1356000000",
            "cashAndShortTermInvestments": "337000000",
            "totalCurrentLiabilities": "1384000000",
            "currentDebt": "179000000",
            "netIncome": "143000000",
            "capitalExpenditures": "48000000",
            "operatingCashflow": "281000000",
            "grossProfit": "281000000",
            "totalRevenue": "1161000000",
            "sentiment": 0,
            "surprise": "None",
            "closePrice": "16.47"
        },
        {
            "fiscalDateEnding": "2011-09-30",
            "totalCurrentAssets": "1211000000",
            "cashAndShortTermInvestments": "281000000",
            "totalCurrentLiabilities": "1042000000",
            "currentDebt": "4000000",
            "netIncome": "127000000",
            "capitalExpenditures": "42000000",
            "operatingCashflow": "135000000",
            "grossProfit": "243000000",
            "totalRevenue": "1063000000",
            "sentiment": 0,
            "surprise": "None",
            "closePrice": "14.19"
        },
        {
            "fiscalDateEnding": "2011-06-30",
            "totalCurrentAssets": "1523000000",
            "cashAndShortTermInvestments": "675000000",
            "totalCurrentLiabilities": "1154000000",
            "currentDebt": "303000000",
            "netIncome": "90000000",
            "capitalExpenditures": "46000000",
            "operatingCashflow": "99000000",
            "grossProfit": "251000000",
            "totalRevenue": "1065000000",
            "sentiment": 0,
            "surprise": "None",
            "closePrice": "15.3625"
        },
        {
            "fiscalDateEnding": "2011-03-31",
            "totalCurrentAssets": "1346000000",
            "cashAndShortTermInvestments": "517000000",
            "totalCurrentLiabilities": "946000000",
            "currentDebt": "3000000",
            "netIncome": "112000000",
            "capitalExpenditures": "56000000",
            "operatingCashflow": "283000000",
            "grossProfit": "221000000",
            "totalRevenue": "1048000000",
            "sentiment": 0,
            "surprise": "None",
            "closePrice": "15.3675"
        },
        {
            "fiscalDateEnding": "2010-12-31",
            "totalCurrentAssets": "1417000000",
            "cashAndShortTermInvestments": "563000000",
            "totalCurrentLiabilities": "891000000",
            "currentDebt": "3000000",
            "netIncome": "116000000",
            "capitalExpenditures": "46000000",
            "operatingCashflow": "267000000",
            "grossProfit": "267000000",
            "totalRevenue": "1078000000",
            "sentiment": 0,
            "surprise": "None",
            "closePrice": "15.0675"
        },
        {
            "fiscalDateEnding": "2010-09-30",
            "totalCurrentAssets": "1733000000",
            "cashAndShortTermInvestments": "743000000",
            "totalCurrentLiabilities": "1114000000",
            "currentDebt": "253000000",
            "netIncome": "132000000",
            "capitalExpenditures": "45000000",
            "operatingCashflow": "141000000",
            "grossProfit": "251000000",
            "totalRevenue": "1025000000",
            "sentiment": 0,
            "surprise": "None",
            "closePrice": "13.71"
        },
        {
            "fiscalDateEnding": "2010-06-30",
            "totalCurrentAssets": "1146000000",
            "cashAndShortTermInvestments": "338000000",
            "totalCurrentLiabilities": "846000000",
            "currentDebt": "58000000",
            "netIncome": "127000000",
            "capitalExpenditures": "42000000",
            "operatingCashflow": "137000000",
            "grossProfit": "251000000",
            "totalRevenue": "1022000000",
            "sentiment": 0,
            "surprise": "None",
            "closePrice": "12.22"
        },
        {
            "fiscalDateEnding": "2010-03-31",
            "totalCurrentAssets": "1244000000",
            "cashAndShortTermInvestments": "416000000",
            "totalCurrentLiabilities": "990000000",
            "currentDebt": "133000000",
            "netIncome": "121000000",
            "capitalExpenditures": "42000000",
            "operatingCashflow": "257000000",
            "grossProfit": "238000000",
            "totalRevenue": "1008000000",
            "sentiment": 0,
            "surprise": "None",
            "closePrice": "12.7825"
        },
        {
            "fiscalDateEnding": "2009-12-31",
            "totalCurrentAssets": "1277000000",
            "cashAndShortTermInvestments": "363000000",
            "totalCurrentLiabilities": "1161000000",
            "currentDebt": "259000000",
            "netIncome": "118000000",
            "capitalExpenditures": "47000000",
            "operatingCashflow": "256000000",
            "grossProfit": "256000000",
            "totalRevenue": "1062000000",
            "sentiment": 0,
            "surprise": "None",
            "closePrice": "11.7475"
        },
        {
            "fiscalDateEnding": "2009-09-30",
            "totalCurrentAssets": "1995000000",
            "cashAndShortTermInvestments": "278000000",
            "totalCurrentLiabilities": "1589000000",
            "currentDebt": "4000000",
            "netIncome": "115000000",
            "capitalExpenditures": "53000000",
            "operatingCashflow": "115000000",
            "grossProfit": "231000000",
            "totalRevenue": "992000000",
            "sentiment": 0,
            "surprise": "None",
            "closePrice": "11.535"
        },
        {
            "fiscalDateEnding": "2009-06-30",
            "totalCurrentAssets": "2073000000",
            "cashAndShortTermInvestments": "309000000",
            "totalCurrentLiabilities": "1781000000",
            "currentDebt": "129000000",
            "netIncome": "140000000",
            "capitalExpenditures": "53000000",
            "operatingCashflow": "110000000",
            "grossProfit": "232000000",
            "totalRevenue": "1000000000",
            "sentiment": 0,
            "surprise": "None",
            "closePrice": "11.9625"
        }
    ]
}