{
    "FICO": [
        {
            "fiscalDateEnding": "2023-12-31",
            "totalCurrentAssets": "565263000",
            "cashAndShortTermInvestments": "160421000",
            "totalCurrentLiabilities": "433109000",
            "currentDebt": "153000000",
            "netIncome": "121065000",
            "capitalExpenditures": "1361000",
            "operatingCashflow": "122120000",
            "grossProfit": "274036000",
            "totalRevenue": "357497000",
            "sentiment": 0.29887698921532335,
            "surprise": "-0.25",
            "closePrice": "1284.27"
        },
        {
            "fiscalDateEnding": "2023-09-30",
            "totalCurrentAssets": "556448000",
            "cashAndShortTermInvestments": "136778000",
            "totalCurrentLiabilities": "367688000",
            "currentDebt": "50000000",
            "netIncome": "101424000",
            "capitalExpenditures": "1068000",
            "operatingCashflow": "164049000",
            "grossProfit": "280434000",
            "totalRevenue": "363266000",
            "sentiment": 0.18218745426035393,
            "surprise": "-0.2",
            "closePrice": "940.43"
        },
        {
            "fiscalDateEnding": "2023-06-30",
            "totalCurrentAssets": "575011000",
            "cashAndShortTermInvestments": "163022000",
            "totalCurrentLiabilities": "392946000",
            "currentDebt": "115000000",
            "netIncome": "128758000",
            "capitalExpenditures": "792000",
            "operatingCashflow": "122622000",
            "grossProfit": "302297000",
            "totalRevenue": "374143000",
            "sentiment": 0.2504201134647213,
            "surprise": "0.41",
            "closePrice": "822.19"
        },
        {
            "fiscalDateEnding": "2023-03-31",
            "totalCurrentAssets": "521326000",
            "cashAndShortTermInvestments": "137771000",
            "totalCurrentLiabilities": "373278000",
            "currentDebt": "107000000",
            "netIncome": "101550000",
            "capitalExpenditures": "1527000",
            "operatingCashflow": "89804000",
            "grossProfit": "276563000",
            "totalRevenue": "356369000",
            "sentiment": 0.1845462652125736,
            "surprise": "-0.26",
            "closePrice": "734.68"
        },
        {
            "fiscalDateEnding": "2022-12-31",
            "totalCurrentAssets": "483822000",
            "cashAndShortTermInvestments": "139856000",
            "totalCurrentLiabilities": "354988000",
            "currentDebt": "100000000",
            "netIncome": "97643000",
            "capitalExpenditures": "850000",
            "operatingCashflow": "92440000",
            "grossProfit": "245485000",
            "totalRevenue": "322054000",
            "sentiment": 0.3026727678958647,
            "surprise": "0.08",
            "closePrice": "646.05"
        },
        {
            "fiscalDateEnding": "2022-09-30",
            "totalCurrentAssets": "484715000",
            "cashAndShortTermInvestments": "133202000",
            "totalCurrentLiabilities": "331459000",
            "currentDebt": "30000000",
            "netIncome": "90699000",
            "capitalExpenditures": "797000",
            "operatingCashflow": "144826000",
            "grossProfit": "247339000",
            "totalRevenue": "329825000",
            "sentiment": 0.2763150385797615,
            "surprise": "0.28",
            "closePrice": "443.77"
        },
        {
            "fiscalDateEnding": "2022-06-30",
            "totalCurrentAssets": "473257000",
            "cashAndShortTermInvestments": "155062000",
            "totalCurrentLiabilities": "383855000",
            "currentDebt": "130000000",
            "netIncome": "93500000",
            "capitalExpenditures": "1939000",
            "operatingCashflow": "117140000",
            "grossProfit": "251554000",
            "totalRevenue": "330245000",
            "sentiment": 0.0024411558823206683,
            "surprise": "0.49",
            "closePrice": "470.46"
        },
        {
            "fiscalDateEnding": "2022-03-31",
            "totalCurrentAssets": "482209000",
            "cashAndShortTermInvestments": "174219000",
            "totalCurrentLiabilities": "382762000",
            "currentDebt": "130000000",
            "netIncome": "104383000",
            "capitalExpenditures": "2398000",
            "operatingCashflow": "122603000",
            "grossProfit": "268190000",
            "totalRevenue": "339984000",
            "sentiment": 0.07205171036161465,
            "surprise": "0.95",
            "closePrice": "375.28"
        },
        {
            "fiscalDateEnding": "2021-12-31",
            "totalCurrentAssets": "461996000",
            "cashAndShortTermInvestments": "162157000",
            "totalCurrentLiabilities": "321797000",
            "currentDebt": "65000000",
            "netIncome": "84959000",
            "capitalExpenditures": "895000",
            "operatingCashflow": "124881000",
            "grossProfit": "240912000",
            "totalRevenue": "310115000",
            "sentiment": 0,
            "surprise": "0.34",
            "closePrice": "422.99"
        },
        {
            "fiscalDateEnding": "2021-09-30",
            "totalCurrentAssets": "550974000",
            "cashAndShortTermInvestments": "195354000",
            "totalCurrentLiabilities": "559207000",
            "currentDebt": "250000000",
            "netIncome": "85720000",
            "capitalExpenditures": "1777000",
            "operatingCashflow": "91755000",
            "grossProfit": "251500000",
            "totalRevenue": "323861000",
            "sentiment": 0,
            "surprise": "0.79",
            "closePrice": "388.61"
        },
        {
            "fiscalDateEnding": "2021-06-30",
            "totalCurrentAssets": "556880000",
            "cashAndShortTermInvestments": "237612000",
            "totalCurrentLiabilities": "544769000",
            "currentDebt": "250000000",
            "netIncome": "151198000",
            "capitalExpenditures": "1572000",
            "operatingCashflow": "100592000",
            "grossProfit": "338731000",
            "totalRevenue": "420971000",
            "sentiment": 0,
            "surprise": "0.62",
            "closePrice": "513.61"
        },
        {
            "fiscalDateEnding": "2021-03-31",
            "totalCurrentAssets": "551818000",
            "cashAndShortTermInvestments": "197836000",
            "totalCurrentLiabilities": "500561000",
            "currentDebt": "225000000",
            "netIncome": "68674000",
            "capitalExpenditures": "1175000",
            "operatingCashflow": "153523000",
            "grossProfit": "233085000",
            "totalRevenue": "321418000",
            "sentiment": 0,
            "surprise": "0.46",
            "closePrice": "496.36"
        },
        {
            "fiscalDateEnding": "2020-12-31",
            "totalCurrentAssets": "508441000",
            "cashAndShortTermInvestments": "144662000",
            "totalCurrentLiabilities": "391042000",
            "currentDebt": "131000000",
            "netIncome": "86492000",
            "capitalExpenditures": "3045000",
            "operatingCashflow": "77947000",
            "grossProfit": "220517000",
            "totalRevenue": "310045000",
            "sentiment": 0,
            "surprise": "0.47",
            "closePrice": "491.15"
        },
        {
            "fiscalDateEnding": "2020-09-30",
            "totalCurrentAssets": "534078000",
            "cashAndShortTermInvestments": "157394000",
            "totalCurrentLiabilities": "414511000",
            "currentDebt": "95000000",
            "netIncome": "59126000",
            "capitalExpenditures": "916000",
            "operatingCashflow": "136186000",
            "grossProfit": "280680000",
            "totalRevenue": "374356000",
            "sentiment": 0,
            "surprise": "0.93",
            "closePrice": "432.89"
        },
        {
            "fiscalDateEnding": "2020-06-30",
            "totalCurrentAssets": "483011000",
            "cashAndShortTermInvestments": "125673000",
            "totalCurrentLiabilities": "460187000",
            "currentDebt": "188000000",
            "netIncome": "64076000",
            "capitalExpenditures": "7907000",
            "operatingCashflow": "106871000",
            "grossProfit": "225162000",
            "totalRevenue": "313731000",
            "sentiment": 0,
            "surprise": "0.42",
            "closePrice": "438.39"
        },
        {
            "fiscalDateEnding": "2020-03-31",
            "totalCurrentAssets": "483671000",
            "cashAndShortTermInvestments": "108966000",
            "totalCurrentLiabilities": "479824000",
            "currentDebt": "209000000",
            "netIncome": "58288000",
            "capitalExpenditures": "6666000",
            "operatingCashflow": "61494000",
            "grossProfit": "219832000",
            "totalRevenue": "307971000",
            "sentiment": 0,
            "surprise": "0.38",
            "closePrice": "356.99"
        },
        {
            "fiscalDateEnding": "2019-12-31",
            "totalCurrentAssets": "460994000",
            "cashAndShortTermInvestments": "111216000",
            "totalCurrentLiabilities": "442032000",
            "currentDebt": "180000000",
            "netIncome": "54921000",
            "capitalExpenditures": "6500000",
            "operatingCashflow": "60365000",
            "grossProfit": "207746000",
            "totalRevenue": "298504000",
            "sentiment": 0,
            "surprise": "-0.06",
            "closePrice": "409.89"
        },
        {
            "fiscalDateEnding": "2019-09-30",
            "totalCurrentAssets": "455706000",
            "cashAndShortTermInvestments": "106426000",
            "totalCurrentLiabilities": "490828000",
            "currentDebt": "218000000",
            "netIncome": "54584000",
            "capitalExpenditures": "5811000",
            "operatingCashflow": "95414000",
            "grossProfit": "217348000",
            "totalRevenue": "305344000",
            "sentiment": 0,
            "surprise": "0.33",
            "closePrice": "300.82"
        },
        {
            "fiscalDateEnding": "2019-06-30",
            "totalCurrentAssets": "435064000",
            "cashAndShortTermInvestments": "78808000",
            "totalCurrentLiabilities": "457713000",
            "currentDebt": "218000000",
            "netIncome": "64152000",
            "capitalExpenditures": "7526000",
            "operatingCashflow": "68290000",
            "grossProfit": "227034000",
            "totalRevenue": "314249000",
            "sentiment": 0,
            "surprise": "0.62",
            "closePrice": "347.42"
        },
        {
            "fiscalDateEnding": "2019-03-31",
            "totalCurrentAssets": "397000000",
            "cashAndShortTermInvestments": "76885000",
            "totalCurrentLiabilities": "436620000",
            "currentDebt": "218000000",
            "netIncome": "33381000",
            "capitalExpenditures": "4170000",
            "operatingCashflow": "47789000",
            "grossProfit": "192666000",
            "totalRevenue": "278234000",
            "sentiment": 0,
            "surprise": "-0.07",
            "closePrice": "279.75"
        },
        {
            "fiscalDateEnding": "2018-12-31",
            "totalCurrentAssets": "375842000",
            "cashAndShortTermInvestments": "79896000",
            "totalCurrentLiabilities": "433347000",
            "currentDebt": "228000000",
            "netIncome": "40007000",
            "capitalExpenditures": "6474000",
            "operatingCashflow": "48857000",
            "grossProfit": "186190000",
            "totalRevenue": "262256000",
            "sentiment": 0,
            "surprise": "0.03",
            "closePrice": "217.73"
        },
        {
            "fiscalDateEnding": "2018-09-30",
            "totalCurrentAssets": "396389000",
            "cashAndShortTermInvestments": "90023000",
            "totalCurrentLiabilities": "473903000",
            "currentDebt": "235000000",
            "netIncome": "32713000",
            "capitalExpenditures": "7079000",
            "operatingCashflow": "-94106000",
            "grossProfit": "176570000",
            "totalRevenue": "256532000",
            "sentiment": 0,
            "surprise": "-0.13",
            "closePrice": "198.42"
        },
        {
            "fiscalDateEnding": "2018-06-30",
            "totalCurrentAssets": "335292000",
            "cashAndShortTermInvestments": "119929000",
            "totalCurrentLiabilities": "397213000",
            "currentDebt": "202000000",
            "netIncome": "29721000",
            "capitalExpenditures": "13109000",
            "operatingCashflow": "56592000",
            "grossProfit": "175982000",
            "totalRevenue": "254993000",
            "sentiment": 0,
            "surprise": "-0.12",
            "closePrice": "205.17"
        },
        {
            "fiscalDateEnding": "2018-03-31",
            "totalCurrentAssets": "333219000",
            "cashAndShortTermInvestments": "107868000",
            "totalCurrentLiabilities": "368546000",
            "currentDebt": "191000000",
            "netIncome": "31169000",
            "capitalExpenditures": "7067000",
            "operatingCashflow": "57024000",
            "grossProfit": "176767000",
            "totalRevenue": "256260000",
            "sentiment": 0,
            "surprise": "0.17",
            "closePrice": "170.4"
        },
        {
            "fiscalDateEnding": "2017-12-31",
            "totalCurrentAssets": "299136000",
            "cashAndShortTermInvestments": "94213000",
            "totalCurrentLiabilities": "353280000",
            "currentDebt": "201000000",
            "netIncome": "32879000",
            "capitalExpenditures": "4044000",
            "operatingCashflow": "50090000",
            "grossProfit": "157929000",
            "totalRevenue": "232361000",
            "sentiment": 0,
            "surprise": "0.21",
            "closePrice": "162.89"
        },
        {
            "fiscalDateEnding": "2017-09-30",
            "totalCurrentAssets": "310931000",
            "cashAndShortTermInvestments": "105618000",
            "totalCurrentLiabilities": "326655000",
            "currentDebt": "142000000",
            "netIncome": "40044000",
            "capitalExpenditures": "5036000",
            "operatingCashflow": "-111321000",
            "grossProfit": "178003000",
            "totalRevenue": "253205000",
            "sentiment": 0,
            "surprise": "-0.04",
            "closePrice": "143.94"
        },
        {
            "fiscalDateEnding": "2017-06-30",
            "totalCurrentAssets": "321965000",
            "cashAndShortTermInvestments": "130667000",
            "totalCurrentLiabilities": "399025000",
            "currentDebt": "224000000",
            "netIncome": "25227000",
            "capitalExpenditures": "5188000",
            "operatingCashflow": "45239000",
            "grossProfit": "161193000",
            "totalRevenue": "230986000",
            "sentiment": 0,
            "surprise": "-0.22",
            "closePrice": "142.55"
        },
        {
            "fiscalDateEnding": "2017-03-31",
            "totalCurrentAssets": "309229000",
            "cashAndShortTermInvestments": "115848000",
            "totalCurrentLiabilities": "264279000",
            "currentDebt": "107000000",
            "netIncome": "25084000",
            "capitalExpenditures": "5285000",
            "operatingCashflow": "45534000",
            "grossProfit": "156247000",
            "totalRevenue": "228378000",
            "sentiment": 0,
            "surprise": "-0.05",
            "closePrice": "133.47"
        },
        {
            "fiscalDateEnding": "2016-12-31",
            "totalCurrentAssets": "284744000",
            "cashAndShortTermInvestments": "88101000",
            "totalCurrentLiabilities": "249715000",
            "currentDebt": "102000000",
            "netIncome": "37901000",
            "capitalExpenditures": "4319000",
            "operatingCashflow": "65493000",
            "grossProfit": "149603000",
            "totalRevenue": "219600000",
            "sentiment": 0,
            "surprise": "-0.14",
            "closePrice": "123.281332323997"
        },
        {
            "fiscalDateEnding": "2016-09-30",
            "totalCurrentAssets": "267638000",
            "cashAndShortTermInvestments": "75926000",
            "totalCurrentLiabilities": "246077000",
            "currentDebt": "77000000",
            "netIncome": "32104000",
            "capitalExpenditures": "9428000",
            "operatingCashflow": "159826000",
            "grossProfit": "161526000",
            "totalRevenue": "235824000",
            "sentiment": 0,
            "surprise": "0.14",
            "closePrice": "117.491537149732"
        },
        {
            "fiscalDateEnding": "2016-06-30",
            "totalCurrentAssets": "295794000",
            "cashAndShortTermInvestments": "118155000",
            "totalCurrentLiabilities": "250243000",
            "currentDebt": "85000000",
            "netIncome": "34987000",
            "capitalExpenditures": "4734000",
            "operatingCashflow": "52864000",
            "grossProfit": "172394000",
            "totalRevenue": "238778000",
            "sentiment": 0,
            "surprise": "0.36",
            "closePrice": "115.54462611703"
        },
        {
            "fiscalDateEnding": "2016-03-31",
            "totalCurrentAssets": "276586000",
            "cashAndShortTermInvestments": "85374000",
            "totalCurrentLiabilities": "241331000",
            "currentDebt": "95000000",
            "netIncome": "23116000",
            "capitalExpenditures": "3513000",
            "operatingCashflow": "40936000",
            "grossProfit": "144380000",
            "totalRevenue": "206678000",
            "sentiment": 0,
            "surprise": "0.01",
            "closePrice": "104.270397972729"
        },
        {
            "fiscalDateEnding": "2015-12-31",
            "totalCurrentAssets": "287545000",
            "cashAndShortTermInvestments": "90710000",
            "totalCurrentLiabilities": "243090000",
            "currentDebt": "103000000",
            "netIncome": "19241000",
            "capitalExpenditures": "4294000",
            "operatingCashflow": "72452000",
            "grossProfit": "137883000",
            "totalRevenue": "200076000",
            "sentiment": 0,
            "surprise": "0.14",
            "closePrice": "82.2686460555112"
        },
        {
            "fiscalDateEnding": "2015-09-30",
            "totalCurrentAssets": "286602000",
            "cashAndShortTermInvestments": "86120000",
            "totalCurrentLiabilities": "243875000",
            "currentDebt": "92000000",
            "netIncome": "33319000",
            "capitalExpenditures": "6733000",
            "operatingCashflow": "163814000",
            "grossProfit": "165714000",
            "totalRevenue": "232756000",
            "sentiment": 0,
            "surprise": "-0.29",
            "closePrice": "92.1107521008673"
        },
        {
            "fiscalDateEnding": "2015-06-30",
            "totalCurrentAssets": "269090000",
            "cashAndShortTermInvestments": "84358000",
            "totalCurrentLiabilities": "218917000",
            "currentDebt": "72000000",
            "netIncome": "19906000",
            "capitalExpenditures": "8015000",
            "operatingCashflow": "37519000",
            "grossProfit": "143164000",
            "totalRevenue": "209366000",
            "sentiment": 0,
            "surprise": "-0.1",
            "closePrice": "93.8464733989045"
        },
        {
            "fiscalDateEnding": "2015-03-31",
            "totalCurrentAssets": "301755000",
            "cashAndShortTermInvestments": "86841000",
            "totalCurrentLiabilities": "256083000",
            "currentDebt": "82000000",
            "netIncome": "18870000",
            "capitalExpenditures": "4584000",
            "operatingCashflow": "36097000",
            "grossProfit": "136118000",
            "totalRevenue": "207109000",
            "sentiment": 0,
            "surprise": "0.02",
            "closePrice": "93.1562971063685"
        },
        {
            "fiscalDateEnding": "2014-12-31",
            "totalCurrentAssets": "279870000",
            "cashAndShortTermInvestments": "94651000",
            "totalCurrentLiabilities": "365723000",
            "currentDebt": "231000000",
            "netIncome": "14407000",
            "capitalExpenditures": "5667000",
            "operatingCashflow": "1360000",
            "grossProfit": "123250000",
            "totalRevenue": "189550000",
            "sentiment": 0,
            "surprise": "-0.19",
            "closePrice": "78.0811516477067"
        },
        {
            "fiscalDateEnding": "2014-09-30",
            "totalCurrentAssets": "288527000",
            "cashAndShortTermInvestments": "105075000",
            "totalCurrentLiabilities": "341404000",
            "currentDebt": "170000000",
            "netIncome": "36603000",
            "capitalExpenditures": "5502000",
            "operatingCashflow": "148644000",
            "grossProfit": "150544000",
            "totalRevenue": "221570000",
            "sentiment": 0,
            "surprise": "0.13",
            "closePrice": "61.623357467496"
        },
        {
            "fiscalDateEnding": "2014-06-30",
            "totalCurrentAssets": "273295000",
            "cashAndShortTermInvestments": "93109000",
            "totalCurrentLiabilities": "313002000",
            "currentDebt": "154000000",
            "netIncome": "20548000",
            "capitalExpenditures": "2792000",
            "operatingCashflow": "35058000",
            "grossProfit": "134858000",
            "totalRevenue": "197610000",
            "sentiment": 0,
            "surprise": "-0.1",
            "closePrice": "62.6502996941517"
        },
        {
            "fiscalDateEnding": "2014-03-31",
            "totalCurrentAssets": "269626000",
            "cashAndShortTermInvestments": "108176000",
            "totalCurrentLiabilities": "179161000",
            "currentDebt": "36000000",
            "netIncome": "20751000",
            "capitalExpenditures": "2142000",
            "operatingCashflow": "34739000",
            "grossProfit": "127279000",
            "totalRevenue": "185462000",
            "sentiment": 0,
            "surprise": "-0.02",
            "closePrice": "54.1017509325189"
        },
        {
            "fiscalDateEnding": "2013-12-31",
            "totalCurrentAssets": "257688000",
            "cashAndShortTermInvestments": "95937000",
            "totalCurrentLiabilities": "161640000",
            "currentDebt": "31000000",
            "netIncome": "16977000",
            "capitalExpenditures": "2154000",
            "operatingCashflow": "28378000",
            "grossProfit": "127024000",
            "totalRevenue": "184343000",
            "sentiment": 0,
            "surprise": "-0.17",
            "closePrice": "59.8135219850553"
        },
        {
            "fiscalDateEnding": "2013-09-30",
            "totalCurrentAssets": "249188000",
            "cashAndShortTermInvestments": "83178000",
            "totalCurrentLiabilities": "165880000",
            "currentDebt": "23000000",
            "netIncome": "28557000",
            "capitalExpenditures": "3712000",
            "operatingCashflow": "131818000",
            "grossProfit": "133518000",
            "totalRevenue": "190327000",
            "sentiment": 0,
            "surprise": "-0.02",
            "closePrice": "56.5242952969901"
        },
        {
            "fiscalDateEnding": "2013-06-30",
            "totalCurrentAssets": "246762000",
            "cashAndShortTermInvestments": "93019000",
            "totalCurrentLiabilities": "181245000",
            "currentDebt": "None",
            "netIncome": "19622000",
            "capitalExpenditures": "3312000",
            "operatingCashflow": "31524000",
            "grossProfit": "126117000",
            "totalRevenue": "183772000",
            "sentiment": 0,
            "surprise": "-0.05",
            "closePrice": "49.9371774657976"
        },
        {
            "fiscalDateEnding": "2013-03-31",
            "totalCurrentAssets": "285230000",
            "cashAndShortTermInvestments": "131150000",
            "totalCurrentLiabilities": "191273000",
            "currentDebt": "49000000",
            "netIncome": "18495000",
            "capitalExpenditures": "8111000",
            "operatingCashflow": "29764000",
            "grossProfit": "120469000",
            "totalRevenue": "179325000",
            "sentiment": 0,
            "surprise": "-0.16",
            "closePrice": "43.8129496808373"
        },
        {
            "fiscalDateEnding": "2012-12-31",
            "totalCurrentAssets": "251374000",
            "cashAndShortTermInvestments": "90839000",
            "totalCurrentLiabilities": "189003000",
            "currentDebt": "49000000",
            "netIncome": "23421000",
            "capitalExpenditures": "9012000",
            "operatingCashflow": "28729000",
            "grossProfit": "133872000",
            "totalRevenue": "190020000",
            "sentiment": 0,
            "surprise": "0.04",
            "closePrice": "44.2306728695168"
        },
        {
            "fiscalDateEnding": "2012-09-30",
            "totalCurrentAssets": "259325000",
            "cashAndShortTermInvestments": "93617000",
            "totalCurrentLiabilities": "209605000",
            "currentDebt": "49000000",
            "netIncome": "21246000",
            "capitalExpenditures": "5867000",
            "operatingCashflow": "23338000",
            "grossProfit": "130748000",
            "totalRevenue": "186075000",
            "sentiment": 0,
            "surprise": "0.07",
            "closePrice": "47.6121049958004"
        },
        {
            "fiscalDateEnding": "2012-06-30",
            "totalCurrentAssets": "279416000",
            "cashAndShortTermInvestments": "150703000",
            "totalCurrentLiabilities": "143680000",
            "currentDebt": "8000000",
            "netIncome": "20749000",
            "capitalExpenditures": "6252000",
            "operatingCashflow": "22932000",
            "grossProfit": "112646000",
            "totalRevenue": "160478000",
            "sentiment": 0,
            "surprise": "0",
            "closePrice": "43.6234605846001"
        },
        {
            "fiscalDateEnding": "2012-03-31",
            "totalCurrentAssets": "315298000",
            "cashAndShortTermInvestments": "191085000",
            "totalCurrentLiabilities": "142245000",
            "currentDebt": "8000000",
            "netIncome": "20012000",
            "capitalExpenditures": "5607000",
            "operatingCashflow": "42327000",
            "grossProfit": "110707000",
            "totalRevenue": "159521000",
            "sentiment": 0,
            "surprise": "0",
            "closePrice": "42.7874582689408"
        },
        {
            "fiscalDateEnding": "2011-12-31",
            "totalCurrentAssets": "365039000",
            "cashAndShortTermInvestments": "231587000",
            "totalCurrentLiabilities": "139799000",
            "currentDebt": "8000000",
            "netIncome": "29997000",
            "capitalExpenditures": "7757000",
            "operatingCashflow": "41149000",
            "grossProfit": "124375000",
            "totalRevenue": "170349000",
            "sentiment": 0,
            "surprise": "0.19",
            "closePrice": "38.9713272733405"
        },
        {
            "fiscalDateEnding": "2011-09-30",
            "totalCurrentAssets": "364481000",
            "cashAndShortTermInvestments": "241578000",
            "totalCurrentLiabilities": "146498000",
            "currentDebt": "8000000",
            "netIncome": "24619000",
            "capitalExpenditures": "5697000",
            "operatingCashflow": "31103000",
            "grossProfit": "111486000",
            "totalRevenue": "160249000",
            "sentiment": 0,
            "surprise": "0.03",
            "closePrice": "26.9861790237463"
        },
        {
            "fiscalDateEnding": "2011-06-30",
            "totalCurrentAssets": "376406000",
            "cashAndShortTermInvestments": "258510000",
            "totalCurrentLiabilities": "134683000",
            "currentDebt": "8000000",
            "netIncome": "23189000",
            "capitalExpenditures": "3217000",
            "operatingCashflow": "45435000",
            "grossProfit": "107281000",
            "totalRevenue": "150679000",
            "sentiment": 0,
            "surprise": "0.04",
            "closePrice": "29.1472195584924"
        },
        {
            "fiscalDateEnding": "2011-03-31",
            "totalCurrentAssets": "381085000",
            "cashAndShortTermInvestments": "258294000",
            "totalCurrentLiabilities": "125831000",
            "currentDebt": "8000000",
            "netIncome": "7745000",
            "capitalExpenditures": "3778000",
            "operatingCashflow": "26738000",
            "grossProfit": "104318000",
            "totalRevenue": "152824000",
            "sentiment": 0,
            "surprise": "-0.04",
            "closePrice": "28.8493619199102"
        },
        {
            "fiscalDateEnding": "2010-12-31",
            "totalCurrentAssets": "365209000",
            "cashAndShortTermInvestments": "243291000",
            "totalCurrentLiabilities": "118096000",
            "currentDebt": "8000000",
            "netIncome": "16009000",
            "capitalExpenditures": "1328000",
            "operatingCashflow": "32880000",
            "grossProfit": "110128000",
            "totalRevenue": "155931000",
            "sentiment": 0,
            "surprise": "0.01",
            "closePrice": "24.5374337457383"
        },
        {
            "fiscalDateEnding": "2010-09-30",
            "totalCurrentAssets": "347175000",
            "cashAndShortTermInvestments": "214814000",
            "totalCurrentLiabilities": "122147000",
            "currentDebt": "8000000",
            "netIncome": "15841000",
            "capitalExpenditures": "4707000",
            "operatingCashflow": "21755000",
            "grossProfit": "106642000",
            "totalRevenue": "155098000",
            "sentiment": 0,
            "surprise": "0",
            "closePrice": "24.3785086841497"
        },
        {
            "fiscalDateEnding": "2010-06-30",
            "totalCurrentAssets": "371812000",
            "cashAndShortTermInvestments": "241785000",
            "totalCurrentLiabilities": "128634000",
            "currentDebt": "8000000",
            "netIncome": "17938000",
            "capitalExpenditures": "4736000",
            "operatingCashflow": "14060000",
            "grossProfit": "110013000",
            "totalRevenue": "155329000",
            "sentiment": 0,
            "surprise": "0.03",
            "closePrice": "23.2996468244163"
        }
    ]
}