{
    "FIS": [
        {
            "fiscalDateEnding": "2023-12-31",
            "totalCurrentAssets": "13788000000",
            "cashAndShortTermInvestments": "440000000",
            "totalCurrentLiabilities": "18318000000",
            "currentDebt": "6108000000",
            "netIncome": "251000000",
            "capitalExpenditures": "249000000",
            "operatingCashflow": "1525000000",
            "grossProfit": "975000000",
            "totalRevenue": "2510000000",
            "sentiment": 0.2869813309627484,
            "surprise": "0",
            "closePrice": "66.9812904618041"
        },
        {
            "fiscalDateEnding": "2023-09-30",
            "totalCurrentAssets": "12153000000",
            "cashAndShortTermInvestments": "466000000",
            "totalCurrentLiabilities": "16081000000",
            "currentDebt": "5915000000",
            "netIncome": "-449000000",
            "capitalExpenditures": "215000000",
            "operatingCashflow": "1091000000",
            "grossProfit": "966000000",
            "totalRevenue": "2327000000",
            "sentiment": 0.24965592859132277,
            "surprise": "0.1",
            "closePrice": "50.3906236657952"
        },
        {
            "fiscalDateEnding": "2023-06-30",
            "totalCurrentAssets": "10650000000",
            "cashAndShortTermInvestments": "1982000000",
            "totalCurrentLiabilities": "14443000000",
            "currentDebt": "5929000000",
            "netIncome": "-6596000000",
            "capitalExpenditures": "287000000",
            "operatingCashflow": "1087000000",
            "grossProfit": "906000000",
            "totalRevenue": "3593000000",
            "sentiment": 0.15768977793626024,
            "surprise": "0.07",
            "closePrice": "58.1281362815639"
        },
        {
            "fiscalDateEnding": "2023-03-31",
            "totalCurrentAssets": "10966000000",
            "cashAndShortTermInvestments": "1871000000",
            "totalCurrentLiabilities": "14728000000",
            "currentDebt": "6107000000",
            "netIncome": "140000000",
            "capitalExpenditures": "279000000",
            "operatingCashflow": "632000000",
            "grossProfit": "828000000",
            "totalRevenue": "3373000000",
            "sentiment": 0.1320708301320955,
            "surprise": "0.08",
            "closePrice": "54.4825139537178"
        },
        {
            "fiscalDateEnding": "2022-12-31",
            "totalCurrentAssets": "12818000000",
            "cashAndShortTermInvestments": "2188000000",
            "totalCurrentLiabilities": "16224000000",
            "currentDebt": "5885000000",
            "netIncome": "-17365000000",
            "capitalExpenditures": "662000000",
            "operatingCashflow": "1141000000",
            "grossProfit": "956000000",
            "totalRevenue": "3580000000",
            "sentiment": 0.03764723878302409,
            "surprise": "0.01",
            "closePrice": "63.3071688762969"
        },
        {
            "fiscalDateEnding": "2022-09-30",
            "totalCurrentAssets": "10593000000",
            "cashAndShortTermInvestments": "1932000000",
            "totalCurrentLiabilities": "13671000000",
            "currentDebt": "5407000000",
            "netIncome": "249000000",
            "capitalExpenditures": "233000000",
            "operatingCashflow": "878000000",
            "grossProfit": "881000000",
            "totalRevenue": "3528000000",
            "sentiment": 0.11249926115091037,
            "surprise": "-0.01",
            "closePrice": "54.4801331681101"
        },
        {
            "fiscalDateEnding": "2022-06-30",
            "totalCurrentAssets": "10706000000",
            "cashAndShortTermInvestments": "1688000000",
            "totalCurrentLiabilities": "15528000000",
            "currentDebt": "6790000000",
            "netIncome": "277000000",
            "capitalExpenditures": "340000000",
            "operatingCashflow": "1024000000",
            "grossProfit": "1485000000",
            "totalRevenue": "3672000000",
            "sentiment": 0.05642025287558847,
            "surprise": "0.02",
            "closePrice": "98.6720907208778"
        },
        {
            "fiscalDateEnding": "2022-03-31",
            "totalCurrentAssets": "10145000000",
            "cashAndShortTermInvestments": "1547000000",
            "totalCurrentLiabilities": "13777000000",
            "currentDebt": "5012000000",
            "netIncome": "120000000",
            "capitalExpenditures": "412000000",
            "operatingCashflow": "896000000",
            "grossProfit": "1250000000",
            "totalRevenue": "3449000000",
            "sentiment": -0.34076740558707574,
            "surprise": "0.02",
            "closePrice": "93.9651678894364"
        },
        {
            "fiscalDateEnding": "2021-12-31",
            "totalCurrentAssets": "10708000000",
            "cashAndShortTermInvestments": "2010000000",
            "totalCurrentLiabilities": "14466000000",
            "currentDebt": "5528000000",
            "netIncome": "291000000",
            "capitalExpenditures": "409000000",
            "operatingCashflow": "1113000000",
            "grossProfit": "1421000000",
            "totalRevenue": "3392000000",
            "sentiment": 0,
            "surprise": "0.02",
            "closePrice": "96.5004215808343"
        },
        {
            "fiscalDateEnding": "2021-09-30",
            "totalCurrentAssets": "10011000000",
            "cashAndShortTermInvestments": "1390000000",
            "totalCurrentLiabilities": "12627000000",
            "currentDebt": "3947000000",
            "netIncome": "158000000",
            "capitalExpenditures": "265000000",
            "operatingCashflow": "1833000000",
            "grossProfit": "1329000000",
            "totalRevenue": "3461000000",
            "sentiment": 0,
            "surprise": "0.05",
            "closePrice": "104.461113640063"
        },
        {
            "fiscalDateEnding": "2021-06-30",
            "totalCurrentAssets": "9438000000",
            "cashAndShortTermInvestments": "1301000000",
            "totalCurrentLiabilities": "11494000000",
            "currentDebt": "3355000000",
            "netIncome": "341000000",
            "capitalExpenditures": "314000000",
            "operatingCashflow": "1028000000",
            "grossProfit": "1340000000",
            "totalRevenue": "3427000000",
            "sentiment": 0,
            "surprise": "0.06",
            "closePrice": "121.521580248232"
        },
        {
            "fiscalDateEnding": "2021-03-31",
            "totalCurrentAssets": "9105000000",
            "cashAndShortTermInvestments": "1039000000",
            "totalCurrentLiabilities": "11208000000",
            "currentDebt": "3139000000",
            "netIncome": "-373000000",
            "capitalExpenditures": "298000000",
            "operatingCashflow": "836000000",
            "grossProfit": "1105000000",
            "totalRevenue": "2622000000",
            "sentiment": 0,
            "surprise": "0.05",
            "closePrice": "141.086058005429"
        },
        {
            "fiscalDateEnding": "2020-12-31",
            "totalCurrentAssets": "9898000000",
            "cashAndShortTermInvestments": "1959000000",
            "totalCurrentLiabilities": "12361000000",
            "currentDebt": "4064000000",
            "netIncome": "104000000",
            "capitalExpenditures": "291000000",
            "operatingCashflow": "1418000000",
            "grossProfit": "1206000000",
            "totalRevenue": "3232000000",
            "sentiment": 0,
            "surprise": "0.06",
            "closePrice": "123.161001078065"
        },
        {
            "fiscalDateEnding": "2020-09-30",
            "totalCurrentAssets": "9934000000",
            "cashAndShortTermInvestments": "1826000000",
            "totalCurrentLiabilities": "12775000000",
            "currentDebt": "4976000000",
            "netIncome": "20000000",
            "capitalExpenditures": "293000000",
            "operatingCashflow": "1411000000",
            "grossProfit": "1093000000",
            "totalRevenue": "3113000000",
            "sentiment": 0,
            "surprise": "0.01",
            "closePrice": "115.610874667559"
        },
        {
            "fiscalDateEnding": "2020-06-30",
            "totalCurrentAssets": "8600000000",
            "cashAndShortTermInvestments": "1183000000",
            "totalCurrentLiabilities": "12117000000",
            "currentDebt": "4994000000",
            "netIncome": "19000000",
            "capitalExpenditures": "261000000",
            "operatingCashflow": "1230000000",
            "grossProfit": "916000000",
            "totalRevenue": "2874000000",
            "sentiment": 0,
            "surprise": "0.05",
            "closePrice": "135.795736371411"
        },
        {
            "fiscalDateEnding": "2020-03-31",
            "totalCurrentAssets": "8346000000",
            "cashAndShortTermInvestments": "1373000000",
            "totalCurrentLiabilities": "7926000000",
            "currentDebt": "1395000000",
            "netIncome": "15000000",
            "capitalExpenditures": "306000000",
            "operatingCashflow": "383000000",
            "grossProfit": "989000000",
            "totalRevenue": "2996000000",
            "sentiment": 0,
            "surprise": "0",
            "closePrice": "119.101133556781"
        },
        {
            "fiscalDateEnding": "2019-12-31",
            "totalCurrentAssets": "8692000000",
            "cashAndShortTermInvestments": "1152000000",
            "totalCurrentLiabilities": "10382000000",
            "currentDebt": "2963000000",
            "netIncome": "-158000000",
            "capitalExpenditures": "440000000",
            "operatingCashflow": "669000000",
            "grossProfit": "1355000000",
            "totalRevenue": "2996000000",
            "sentiment": 0,
            "surprise": "0.04",
            "closePrice": "141.57557616487"
        },
        {
            "fiscalDateEnding": "2019-09-30",
            "totalCurrentAssets": "9325000000",
            "cashAndShortTermInvestments": "1305000000",
            "totalCurrentLiabilities": "10901000000",
            "currentDebt": "3248000000",
            "netIncome": "154000000",
            "capitalExpenditures": "283000000",
            "operatingCashflow": "921000000",
            "grossProfit": "984000000",
            "totalRevenue": "2727000000",
            "sentiment": 0,
            "surprise": "0.07",
            "closePrice": "120.963527674235"
        },
        {
            "fiscalDateEnding": "2019-06-30",
            "totalCurrentAssets": "12505000000",
            "cashAndShortTermInvestments": "9756000000",
            "totalCurrentLiabilities": "4170000000",
            "currentDebt": "1560000000",
            "netIncome": "154000000",
            "capitalExpenditures": "141000000",
            "operatingCashflow": "526000000",
            "grossProfit": "708000000",
            "totalRevenue": "2025000000",
            "sentiment": 0,
            "surprise": "0",
            "closePrice": "119.487979475165"
        },
        {
            "fiscalDateEnding": "2019-03-31",
            "totalCurrentAssets": "3611000000",
            "cashAndShortTermInvestments": "576000000",
            "totalCurrentLiabilities": "3521000000",
            "currentDebt": "653000000",
            "netIncome": "148000000",
            "capitalExpenditures": "179000000",
            "operatingCashflow": "294000000",
            "grossProfit": "676000000",
            "totalRevenue": "1976000000",
            "sentiment": 0,
            "surprise": "0.1",
            "closePrice": "105.501342898775"
        },
        {
            "fiscalDateEnding": "2018-12-31",
            "totalCurrentAssets": "3733000000",
            "cashAndShortTermInvestments": "703000000",
            "totalCurrentLiabilities": "3125000000",
            "currentDebt": "315000000",
            "netIncome": "298000000",
            "capitalExpenditures": "248000000",
            "operatingCashflow": "705000000",
            "grossProfit": "790000000",
            "totalRevenue": "2076000000",
            "sentiment": 0,
            "surprise": "0.02",
            "closePrice": "96.6512738060384"
        },
        {
            "fiscalDateEnding": "2018-09-30",
            "totalCurrentAssets": "3597000000",
            "cashAndShortTermInvestments": "632000000",
            "totalCurrentLiabilities": "2692000000",
            "currentDebt": "40000000",
            "netIncome": "154000000",
            "capitalExpenditures": "149000000",
            "operatingCashflow": "465000000",
            "grossProfit": "720000000",
            "totalRevenue": "2004000000",
            "sentiment": 0,
            "surprise": "0.03",
            "closePrice": "93.7101776186039"
        },
        {
            "fiscalDateEnding": "2018-06-30",
            "totalCurrentAssets": "3494000000",
            "cashAndShortTermInvestments": "683000000",
            "totalCurrentLiabilities": "2534000000",
            "currentDebt": "38000000",
            "netIncome": "212000000",
            "capitalExpenditures": "144000000",
            "operatingCashflow": "469000000",
            "grossProfit": "692000000",
            "totalRevenue": "4139000000",
            "sentiment": 0,
            "surprise": "0.02",
            "closePrice": "92.9966266272487"
        },
        {
            "fiscalDateEnding": "2018-03-31",
            "totalCurrentAssets": "3735000000",
            "cashAndShortTermInvestments": "725000000",
            "totalCurrentLiabilities": "3816000000",
            "currentDebt": "1036000000",
            "netIncome": "182000000",
            "capitalExpenditures": "172000000",
            "operatingCashflow": "354000000",
            "grossProfit": "652000000",
            "totalRevenue": "4067000000",
            "sentiment": 0,
            "surprise": "0.04",
            "closePrice": "89.601407020767"
        },
        {
            "fiscalDateEnding": "2017-12-31",
            "totalCurrentAssets": "3688000000",
            "cashAndShortTermInvestments": "665000000",
            "totalCurrentLiabilities": "4011000000",
            "currentDebt": "1045000000",
            "netIncome": "934000000",
            "capitalExpenditures": "169000000",
            "operatingCashflow": "662000000",
            "grossProfit": "769000000",
            "totalRevenue": "2240000000",
            "sentiment": 0,
            "surprise": "0.02",
            "closePrice": "85.7848304101286"
        },
        {
            "fiscalDateEnding": "2017-09-30",
            "totalCurrentAssets": "3324000000",
            "cashAndShortTermInvestments": "720000000",
            "totalCurrentLiabilities": "2658000000",
            "currentDebt": "296000000",
            "netIncome": "59000000",
            "capitalExpenditures": "152000000",
            "operatingCashflow": "551000000",
            "grossProfit": "710000000",
            "totalRevenue": "2114000000",
            "sentiment": 0,
            "surprise": "0.12",
            "closePrice": "82.8752891654777"
        },
        {
            "fiscalDateEnding": "2017-06-30",
            "totalCurrentAssets": "4062000000",
            "cashAndShortTermInvestments": "786000000",
            "totalCurrentLiabilities": "2729000000",
            "currentDebt": "297000000",
            "netIncome": "139000000",
            "capitalExpenditures": "147000000",
            "operatingCashflow": "74000000",
            "grossProfit": "738000000",
            "totalRevenue": "2250000000",
            "sentiment": 0,
            "surprise": "0.05",
            "closePrice": "81.2614195025394"
        },
        {
            "fiscalDateEnding": "2017-03-31",
            "totalCurrentAssets": "3409000000",
            "cashAndShortTermInvestments": "705000000",
            "totalCurrentLiabilities": "3138000000",
            "currentDebt": "351000000",
            "netIncome": "129000000",
            "capitalExpenditures": "229000000",
            "operatingCashflow": "454000000",
            "grossProfit": "657000000",
            "totalRevenue": "2247000000",
            "sentiment": 0,
            "surprise": "0.04",
            "closePrice": "73.9041659187287"
        },
        {
            "fiscalDateEnding": "2016-12-31",
            "totalCurrentAssets": "4282000000",
            "cashAndShortTermInvestments": "683000000",
            "totalCurrentLiabilities": "3151000000",
            "currentDebt": "332000000",
            "netIncome": "164000000",
            "capitalExpenditures": "195000000",
            "operatingCashflow": "583000000",
            "grossProfit": "821000000",
            "totalRevenue": "2347000000",
            "sentiment": 0,
            "surprise": "0",
            "closePrice": "68.3735992147027"
        },
        {
            "fiscalDateEnding": "2016-09-30",
            "totalCurrentAssets": "3523000000",
            "cashAndShortTermInvestments": "701000000",
            "totalCurrentLiabilities": "2937000000",
            "currentDebt": "317000000",
            "netIncome": "185000000",
            "capitalExpenditures": "169000000",
            "operatingCashflow": "522000000",
            "grossProfit": "782000000",
            "totalRevenue": "2211000000",
            "sentiment": 0,
            "surprise": "0.02",
            "closePrice": "67.7435655196398"
        },
        {
            "fiscalDateEnding": "2016-06-30",
            "totalCurrentAssets": "3678000000",
            "cashAndShortTermInvestments": "765000000",
            "totalCurrentLiabilities": "3496000000",
            "currentDebt": "913000000",
            "netIncome": "121000000",
            "capitalExpenditures": "149000000",
            "operatingCashflow": "435000000",
            "grossProfit": "705000000",
            "totalRevenue": "2212000000",
            "sentiment": 0,
            "surprise": "0.03",
            "closePrice": "71.0180009405286"
        },
        {
            "fiscalDateEnding": "2016-03-31",
            "totalCurrentAssets": "3629000000",
            "cashAndShortTermInvestments": "702000000",
            "totalCurrentLiabilities": "3322000000",
            "currentDebt": "764000000",
            "netIncome": "55000000",
            "capitalExpenditures": "146000000",
            "operatingCashflow": "385000000",
            "grossProfit": "628000000",
            "totalRevenue": "2088000000",
            "sentiment": 0,
            "surprise": "0.04",
            "closePrice": "62.4083030289711"
        },
        {
            "fiscalDateEnding": "2015-12-31",
            "totalCurrentAssets": "3509000000",
            "cashAndShortTermInvestments": "687600000",
            "totalCurrentLiabilities": "2364000000",
            "currentDebt": "15300000",
            "netIncome": "106000000",
            "capitalExpenditures": "116000000",
            "operatingCashflow": "433000000",
            "grossProfit": "642000000",
            "totalRevenue": "1933600000",
            "sentiment": 0,
            "surprise": "0.01",
            "closePrice": "50.5024389751143"
        },
        {
            "fiscalDateEnding": "2015-09-30",
            "totalCurrentAssets": "2436300000",
            "cashAndShortTermInvestments": "441500000",
            "totalCurrentLiabilities": "1566200000",
            "currentDebt": "13400000",
            "netIncome": "175000000",
            "capitalExpenditures": "87000000",
            "operatingCashflow": "255000000",
            "grossProfit": "557000000",
            "totalRevenue": "1543200000",
            "sentiment": 0,
            "surprise": "-0.01",
            "closePrice": "55.9657920799613"
        },
        {
            "fiscalDateEnding": "2015-06-30",
            "totalCurrentAssets": "2482600000",
            "cashAndShortTermInvestments": "446400000",
            "totalCurrentLiabilities": "1677300000",
            "currentDebt": "13500000",
            "netIncome": "240000000",
            "capitalExpenditures": "119000000",
            "operatingCashflow": "212000000",
            "grossProfit": "517000000",
            "totalRevenue": "1551000000",
            "sentiment": 0,
            "surprise": "0.03",
            "closePrice": "54.1203978273997"
        },
        {
            "fiscalDateEnding": "2015-03-31",
            "totalCurrentAssets": "2597000000",
            "cashAndShortTermInvestments": "489000000",
            "totalCurrentLiabilities": "1761100000",
            "currentDebt": "13600000",
            "netIncome": "111000000",
            "capitalExpenditures": "102000000",
            "operatingCashflow": "231000000",
            "grossProfit": "485000000",
            "totalRevenue": "1517400000",
            "sentiment": 0,
            "surprise": "-0.01",
            "closePrice": "53.8213571128744"
        },
        {
            "fiscalDateEnding": "2014-12-31",
            "totalCurrentAssets": "2473100000",
            "cashAndShortTermInvestments": "492800000",
            "totalCurrentLiabilities": "1598900000",
            "currentDebt": "13100000",
            "netIncome": "195200000",
            "capitalExpenditures": "124500000",
            "operatingCashflow": "477900000",
            "grossProfit": "572700000",
            "totalRevenue": "1891100000",
            "sentiment": 0,
            "surprise": "0",
            "closePrice": "54.9118636266291"
        },
        {
            "fiscalDateEnding": "2014-09-30",
            "totalCurrentAssets": "2562900000",
            "cashAndShortTermInvestments": "611800000",
            "totalCurrentLiabilities": "1469700000",
            "currentDebt": "6300000",
            "netIncome": "150500000",
            "capitalExpenditures": "86000000",
            "operatingCashflow": "208000000",
            "grossProfit": "530800000",
            "totalRevenue": "1569000000",
            "sentiment": 0,
            "surprise": "0.01",
            "closePrice": "49.0377271061097"
        },
        {
            "fiscalDateEnding": "2014-06-30",
            "totalCurrentAssets": "2834900000",
            "cashAndShortTermInvestments": "793700000",
            "totalCurrentLiabilities": "1701300000",
            "currentDebt": "23000000",
            "netIncome": "178800000",
            "capitalExpenditures": "97200000",
            "operatingCashflow": "256500000",
            "grossProfit": "506600000",
            "totalRevenue": "1557200000",
            "sentiment": 0,
            "surprise": "0.01",
            "closePrice": "47.9472714181452"
        },
        {
            "fiscalDateEnding": "2014-03-31",
            "totalCurrentAssets": "2688300000",
            "cashAndShortTermInvestments": "737700000",
            "totalCurrentLiabilities": "1704400000",
            "currentDebt": "49700000",
            "netIncome": "154500000",
            "capitalExpenditures": "90300000",
            "operatingCashflow": "222600000",
            "grossProfit": "475900000",
            "totalRevenue": "1479200000",
            "sentiment": 0,
            "surprise": "0",
            "closePrice": "45.4127380469594"
        },
        {
            "fiscalDateEnding": "2013-12-31",
            "totalCurrentAssets": "2351900000",
            "cashAndShortTermInvestments": "547500000",
            "totalCurrentLiabilities": "1672700000",
            "currentDebt": "128800000",
            "netIncome": "71900000",
            "capitalExpenditures": "99200000",
            "operatingCashflow": "384400000",
            "grossProfit": "516600000",
            "totalRevenue": "1626800000",
            "sentiment": 0,
            "surprise": "-0.02",
            "closePrice": "42.9661070160436"
        },
        {
            "fiscalDateEnding": "2013-09-30",
            "totalCurrentAssets": "2834100000",
            "cashAndShortTermInvestments": "811600000",
            "totalCurrentLiabilities": "1797500000",
            "currentDebt": "117100000",
            "netIncome": "172300000",
            "capitalExpenditures": "95000000",
            "operatingCashflow": "311100000",
            "grossProfit": "504900000",
            "totalRevenue": "1529900000",
            "sentiment": 0,
            "surprise": "0.03",
            "closePrice": "41.3691419343064"
        },
        {
            "fiscalDateEnding": "2013-06-30",
            "totalCurrentAssets": "2051300000",
            "cashAndShortTermInvestments": "653100000",
            "totalCurrentLiabilities": "1142900000",
            "currentDebt": "83700000",
            "netIncome": "104800000",
            "capitalExpenditures": "83500000",
            "operatingCashflow": "157300000",
            "grossProfit": "481300000",
            "totalRevenue": "1541600000",
            "sentiment": 0,
            "surprise": "0.01",
            "closePrice": "35.981826662005"
        },
        {
            "fiscalDateEnding": "2013-03-31",
            "totalCurrentAssets": "1923100000",
            "cashAndShortTermInvestments": "590600000",
            "totalCurrentLiabilities": "1278400000",
            "currentDebt": "166800000",
            "netIncome": "144100000",
            "capitalExpenditures": "75400000",
            "operatingCashflow": "207500000",
            "grossProfit": "470000000",
            "totalRevenue": "1486400000",
            "sentiment": 0,
            "surprise": "0.02",
            "closePrice": "34.9624395837614"
        },
        {
            "fiscalDateEnding": "2012-12-31",
            "totalCurrentAssets": "1844200000",
            "cashAndShortTermInvestments": "517600000",
            "totalCurrentLiabilities": "1256800000",
            "currentDebt": "153900000",
            "netIncome": "136700000",
            "capitalExpenditures": "71100000",
            "operatingCashflow": "328700000",
            "grossProfit": "471500000",
            "totalRevenue": "1512600000",
            "sentiment": 0,
            "surprise": "-0.01",
            "closePrice": "30.17550971989"
        },
        {
            "fiscalDateEnding": "2012-09-30",
            "totalCurrentAssets": "1875400000",
            "cashAndShortTermInvestments": "576600000",
            "totalCurrentLiabilities": "1210800000",
            "currentDebt": "140300000",
            "netIncome": "86800000",
            "capitalExpenditures": "70500000",
            "operatingCashflow": "255300000",
            "grossProfit": "468100000",
            "totalRevenue": "1492500000",
            "sentiment": 0,
            "surprise": "0.01",
            "closePrice": "27.3619035408098"
        },
        {
            "fiscalDateEnding": "2012-06-30",
            "totalCurrentAssets": "2157600000",
            "cashAndShortTermInvestments": "533800000",
            "totalCurrentLiabilities": "1121300000",
            "currentDebt": "127900000",
            "netIncome": "150600000",
            "capitalExpenditures": "90200000",
            "operatingCashflow": "258900000",
            "grossProfit": "476100000",
            "totalRevenue": "1400600000",
            "sentiment": 0,
            "surprise": "0.07",
            "closePrice": "27.9654653338838"
        },
        {
            "fiscalDateEnding": "2012-03-31",
            "totalCurrentAssets": "1767600000",
            "cashAndShortTermInvestments": "481700000",
            "totalCurrentLiabilities": "1104600000",
            "currentDebt": "115700000",
            "netIncome": "87100000",
            "capitalExpenditures": "66500000",
            "operatingCashflow": "203800000",
            "grossProfit": "423900000",
            "totalRevenue": "1387500000",
            "sentiment": 0,
            "surprise": "0.04",
            "closePrice": "27.3066614489908"
        },
        {
            "fiscalDateEnding": "2011-12-31",
            "totalCurrentAssets": "1674000000",
            "cashAndShortTermInvestments": "415500000",
            "totalCurrentLiabilities": "1356300000",
            "currentDebt": "259200000",
            "netIncome": "117000000",
            "capitalExpenditures": "83600000",
            "operatingCashflow": "372400000",
            "grossProfit": "473200000",
            "totalRevenue": "1429900000",
            "sentiment": 0,
            "surprise": "0.01",
            "closePrice": "23.4019615838911"
        },
        {
            "fiscalDateEnding": "2011-09-30",
            "totalCurrentAssets": "1604200000",
            "cashAndShortTermInvestments": "386800000",
            "totalCurrentLiabilities": "1515900000",
            "currentDebt": "538300000",
            "netIncome": "136300000",
            "capitalExpenditures": "82100000",
            "operatingCashflow": "275600000",
            "grossProfit": "432900000",
            "totalRevenue": "1365700000",
            "sentiment": 0,
            "surprise": "0.01",
            "closePrice": "19.973378814861"
        },
        {
            "fiscalDateEnding": "2011-06-30",
            "totalCurrentAssets": "1705600000",
            "cashAndShortTermInvestments": "427300000",
            "totalCurrentLiabilities": "1615500000",
            "currentDebt": "564400000",
            "netIncome": "123500000",
            "capitalExpenditures": "97500000",
            "operatingCashflow": "263300000",
            "grossProfit": "423900000",
            "totalRevenue": "1375900000",
            "sentiment": 0,
            "surprise": "0.01",
            "closePrice": "23.937681207011"
        },
        {
            "fiscalDateEnding": "2011-03-31",
            "totalCurrentAssets": "1644700000",
            "cashAndShortTermInvestments": "384100000",
            "totalCurrentLiabilities": "1570300000",
            "currentDebt": "577000000",
            "netIncome": "92800000",
            "capitalExpenditures": "71600000",
            "operatingCashflow": "260200000",
            "grossProfit": "387400000",
            "totalRevenue": "1315400000",
            "sentiment": 0,
            "surprise": "0",
            "closePrice": "26.9174032085569"
        },
        {
            "fiscalDateEnding": "2010-12-31",
            "totalCurrentAssets": "1673000000",
            "cashAndShortTermInvestments": "338000000",
            "totalCurrentLiabilities": "1300400000",
            "currentDebt": "256900000",
            "netIncome": "110600000",
            "capitalExpenditures": "87000000",
            "operatingCashflow": "285400000",
            "grossProfit": "399600000",
            "totalRevenue": "1311300000",
            "sentiment": 0,
            "surprise": "0.04",
            "closePrice": "25.5352760345846"
        },
        {
            "fiscalDateEnding": "2010-09-30",
            "totalCurrentAssets": "1483500000",
            "cashAndShortTermInvestments": "389400000",
            "totalCurrentLiabilities": "1187000000",
            "currentDebt": "267500000",
            "netIncome": "110400000",
            "capitalExpenditures": "92400000",
            "operatingCashflow": "340700000",
            "grossProfit": "469900000",
            "totalRevenue": "1306300000",
            "sentiment": 0,
            "surprise": "0.01",
            "closePrice": "22.5697717120358"
        },
        {
            "fiscalDateEnding": "2010-06-30",
            "totalCurrentAssets": "1618200000",
            "cashAndShortTermInvestments": "502000000",
            "totalCurrentLiabilities": "1212200000",
            "currentDebt": "263700000",
            "netIncome": "89900000",
            "capitalExpenditures": "75200000",
            "operatingCashflow": "173600000",
            "grossProfit": "377800000",
            "totalRevenue": "1266800000",
            "sentiment": 0,
            "surprise": "0",
            "closePrice": "22.2733453460166"
        },
        {
            "fiscalDateEnding": "2010-03-31",
            "totalCurrentAssets": "1593200000",
            "cashAndShortTermInvestments": "463900000",
            "totalCurrentLiabilities": "1258700000",
            "currentDebt": "236900000",
            "netIncome": "93600000",
            "capitalExpenditures": "57800000",
            "operatingCashflow": "271600000",
            "grossProfit": "344600000",
            "totalRevenue": "1221300000",
            "sentiment": 0,
            "surprise": "0.02",
            "closePrice": "19.9532320966928"
        },
        {
            "fiscalDateEnding": "2009-12-31",
            "totalCurrentAssets": "1666100000",
            "cashAndShortTermInvestments": "430900000",
            "totalCurrentLiabilities": "1234700000",
            "currentDebt": "236700000",
            "netIncome": "-53900000",
            "capitalExpenditures": "66300000",
            "operatingCashflow": "209100000",
            "grossProfit": "363700000",
            "totalRevenue": "1249200000",
            "sentiment": 0,
            "surprise": "0.01",
            "closePrice": "18.7175935846314"
        },
        {
            "fiscalDateEnding": "2009-09-30",
            "totalCurrentAssets": "1057300000",
            "cashAndShortTermInvestments": "205600000",
            "totalCurrentLiabilities": "885900000",
            "currentDebt": "195800000",
            "netIncome": "67600000",
            "capitalExpenditures": "49300000",
            "operatingCashflow": "173900000",
            "grossProfit": "223300000",
            "totalRevenue": "817500000",
            "sentiment": 0,
            "surprise": "-0.01",
            "closePrice": "19.7022092801981"
        },
        {
            "fiscalDateEnding": "2009-06-30",
            "totalCurrentAssets": "1094900000",
            "cashAndShortTermInvestments": "227900000",
            "totalCurrentLiabilities": "881900000",
            "currentDebt": "158100000",
            "netIncome": "59200000",
            "capitalExpenditures": "50500000",
            "operatingCashflow": "168200000",
            "grossProfit": "206400000",
            "totalRevenue": "803000000",
            "sentiment": 0,
            "surprise": "0.06",
            "closePrice": "16.9464614367523"
        }
    ]
}