{
    "FIVN": [
        {
            "fiscalDateEnding": "2023-12-31",
            "totalCurrentAssets": "924054000",
            "cashAndShortTermInvestments": "730297000",
            "totalCurrentLiabilities": "167215000",
            "currentDebt": "1767000",
            "netIncome": "-12358000",
            "capitalExpenditures": "15010000",
            "operatingCashflow": "36544000",
            "grossProfit": "126569000",
            "totalRevenue": "239062000",
            "sentiment": 0.25943570605396843,
            "surprise": "0.12",
            "closePrice": "71.05"
        },
        {
            "fiscalDateEnding": "2023-09-30",
            "totalCurrentAssets": "890673000",
            "cashAndShortTermInvestments": "700290000",
            "totalCurrentLiabilities": "171976000",
            "currentDebt": "1617000",
            "netIncome": "-20419000",
            "capitalExpenditures": "5554000",
            "operatingCashflow": "37030000",
            "grossProfit": "119025000",
            "totalRevenue": "230105000",
            "sentiment": 0.319357523598785,
            "surprise": "0.09",
            "closePrice": "56.47"
        },
        {
            "fiscalDateEnding": "2023-06-30",
            "totalCurrentAssets": "841235000",
            "cashAndShortTermInvestments": "659836000",
            "totalCurrentLiabilities": "158251000",
            "currentDebt": "704000",
            "netIncome": "-21739000",
            "capitalExpenditures": "8473000",
            "operatingCashflow": "21852000",
            "grossProfit": "118521000",
            "totalRevenue": "222882000",
            "sentiment": 0.25067509932476245,
            "surprise": "0.13",
            "closePrice": "81.66"
        },
        {
            "fiscalDateEnding": "2023-03-31",
            "totalCurrentAssets": "800409000",
            "cashAndShortTermInvestments": "629740000",
            "totalCurrentLiabilities": "160216000",
            "currentDebt": "169000",
            "netIncome": "-27248000",
            "capitalExpenditures": "11734000",
            "operatingCashflow": "33412000",
            "grossProfit": "113683000",
            "totalRevenue": "218439000",
            "sentiment": 0.4032002286475505,
            "surprise": "0.17",
            "closePrice": "56.5"
        },
        {
            "fiscalDateEnding": "2022-12-31",
            "totalCurrentAssets": "778710000",
            "cashAndShortTermInvestments": "614263000",
            "totalCurrentLiabilities": "150776000",
            "currentDebt": "169000",
            "netIncome": "-13653000",
            "capitalExpenditures": "7723000",
            "operatingCashflow": "32740000",
            "grossProfit": "112051000",
            "totalRevenue": "208345000",
            "sentiment": 0.20286976833945083,
            "surprise": "0.13",
            "closePrice": "81.5"
        },
        {
            "fiscalDateEnding": "2022-09-30",
            "totalCurrentAssets": "741516000",
            "cashAndShortTermInvestments": "577104000",
            "totalCurrentLiabilities": "151410000",
            "currentDebt": "176000",
            "netIncome": "-23207000",
            "capitalExpenditures": "12582000",
            "operatingCashflow": "30526000",
            "grossProfit": "104231000",
            "totalRevenue": "198342000",
            "sentiment": 0.3125267432925656,
            "surprise": "0.04",
            "closePrice": "47.0"
        },
        {
            "fiscalDateEnding": "2022-06-30",
            "totalCurrentAssets": "660037000",
            "cashAndShortTermInvestments": "498382000",
            "totalCurrentLiabilities": "146654000",
            "currentDebt": "187000",
            "netIncome": "-23670000",
            "capitalExpenditures": "22899000",
            "operatingCashflow": "-3125000",
            "grossProfit": "101153000",
            "totalRevenue": "189382000",
            "sentiment": 0.020782072363716753,
            "surprise": "0.16",
            "closePrice": "98.38"
        },
        {
            "fiscalDateEnding": "2022-03-31",
            "totalCurrentAssets": "624594000",
            "cashAndShortTermInvestments": "477670000",
            "totalCurrentLiabilities": "183788000",
            "currentDebt": "None",
            "netIncome": "-34120000",
            "capitalExpenditures": "12967000",
            "operatingCashflow": "28724000",
            "grossProfit": "93910000",
            "totalRevenue": "182777000",
            "sentiment": 0.2207264480301484,
            "surprise": "0.09",
            "closePrice": "103.04"
        },
        {
            "fiscalDateEnding": "2021-12-31",
            "totalCurrentAssets": "617226000",
            "cashAndShortTermInvestments": "469858000",
            "totalCurrentLiabilities": "157575000",
            "currentDebt": "None",
            "netIncome": "-3601000",
            "capitalExpenditures": "13738000",
            "operatingCashflow": "8649000",
            "grossProfit": "93835000",
            "totalRevenue": "173599000",
            "sentiment": 0,
            "surprise": "0.06",
            "closePrice": "104.14"
        },
        {
            "fiscalDateEnding": "2021-09-30",
            "totalCurrentAssets": "535135000",
            "cashAndShortTermInvestments": "415289000",
            "totalCurrentLiabilities": "147052000",
            "currentDebt": "None",
            "netIncome": "-20537000",
            "capitalExpenditures": "9001000",
            "operatingCashflow": "-4808000",
            "grossProfit": "87191000",
            "totalRevenue": "154328000",
            "sentiment": 0,
            "surprise": "0.05",
            "closePrice": "145.25"
        },
        {
            "fiscalDateEnding": "2021-06-30",
            "totalCurrentAssets": "668897000",
            "cashAndShortTermInvestments": "566185000",
            "totalCurrentLiabilities": "139413000",
            "currentDebt": "36000",
            "netIncome": "-16530000",
            "capitalExpenditures": "11248000",
            "operatingCashflow": "11392000",
            "grossProfit": "79387000",
            "totalRevenue": "143782000",
            "sentiment": 0,
            "surprise": "0.09",
            "closePrice": "195.65"
        },
        {
            "fiscalDateEnding": "2021-03-31",
            "totalCurrentAssets": "738378000",
            "cashAndShortTermInvestments": "643469000",
            "totalCurrentLiabilities": "113677000",
            "currentDebt": "5634000",
            "netIncome": "-12332000",
            "capitalExpenditures": "8229000",
            "operatingCashflow": "13765000",
            "grossProfit": "78079000",
            "totalRevenue": "137882000",
            "sentiment": 0,
            "surprise": "0.1",
            "closePrice": "174.26"
        },
        {
            "fiscalDateEnding": "2020-12-31",
            "totalCurrentAssets": "689118000",
            "cashAndShortTermInvestments": "603543000",
            "totalCurrentLiabilities": "103561000",
            "currentDebt": "4524000",
            "netIncome": "-7210000",
            "capitalExpenditures": "10010000",
            "operatingCashflow": "19312000",
            "grossProfit": "76652000",
            "totalRevenue": "127885000",
            "sentiment": 0,
            "surprise": "0.11",
            "closePrice": "166.78"
        },
        {
            "fiscalDateEnding": "2020-09-30",
            "totalCurrentAssets": "857290000",
            "cashAndShortTermInvestments": "780908000",
            "totalCurrentLiabilities": "91967000",
            "currentDebt": "5606000",
            "netIncome": "-11431000",
            "capitalExpenditures": "5521000",
            "operatingCashflow": "22831000",
            "grossProfit": "65582000",
            "totalRevenue": "112143000",
            "sentiment": 0,
            "surprise": "0.09",
            "closePrice": "143.11"
        },
        {
            "fiscalDateEnding": "2020-06-30",
            "totalCurrentAssets": "759230000",
            "cashAndShortTermInvestments": "685943000",
            "totalCurrentLiabilities": "83682000",
            "currentDebt": "7279000",
            "netIncome": "-16052000",
            "capitalExpenditures": "8846000",
            "operatingCashflow": "14765000",
            "grossProfit": "57339000",
            "totalRevenue": "99792000",
            "sentiment": 0,
            "surprise": "0.06",
            "closePrice": "129.13"
        },
        {
            "fiscalDateEnding": "2020-03-31",
            "totalCurrentAssets": "393981000",
            "cashAndShortTermInvestments": "326296000",
            "totalCurrentLiabilities": "71113000",
            "currentDebt": "8899000",
            "netIncome": "-7437000",
            "capitalExpenditures": "6045000",
            "operatingCashflow": "10394000",
            "grossProfit": "55051000",
            "totalRevenue": "95088000",
            "sentiment": 0,
            "surprise": "0.02",
            "closePrice": "95.88"
        },
        {
            "fiscalDateEnding": "2019-12-31",
            "totalCurrentAssets": "381274000",
            "cashAndShortTermInvestments": "319949000",
            "totalCurrentLiabilities": "65992000",
            "currentDebt": "8582000",
            "netIncome": "836000",
            "capitalExpenditures": "6452000",
            "operatingCashflow": "15566000",
            "grossProfit": "54323000",
            "totalRevenue": "92263000",
            "sentiment": 0,
            "surprise": "0.05",
            "closePrice": "78.75"
        },
        {
            "fiscalDateEnding": "2019-09-30",
            "totalCurrentAssets": "375452000",
            "cashAndShortTermInvestments": "320958000",
            "totalCurrentLiabilities": "61639000",
            "currentDebt": "9467000",
            "netIncome": "-1604000",
            "capitalExpenditures": "4550000",
            "operatingCashflow": "17677000",
            "grossProfit": "49297000",
            "totalRevenue": "83769000",
            "sentiment": 0,
            "surprise": "0.05",
            "closePrice": "55.43"
        },
        {
            "fiscalDateEnding": "2019-06-30",
            "totalCurrentAssets": "358619000",
            "cashAndShortTermInvestments": "307476000",
            "totalCurrentLiabilities": "55970000",
            "currentDebt": "10677000",
            "netIncome": "-1860000",
            "capitalExpenditures": "4241000",
            "operatingCashflow": "6788000",
            "grossProfit": "46188000",
            "totalRevenue": "77436000",
            "sentiment": 0,
            "surprise": "0.08",
            "closePrice": "49.37"
        },
        {
            "fiscalDateEnding": "2019-03-31",
            "totalCurrentAssets": "344596000",
            "cashAndShortTermInvestments": "298942000",
            "totalCurrentLiabilities": "56333000",
            "currentDebt": "None",
            "netIncome": "-1924000",
            "capitalExpenditures": "3985000",
            "operatingCashflow": "11190000",
            "grossProfit": "43687000",
            "totalRevenue": "74538000",
            "sentiment": 0,
            "surprise": "0.03",
            "closePrice": "52.97"
        },
        {
            "fiscalDateEnding": "2018-12-31",
            "totalCurrentAssets": "334002000",
            "cashAndShortTermInvestments": "291819000",
            "totalCurrentLiabilities": "47994000",
            "currentDebt": "6647000",
            "netIncome": "3733000",
            "capitalExpenditures": "4758000",
            "operatingCashflow": "15470000",
            "grossProfit": "43996000",
            "totalRevenue": "72335000",
            "sentiment": 0,
            "surprise": "0.09",
            "closePrice": "54.31"
        },
        {
            "fiscalDateEnding": "2018-09-30",
            "totalCurrentAssets": "320124000",
            "cashAndShortTermInvestments": "279626000",
            "totalCurrentLiabilities": "46074000",
            "currentDebt": "6909000",
            "netIncome": "-1305000",
            "capitalExpenditures": "3411000",
            "operatingCashflow": "9444000",
            "grossProfit": "39125000",
            "totalRevenue": "65304000",
            "sentiment": 0,
            "surprise": "0.09",
            "closePrice": "38.37"
        },
        {
            "fiscalDateEnding": "2018-06-30",
            "totalCurrentAssets": "310989000",
            "cashAndShortTermInvestments": "274302000",
            "totalCurrentLiabilities": "44712000",
            "currentDebt": "7473000",
            "netIncome": "-2042000",
            "capitalExpenditures": "659000",
            "operatingCashflow": "5711000",
            "grossProfit": "36306000",
            "totalRevenue": "61120000",
            "sentiment": 0,
            "surprise": "0.07",
            "closePrice": "35.04"
        },
        {
            "fiscalDateEnding": "2018-03-31",
            "totalCurrentAssets": "113922000",
            "cashAndShortTermInvestments": "80676000",
            "totalCurrentLiabilities": "42732000",
            "currentDebt": "6990000",
            "netIncome": "-607000",
            "capitalExpenditures": "433000",
            "operatingCashflow": "7997000",
            "grossProfit": "34203000",
            "totalRevenue": "58905000",
            "sentiment": 0,
            "surprise": "0.05",
            "closePrice": "30.06"
        },
        {
            "fiscalDateEnding": "2017-12-31",
            "totalCurrentAssets": "92835000",
            "cashAndShortTermInvestments": "68947000",
            "totalCurrentLiabilities": "39518000",
            "currentDebt": "6987000",
            "netIncome": "-631000",
            "capitalExpenditures": "841000",
            "operatingCashflow": "2880000",
            "grossProfit": "33040000",
            "totalRevenue": "55403000",
            "sentiment": 0,
            "surprise": "0.03",
            "closePrice": "26.97"
        },
        {
            "fiscalDateEnding": "2017-09-30",
            "totalCurrentAssets": "85404000",
            "cashAndShortTermInvestments": "63364000",
            "totalCurrentLiabilities": "39316000",
            "currentDebt": "6543000",
            "netIncome": "924000",
            "capitalExpenditures": "631000",
            "operatingCashflow": "7983000",
            "grossProfit": "29584000",
            "totalRevenue": "50081000",
            "sentiment": 0,
            "surprise": "0.05",
            "closePrice": "25.47"
        },
        {
            "fiscalDateEnding": "2017-06-30",
            "totalCurrentAssets": "80504000",
            "cashAndShortTermInvestments": "57149000",
            "totalCurrentLiabilities": "38036000",
            "currentDebt": "6818000",
            "netIncome": "-4007000",
            "capitalExpenditures": "664000",
            "operatingCashflow": "84000",
            "grossProfit": "27454000",
            "totalRevenue": "47727000",
            "sentiment": 0,
            "surprise": "-0.0432",
            "closePrice": "21.38"
        },
        {
            "fiscalDateEnding": "2017-03-31",
            "totalCurrentAssets": "77022000",
            "cashAndShortTermInvestments": "56452000",
            "totalCurrentLiabilities": "38150000",
            "currentDebt": "6652000",
            "netIncome": "-5255000",
            "capitalExpenditures": "514000",
            "operatingCashflow": "159000",
            "grossProfit": "27043000",
            "totalRevenue": "47014000",
            "sentiment": 0,
            "surprise": "-0.0579",
            "closePrice": "18.0"
        },
        {
            "fiscalDateEnding": "2016-12-31",
            "totalCurrentAssets": "75011000",
            "cashAndShortTermInvestments": "58122000",
            "totalCurrentLiabilities": "34078000",
            "currentDebt": "6972000",
            "netIncome": "409000",
            "capitalExpenditures": "158000",
            "operatingCashflow": "2834000",
            "grossProfit": "28437000",
            "totalRevenue": "44207000",
            "sentiment": 0,
            "surprise": "0.0226",
            "closePrice": "16.86"
        },
        {
            "fiscalDateEnding": "2016-09-30",
            "totalCurrentAssets": "74329000",
            "cashAndShortTermInvestments": "57333000",
            "totalCurrentLiabilities": "36831000",
            "currentDebt": "6704000",
            "netIncome": "-3890000",
            "capitalExpenditures": "405000",
            "operatingCashflow": "1747000",
            "grossProfit": "23192000",
            "totalRevenue": "40982000",
            "sentiment": 0,
            "surprise": "0.0505",
            "closePrice": "14.24"
        },
        {
            "fiscalDateEnding": "2016-06-30",
            "totalCurrentAssets": "71793000",
            "cashAndShortTermInvestments": "57638000",
            "totalCurrentLiabilities": "51625000",
            "currentDebt": "24347000",
            "netIncome": "-3468000",
            "capitalExpenditures": "316000",
            "operatingCashflow": "2205000",
            "grossProfit": "22122000",
            "totalRevenue": "38886000",
            "sentiment": 0,
            "surprise": "0.05",
            "closePrice": "12.44"
        },
        {
            "fiscalDateEnding": "2016-03-31",
            "totalCurrentAssets": "74194000",
            "cashAndShortTermInvestments": "57767000",
            "totalCurrentLiabilities": "53067000",
            "currentDebt": "25060000",
            "netIncome": "-4911000",
            "capitalExpenditures": "252000",
            "operatingCashflow": "52000",
            "grossProfit": "21405000",
            "totalRevenue": "38015000",
            "sentiment": 0,
            "surprise": "0.02",
            "closePrice": "9.9"
        },
        {
            "fiscalDateEnding": "2015-12-31",
            "totalCurrentAssets": "71235000",
            "cashAndShortTermInvestments": "58484000",
            "totalCurrentLiabilities": "48523000",
            "currentDebt": "24684000",
            "netIncome": "-3518000",
            "capitalExpenditures": "427000",
            "operatingCashflow": "-66000",
            "grossProfit": "20398000",
            "totalRevenue": "36033000",
            "sentiment": 0,
            "surprise": "0.05",
            "closePrice": "7.35"
        },
        {
            "fiscalDateEnding": "2015-09-30",
            "totalCurrentAssets": "71727000",
            "cashAndShortTermInvestments": "59501000",
            "totalCurrentLiabilities": "33469000",
            "currentDebt": "10358000",
            "netIncome": "-6048000",
            "capitalExpenditures": "275000",
            "operatingCashflow": "-3163000",
            "grossProfit": "17475000",
            "totalRevenue": "32287000",
            "sentiment": 0,
            "surprise": "0.05",
            "closePrice": "4.59"
        },
        {
            "fiscalDateEnding": "2015-06-30",
            "totalCurrentAssets": "77811000",
            "cashAndShortTermInvestments": "65333000",
            "totalCurrentLiabilities": "32976000",
            "currentDebt": "9446000",
            "netIncome": "-7369000",
            "capitalExpenditures": "216000",
            "operatingCashflow": "-3957000",
            "grossProfit": "16004000",
            "totalRevenue": "30274000",
            "sentiment": 0,
            "surprise": "0.06",
            "closePrice": "4.93"
        },
        {
            "fiscalDateEnding": "2015-03-31",
            "totalCurrentAssets": "82534000",
            "cashAndShortTermInvestments": "70645000",
            "totalCurrentLiabilities": "33036000",
            "currentDebt": "7995000",
            "netIncome": "-8903000",
            "capitalExpenditures": "198000",
            "operatingCashflow": "-5753000",
            "grossProfit": "15496000",
            "totalRevenue": "30274000",
            "sentiment": 0,
            "surprise": "0.05",
            "closePrice": "5.57"
        },
        {
            "fiscalDateEnding": "2014-12-31",
            "totalCurrentAssets": "88584000",
            "cashAndShortTermInvestments": "78289000",
            "totalCurrentLiabilities": "32350000",
            "currentDebt": "7995000",
            "netIncome": "-9372000",
            "capitalExpenditures": "547000",
            "operatingCashflow": "-3520000",
            "grossProfit": "13734000",
            "totalRevenue": "28274000",
            "sentiment": 0,
            "surprise": "0.04",
            "closePrice": "3.78"
        },
        {
            "fiscalDateEnding": "2014-09-30",
            "totalCurrentAssets": "93939000",
            "cashAndShortTermInvestments": "83488000",
            "totalCurrentLiabilities": "42915000",
            "currentDebt": "20600000",
            "netIncome": "-11435000",
            "capitalExpenditures": "142000",
            "operatingCashflow": "-6361000",
            "grossProfit": "12365000",
            "totalRevenue": "25869000",
            "sentiment": 0,
            "surprise": "0.05",
            "closePrice": "4.45"
        },
        {
            "fiscalDateEnding": "2014-06-30",
            "totalCurrentAssets": "101449000",
            "cashAndShortTermInvestments": "91572000",
            "totalCurrentLiabilities": "40837000",
            "currentDebt": "19815000",
            "netIncome": "-8659000",
            "capitalExpenditures": "265000",
            "operatingCashflow": "-8218000",
            "grossProfit": "11216000",
            "totalRevenue": "24685000",
            "sentiment": 0,
            "surprise": "0.02",
            "closePrice": "7.62"
        },
        {
            "fiscalDateEnding": "2014-03-31",
            "totalCurrentAssets": "38535000",
            "cashAndShortTermInvestments": "29238000",
            "totalCurrentLiabilities": "40385000",
            "currentDebt": "19444000",
            "netIncome": "-8320000",
            "capitalExpenditures": "71000",
            "operatingCashflow": "-6180000",
            "grossProfit": "11126000",
            "totalRevenue": "24274000",
            "sentiment": 0,
            "surprise": "None",
            "closePrice": "5.68"
        }
    ]
}