{
    "FLEX": [
        {
            "fiscalDateEnding": "2023-12-31",
            "totalCurrentAssets": "14877000000",
            "cashAndShortTermInvestments": "2764000000",
            "totalCurrentLiabilities": "9386000000",
            "currentDebt": "3000000",
            "netIncome": "197000000",
            "capitalExpenditures": "130000000",
            "operatingCashflow": "284000000",
            "grossProfit": "642000000",
            "totalRevenue": "7067000000",
            "sentiment": 0.3240660500806991,
            "surprise": "0.1",
            "closePrice": "23.74"
        },
        {
            "fiscalDateEnding": "2023-09-30",
            "totalCurrentAssets": "15463000000",
            "cashAndShortTermInvestments": "2900000000",
            "totalCurrentLiabilities": "10106000000",
            "currentDebt": "None",
            "netIncome": "228000000",
            "capitalExpenditures": "152000000",
            "operatingCashflow": "357000000",
            "grossProfit": "665000000",
            "totalRevenue": "7436000000",
            "sentiment": 0.2419391240638426,
            "surprise": "0.1",
            "closePrice": "13.0626481889412"
        },
        {
            "fiscalDateEnding": "2023-06-30",
            "totalCurrentAssets": "15540000000",
            "cashAndShortTermInvestments": "2660000000",
            "totalCurrentLiabilities": "10638000000",
            "currentDebt": "151000000",
            "netIncome": "186000000",
            "capitalExpenditures": "167000000",
            "operatingCashflow": "6000000",
            "grossProfit": "587000000",
            "totalRevenue": "7295000000",
            "sentiment": 0.2550856449162198,
            "surprise": "0.06",
            "closePrice": "15.9035772739607"
        },
        {
            "fiscalDateEnding": "2023-03-31",
            "totalCurrentAssets": "16021000000",
            "cashAndShortTermInvestments": "3294000000",
            "totalCurrentLiabilities": "10855000000",
            "currentDebt": "150000000",
            "netIncome": "142000000",
            "capitalExpenditures": "180000000",
            "operatingCashflow": "450000000",
            "grossProfit": "556000000",
            "totalRevenue": "7419000000",
            "sentiment": 0.27590750851402807,
            "surprise": "0.09",
            "closePrice": "11.8925229420421"
        },
        {
            "fiscalDateEnding": "2022-12-31",
            "totalCurrentAssets": "15819000000",
            "cashAndShortTermInvestments": "2565000000",
            "totalCurrentLiabilities": "11668000000",
            "currentDebt": "494000000",
            "netIncome": "230000000",
            "capitalExpenditures": "159000000",
            "operatingCashflow": "359000000",
            "grossProfit": "583000000",
            "totalRevenue": "7707000000",
            "sentiment": 0.1860545646546656,
            "surprise": "0.02",
            "closePrice": "13.7039668338763"
        },
        {
            "fiscalDateEnding": "2022-09-30",
            "totalCurrentAssets": "15630000000",
            "cashAndShortTermInvestments": "2453000000",
            "totalCurrentLiabilities": "12146000000",
            "currentDebt": "916000000",
            "netIncome": "232000000",
            "capitalExpenditures": "189000000",
            "operatingCashflow": "103000000",
            "grossProfit": "591000000",
            "totalRevenue": "7722000000",
            "sentiment": 0.40426458078959626,
            "surprise": "0.12",
            "closePrice": "10.3961127705268"
        },
        {
            "fiscalDateEnding": "2022-06-30",
            "totalCurrentAssets": "15147000000",
            "cashAndShortTermInvestments": "2647000000",
            "totalCurrentLiabilities": "11590000000",
            "currentDebt": "None",
            "netIncome": "189000000",
            "capitalExpenditures": "107000000",
            "operatingCashflow": "38000000",
            "grossProfit": "535000000",
            "totalRevenue": "7298000000",
            "sentiment": 0.08176709484585562,
            "surprise": "0.06",
            "closePrice": "8.77593935174343"
        },
        {
            "fiscalDateEnding": "2022-03-31",
            "totalCurrentAssets": "14337000000",
            "cashAndShortTermInvestments": "2964000000",
            "totalCurrentLiabilities": "10711000000",
            "currentDebt": "949000000",
            "netIncome": "168000000",
            "capitalExpenditures": "110000000",
            "operatingCashflow": "360000000",
            "grossProfit": "505000000",
            "totalRevenue": "6851000000",
            "sentiment": 0.09227969255850295,
            "surprise": "0.08",
            "closePrice": "9.97981821153387"
        },
        {
            "fiscalDateEnding": "2021-12-31",
            "totalCurrentAssets": "13213000000",
            "cashAndShortTermInvestments": "2574000000",
            "totalCurrentLiabilities": "9642000000",
            "currentDebt": "648000000",
            "netIncome": "227000000",
            "capitalExpenditures": "123000000",
            "operatingCashflow": "150000000",
            "grossProfit": "491000000",
            "totalRevenue": "6581000000",
            "sentiment": 0,
            "surprise": "0.08",
            "closePrice": "8.86594898612028"
        },
        {
            "fiscalDateEnding": "2021-09-30",
            "totalCurrentAssets": "12183000000",
            "cashAndShortTermInvestments": "2458000000",
            "totalCurrentLiabilities": "8688000000",
            "currentDebt": "None",
            "netIncome": "336000000",
            "capitalExpenditures": "92000000",
            "operatingCashflow": "180000000",
            "grossProfit": "465000000",
            "totalRevenue": "6192000000",
            "sentiment": 0,
            "surprise": "0.08",
            "closePrice": "10.2836007275558"
        },
        {
            "fiscalDateEnding": "2021-06-30",
            "totalCurrentAssets": "11729000000",
            "cashAndShortTermInvestments": "2693000000",
            "totalCurrentLiabilities": "8138000000",
            "currentDebt": "None",
            "netIncome": "206000000",
            "capitalExpenditures": "118000000",
            "operatingCashflow": "334000000",
            "grossProfit": "471000000",
            "totalRevenue": "6303000000",
            "sentiment": 0,
            "surprise": "0.08",
            "closePrice": "9.84480375996859"
        },
        {
            "fiscalDateEnding": "2021-03-31",
            "totalCurrentAssets": "11363000000",
            "cashAndShortTermInvestments": "2637000000",
            "totalCurrentLiabilities": "7834000000",
            "currentDebt": "268000000",
            "netIncome": "240000000",
            "capitalExpenditures": "90000000",
            "operatingCashflow": "161000000",
            "grossProfit": "509000000",
            "totalRevenue": "6266000000",
            "sentiment": 0,
            "surprise": "0.13",
            "closePrice": "9.93481339434545"
        },
        {
            "fiscalDateEnding": "2020-12-31",
            "totalCurrentAssets": "11111000000",
            "cashAndShortTermInvestments": "2611000000",
            "totalCurrentLiabilities": "7519000000",
            "currentDebt": "72000000",
            "netIncome": "208000000",
            "capitalExpenditures": "76000000",
            "operatingCashflow": "348000000",
            "grossProfit": "479000000",
            "totalRevenue": "6683000000",
            "sentiment": 0,
            "surprise": "0.12",
            "closePrice": "10.3904871683783"
        },
        {
            "fiscalDateEnding": "2020-09-30",
            "totalCurrentAssets": "10479000000",
            "cashAndShortTermInvestments": "2359000000",
            "totalCurrentLiabilities": "7157000000",
            "currentDebt": "63000000",
            "netIncome": "113000000",
            "capitalExpenditures": "74741000",
            "operatingCashflow": "264000000",
            "grossProfit": "395000000",
            "totalRevenue": "5952000000",
            "sentiment": 0,
            "surprise": "0.09",
            "closePrice": "7.70144934136971"
        },
        {
            "fiscalDateEnding": "2020-06-30",
            "totalCurrentAssets": "9562377000",
            "cashAndShortTermInvestments": "1935081000",
            "totalCurrentLiabilities": "6795251000",
            "currentDebt": "162287000",
            "netIncome": "51820000",
            "capitalExpenditures": "110259000",
            "operatingCashflow": "-629000000",
            "grossProfit": "304000000",
            "totalRevenue": "5149233000",
            "sentiment": 0,
            "surprise": "0.06",
            "closePrice": "6.5538265030648"
        },
        {
            "fiscalDateEnding": "2020-03-31",
            "totalCurrentAssets": "9086000000",
            "cashAndShortTermInvestments": "1922686000",
            "totalCurrentLiabilities": "7211000000",
            "currentDebt": "263230000",
            "netIncome": "48680000",
            "capitalExpenditures": "85971000",
            "operatingCashflow": "166000000",
            "grossProfit": "365627000",
            "totalRevenue": "5484490000",
            "sentiment": 0,
            "surprise": "0.04",
            "closePrice": "5.23180999815474"
        },
        {
            "fiscalDateEnding": "2019-12-31",
            "totalCurrentAssets": "9360707000",
            "cashAndShortTermInvestments": "1789164000",
            "totalCurrentLiabilities": "7550951000",
            "currentDebt": "209869000",
            "netIncome": "111388000",
            "capitalExpenditures": "104233000",
            "operatingCashflow": "-51000000",
            "grossProfit": "430000000",
            "totalRevenue": "6463561000",
            "sentiment": 0,
            "surprise": "0.04",
            "closePrice": "7.2795291802282"
        },
        {
            "fiscalDateEnding": "2019-09-30",
            "totalCurrentAssets": "9492523000",
            "cashAndShortTermInvestments": "1815513000",
            "totalCurrentLiabilities": "7558020000",
            "currentDebt": "152050000",
            "netIncome": "-116940000",
            "capitalExpenditures": "109426000",
            "operatingCashflow": "-991134000",
            "grossProfit": "189000000",
            "totalRevenue": "6052760000",
            "sentiment": 0,
            "surprise": "0",
            "closePrice": "5.84500063234707"
        },
        {
            "fiscalDateEnding": "2019-06-30",
            "totalCurrentAssets": "9386513000",
            "cashAndShortTermInvestments": "1920451000",
            "totalCurrentLiabilities": "7437515000",
            "currentDebt": "411137000",
            "netIncome": "44872000",
            "capitalExpenditures": "162115000",
            "operatingCashflow": "-656866000",
            "grossProfit": "352759000",
            "totalRevenue": "6172725000",
            "sentiment": 0,
            "surprise": "0",
            "closePrice": "5.59184853566216"
        },
        {
            "fiscalDateEnding": "2019-03-31",
            "totalCurrentAssets": "9103432000",
            "cashAndShortTermInvestments": "1696625000",
            "totalCurrentLiabilities": "7597513000",
            "currentDebt": "632611000",
            "netIncome": "-64751000",
            "capitalExpenditures": "133514000",
            "operatingCashflow": "-642395000",
            "grossProfit": "380295000",
            "totalRevenue": "6226124000",
            "sentiment": 0,
            "surprise": "0",
            "closePrice": "6.21066477200304"
        },
        {
            "fiscalDateEnding": "2018-12-31",
            "totalCurrentAssets": "9491916000",
            "cashAndShortTermInvestments": "1503368000",
            "totalCurrentLiabilities": "7503620000",
            "currentDebt": "43249000",
            "netIncome": "-45169000",
            "capitalExpenditures": "228719000",
            "operatingCashflow": "-621009000",
            "grossProfit": "357325000",
            "totalRevenue": "6906027000",
            "sentiment": 0,
            "surprise": "0.04",
            "closePrice": "5.19243078311486"
        },
        {
            "fiscalDateEnding": "2018-09-30",
            "totalCurrentAssets": "10033172000",
            "cashAndShortTermInvestments": "1377720000",
            "totalCurrentLiabilities": "8154545000",
            "currentDebt": "55640000",
            "netIncome": "86885000",
            "capitalExpenditures": "191126000",
            "operatingCashflow": "-764331000",
            "grossProfit": "402301000",
            "totalRevenue": "6675504000",
            "sentiment": 0,
            "surprise": "0.01",
            "closePrice": "6.13753194407185"
        },
        {
            "fiscalDateEnding": "2018-06-30",
            "totalCurrentAssets": "9684809000",
            "cashAndShortTermInvestments": "1254639000",
            "totalCurrentLiabilities": "7794875000",
            "currentDebt": "42903000",
            "netIncome": "116035000",
            "capitalExpenditures": "172247000",
            "operatingCashflow": "-943265000",
            "grossProfit": "377854000",
            "totalRevenue": "6390456000",
            "sentiment": 0,
            "surprise": "0",
            "closePrice": "8.39902400779035"
        },
        {
            "fiscalDateEnding": "2018-03-31",
            "totalCurrentAssets": "9170414000",
            "cashAndShortTermInvestments": "1472424000",
            "totalCurrentLiabilities": "7268064000",
            "currentDebt": "43011000",
            "netIncome": "-19595000",
            "capitalExpenditures": "129100000",
            "operatingCashflow": "-758749000",
            "grossProfit": "349297000",
            "totalRevenue": "6410887000",
            "sentiment": 0,
            "surprise": "-0.02",
            "closePrice": "9.36100197519299"
        },
        {
            "fiscalDateEnding": "2017-12-31",
            "totalCurrentAssets": "9083104000",
            "cashAndShortTermInvestments": "1291183000",
            "totalCurrentLiabilities": "7416069000",
            "currentDebt": "42954000",
            "netIncome": "118333000",
            "capitalExpenditures": "168867000",
            "operatingCashflow": "-935609000",
            "grossProfit": "446328000",
            "totalRevenue": "6719452000",
            "sentiment": 0,
            "surprise": "0.01",
            "closePrice": "10.5817576414291"
        },
        {
            "fiscalDateEnding": "2017-09-30",
            "totalCurrentAssets": "8868047000",
            "cashAndShortTermInvestments": "1369502000",
            "totalCurrentLiabilities": "7230435000",
            "currentDebt": "46977000",
            "netIncome": "205086000",
            "capitalExpenditures": "139179000",
            "operatingCashflow": "-1476221000",
            "grossProfit": "393325000",
            "totalRevenue": "6240820000",
            "sentiment": 0,
            "surprise": "0.01",
            "closePrice": "9.76041972774029"
        },
        {
            "fiscalDateEnding": "2017-06-30",
            "totalCurrentAssets": "8558309000",
            "cashAndShortTermInvestments": "1582197000",
            "totalCurrentLiabilities": "6758248000",
            "currentDebt": "45661000",
            "netIncome": "124710000",
            "capitalExpenditures": "124851000",
            "operatingCashflow": "-695756000",
            "grossProfit": "406932000",
            "totalRevenue": "5979272000",
            "sentiment": 0,
            "surprise": "-0.02",
            "closePrice": "9.6141540718779"
        },
        {
            "fiscalDateEnding": "2017-03-31",
            "totalCurrentAssets": "8387776000",
            "cashAndShortTermInvestments": "1830675000",
            "totalCurrentLiabilities": "6504627000",
            "currentDebt": "61534000",
            "netIncome": "86874000",
            "capitalExpenditures": "111515000",
            "operatingCashflow": "-4835296000",
            "grossProfit": "384804000",
            "totalRevenue": "5862597000",
            "sentiment": 0,
            "surprise": "0",
            "closePrice": "9.01221464198267"
        },
        {
            "fiscalDateEnding": "2016-12-31",
            "totalCurrentAssets": "8613622000",
            "cashAndShortTermInvestments": "1857096000",
            "totalCurrentLiabilities": "6877757000",
            "currentDebt": "68856000",
            "netIncome": "129469000",
            "capitalExpenditures": "107660000",
            "operatingCashflow": "469636000",
            "grossProfit": "416455000",
            "totalRevenue": "6088399000",
            "sentiment": 0,
            "surprise": "0.01",
            "closePrice": "8.60154568513827"
        },
        {
            "fiscalDateEnding": "2016-09-30",
            "totalCurrentAssets": "8458620000",
            "cashAndShortTermInvestments": "1537056000",
            "totalCurrentLiabilities": "6853667000",
            "currentDebt": "65969000",
            "netIncome": "-2508000",
            "capitalExpenditures": "146833000",
            "operatingCashflow": "279620000",
            "grossProfit": "313691000",
            "totalRevenue": "5982025000",
            "sentiment": 0,
            "surprise": "0",
            "closePrice": "7.80833578219223"
        },
        {
            "fiscalDateEnding": "2016-06-30",
            "totalCurrentAssets": "8420959000",
            "cashAndShortTermInvestments": "1679335000",
            "totalCurrentLiabilities": "6627703000",
            "currentDebt": "None",
            "netIncome": "105729000",
            "capitalExpenditures": "159103000",
            "operatingCashflow": "263932000",
            "grossProfit": "405995000",
            "totalRevenue": "5876813000",
            "sentiment": 0,
            "surprise": "0",
            "closePrice": "7.39204122319927"
        },
        {
            "fiscalDateEnding": "2016-03-31",
            "totalCurrentAssets": "8315126000",
            "cashAndShortTermInvestments": "1607570000",
            "totalCurrentLiabilities": "6572205000",
            "currentDebt": "65166000",
            "netIncome": "61344000",
            "capitalExpenditures": "92073000",
            "operatingCashflow": "196673000",
            "grossProfit": "406337000",
            "totalRevenue": "5772698000",
            "sentiment": 0,
            "surprise": "0.01",
            "closePrice": "6.92511624486933"
        },
        {
            "fiscalDateEnding": "2015-12-31",
            "totalCurrentAssets": "8956604000",
            "cashAndShortTermInvestments": "1634194000",
            "totalCurrentLiabilities": "7152271000",
            "currentDebt": "None",
            "netIncome": "148910000",
            "capitalExpenditures": "122160000",
            "operatingCashflow": "277777000",
            "grossProfit": "452467000",
            "totalRevenue": "6741377000",
            "sentiment": 0,
            "surprise": "0.05",
            "closePrice": "5.36119884757147"
        },
        {
            "fiscalDateEnding": "2015-09-30",
            "totalCurrentAssets": "8985494000",
            "cashAndShortTermInvestments": "1668427000",
            "totalCurrentLiabilities": "7032780000",
            "currentDebt": "None",
            "netIncome": "122977000",
            "capitalExpenditures": "158053000",
            "operatingCashflow": "299719000",
            "grossProfit": "396916000",
            "totalRevenue": "6304062000",
            "sentiment": 0,
            "surprise": "0.02",
            "closePrice": "6.3006744063799"
        },
        {
            "fiscalDateEnding": "2015-06-30",
            "totalCurrentAssets": "9080227000",
            "cashAndShortTermInvestments": "2331411000",
            "totalCurrentLiabilities": "6496228000",
            "currentDebt": "None",
            "netIncome": "110850000",
            "capitalExpenditures": "138348000",
            "operatingCashflow": "362276000",
            "grossProfit": "352341000",
            "totalRevenue": "5546148000",
            "sentiment": 0,
            "surprise": "0",
            "closePrice": "6.12628073977474"
        },
        {
            "fiscalDateEnding": "2015-03-31",
            "totalCurrentAssets": "8740900000",
            "cashAndShortTermInvestments": "1628408000",
            "totalCurrentLiabilities": "6755091000",
            "currentDebt": "45030000",
            "netIncome": "135112000",
            "capitalExpenditures": "92443000",
            "operatingCashflow": "124610000",
            "grossProfit": "378817000",
            "totalRevenue": "5951600000",
            "sentiment": 0,
            "surprise": "0.02",
            "closePrice": "6.87448582553235"
        },
        {
            "fiscalDateEnding": "2014-12-31",
            "totalCurrentAssets": "9133220000",
            "cashAndShortTermInvestments": "1707221000",
            "totalCurrentLiabilities": "7208722000",
            "currentDebt": "45174000",
            "netIncome": "152899000",
            "capitalExpenditures": "87766000",
            "operatingCashflow": "363179000",
            "grossProfit": "408657000",
            "totalRevenue": "6996654000",
            "sentiment": 0,
            "surprise": "0.04",
            "closePrice": "5.94626147102103"
        },
        {
            "fiscalDateEnding": "2014-09-30",
            "totalCurrentAssets": "8879060000",
            "cashAndShortTermInvestments": "1514352000",
            "totalCurrentLiabilities": "7056275000",
            "currentDebt": "45579000",
            "netIncome": "138903000",
            "capitalExpenditures": "80103000",
            "operatingCashflow": "387414000",
            "grossProfit": "377081000",
            "totalRevenue": "6516317000",
            "sentiment": 0,
            "surprise": "0.02",
            "closePrice": "5.52996691202807"
        },
        {
            "fiscalDateEnding": "2014-06-30",
            "totalCurrentAssets": "8989423000",
            "cashAndShortTermInvestments": "1347690000",
            "totalCurrentLiabilities": "7233212000",
            "currentDebt": "55338000",
            "netIncome": "173887000",
            "capitalExpenditures": "87101000",
            "operatingCashflow": "-81169000",
            "grossProfit": "380785000",
            "totalRevenue": "6622845000",
            "sentiment": 0,
            "surprise": "0.03",
            "closePrice": "6.32317681497411"
        },
        {
            "fiscalDateEnding": "2014-03-31",
            "totalCurrentAssets": "9400326000",
            "cashAndShortTermInvestments": "1593728000",
            "totalCurrentLiabilities": "7656687000",
            "currentDebt": "32575000",
            "netIncome": "42975000",
            "capitalExpenditures": "83617000",
            "operatingCashflow": "98153000",
            "grossProfit": "362144000",
            "totalRevenue": "6723934000",
            "sentiment": 0,
            "surprise": "0.04",
            "closePrice": "5.05741633154958"
        },
        {
            "fiscalDateEnding": "2013-12-31",
            "totalCurrentAssets": "9692923000",
            "cashAndShortTermInvestments": "1617245000",
            "totalCurrentLiabilities": "8064492000",
            "currentDebt": "54951000",
            "netIncome": "145157000",
            "capitalExpenditures": "204577000",
            "operatingCashflow": "764549000",
            "grossProfit": "398619000",
            "totalRevenue": "7166842000",
            "sentiment": 0,
            "surprise": "0.03",
            "closePrice": "4.33171365438618"
        },
        {
            "fiscalDateEnding": "2013-09-30",
            "totalCurrentAssets": "8942896000",
            "cashAndShortTermInvestments": "1127066000",
            "totalCurrentLiabilities": "7377344000",
            "currentDebt": "43427000",
            "netIncome": "118205000",
            "capitalExpenditures": "176712000",
            "operatingCashflow": "155182000",
            "grossProfit": "368423000",
            "totalRevenue": "6393206000",
            "sentiment": 0,
            "surprise": "0.02",
            "closePrice": "4.97922046168468"
        },
        {
            "fiscalDateEnding": "2013-06-30",
            "totalCurrentAssets": "8228468000",
            "cashAndShortTermInvestments": "1279574000",
            "totalCurrentLiabilities": "6947726000",
            "currentDebt": "409860000",
            "netIncome": "59257000",
            "capitalExpenditures": "144737000",
            "operatingCashflow": "198576000",
            "grossProfit": "311035000",
            "totalRevenue": "5791125000",
            "sentiment": 0,
            "surprise": "0.04",
            "closePrice": "4.57924014892253"
        },
        {
            "fiscalDateEnding": "2013-03-31",
            "totalCurrentAssets": "7771401000",
            "cashAndShortTermInvestments": "1587087000",
            "totalCurrentLiabilities": "6172785000",
            "currentDebt": "416654000",
            "netIncome": "-49316000",
            "capitalExpenditures": "111092000",
            "operatingCashflow": "109373000",
            "grossProfit": "195657000",
            "totalRevenue": "5295318000",
            "sentiment": 0,
            "surprise": "0",
            "closePrice": "4.02230553621574"
        },
        {
            "fiscalDateEnding": "2012-12-31",
            "totalCurrentAssets": "8278043000",
            "cashAndShortTermInvestments": "1706113000",
            "totalCurrentLiabilities": "6430117000",
            "currentDebt": "233393000",
            "netIncome": "47348000",
            "capitalExpenditures": "113430000",
            "operatingCashflow": "478212000",
            "grossProfit": "246462000",
            "totalRevenue": "6113821000",
            "sentiment": 0,
            "surprise": "0.01",
            "closePrice": "3.78040464382794"
        },
        {
            "fiscalDateEnding": "2012-09-30",
            "totalCurrentAssets": "8441245000",
            "cashAndShortTermInvestments": "1561569000",
            "totalCurrentLiabilities": "6424323000",
            "currentDebt": "218955000",
            "netIncome": "150547000",
            "capitalExpenditures": "147076000",
            "operatingCashflow": "482247000",
            "grossProfit": "366772000",
            "totalRevenue": "6162141000",
            "sentiment": 0,
            "surprise": "0.03",
            "closePrice": "3.44286851491473"
        },
        {
            "fiscalDateEnding": "2012-06-30",
            "totalCurrentAssets": "8340436000",
            "cashAndShortTermInvestments": "1285053000",
            "totalCurrentLiabilities": "6187166000",
            "currentDebt": "49372000",
            "netIncome": "128472000",
            "capitalExpenditures": "117395000",
            "operatingCashflow": "45598000",
            "grossProfit": "357357000",
            "totalRevenue": "5978444000",
            "sentiment": 0,
            "surprise": "0.01",
            "closePrice": "3.51600134284592"
        },
        {
            "fiscalDateEnding": "2012-03-31",
            "totalCurrentAssets": "8534550000",
            "cashAndShortTermInvestments": "1518329000",
            "totalCurrentLiabilities": "6288185000",
            "currentDebt": "39340000",
            "netIncome": "124733000",
            "capitalExpenditures": "61514000",
            "operatingCashflow": "138684000",
            "grossProfit": "358909000",
            "totalRevenue": "6382412000",
            "sentiment": 0,
            "surprise": "0.05",
            "closePrice": "3.80853265457071"
        },
        {
            "fiscalDateEnding": "2011-12-31",
            "totalCurrentAssets": "9003552000",
            "cashAndShortTermInvestments": "1545765000",
            "totalCurrentLiabilities": "6888790000",
            "currentDebt": "39636000",
            "netIncome": "102177000",
            "capitalExpenditures": "114974000",
            "operatingCashflow": "228704000",
            "grossProfit": "385747000",
            "totalRevenue": "7485923000",
            "sentiment": 0,
            "surprise": "-0.02",
            "closePrice": "3.78040464382794"
        },
        {
            "fiscalDateEnding": "2011-09-30",
            "totalCurrentAssets": "9936409000",
            "cashAndShortTermInvestments": "1595709000",
            "totalCurrentLiabilities": "7880134000",
            "currentDebt": "19705000",
            "netIncome": "129880000",
            "capitalExpenditures": "137449000",
            "operatingCashflow": "300469000",
            "grossProfit": "372518000",
            "totalRevenue": "8043742000",
            "sentiment": 0,
            "surprise": "0",
            "closePrice": "3.43724291276618"
        },
        {
            "fiscalDateEnding": "2011-06-30",
            "totalCurrentAssets": "9568784000",
            "cashAndShortTermInvestments": "1557808000",
            "totalCurrentLiabilities": "7611299000",
            "currentDebt": "179625000",
            "netIncome": "131975000",
            "capitalExpenditures": "123254000",
            "operatingCashflow": "136411000",
            "grossProfit": "400776000",
            "totalRevenue": "7506204000",
            "sentiment": 0,
            "surprise": "-0.01",
            "closePrice": "3.60601097722278"
        },
        {
            "fiscalDateEnding": "2011-03-31",
            "totalCurrentAssets": "9054199000",
            "cashAndShortTermInvestments": "1748471000",
            "totalCurrentLiabilities": "6828931000",
            "currentDebt": "21179000",
            "netIncome": "135335000",
            "capitalExpenditures": "69780000",
            "operatingCashflow": "274514000",
            "grossProfit": "379481000",
            "totalRevenue": "6858851000",
            "sentiment": 0,
            "surprise": "-0.01",
            "closePrice": "4.22482721356366"
        },
        {
            "fiscalDateEnding": "2010-12-31",
            "totalCurrentAssets": "9103095000",
            "cashAndShortTermInvestments": "1598058000",
            "totalCurrentLiabilities": "7035317000",
            "currentDebt": "26173000",
            "netIncome": "198290000",
            "capitalExpenditures": "127750000",
            "operatingCashflow": "-14689000",
            "grossProfit": "434880000",
            "totalRevenue": "7832856000",
            "sentiment": 0,
            "surprise": "0.01",
            "closePrice": "4.62424496611096"
        },
        {
            "fiscalDateEnding": "2010-09-30",
            "totalCurrentAssets": "9370162000",
            "cashAndShortTermInvestments": "1788196000",
            "totalCurrentLiabilities": "7490033000",
            "currentDebt": "19881000",
            "netIncome": "144416000",
            "capitalExpenditures": "154127000",
            "operatingCashflow": "508755000",
            "grossProfit": "401427000",
            "totalRevenue": "7422338000",
            "sentiment": 0,
            "surprise": "0.03",
            "closePrice": "3.60038537507423"
        },
        {
            "fiscalDateEnding": "2010-06-30",
            "totalCurrentAssets": "8640507000",
            "cashAndShortTermInvestments": "1730533000",
            "totalCurrentLiabilities": "7063772000",
            "currentDebt": "415103000",
            "netIncome": "118178000",
            "capitalExpenditures": "119045000",
            "operatingCashflow": "88764000",
            "grossProfit": "370181000",
            "totalRevenue": "6565880000",
            "sentiment": 0,
            "surprise": "0.01",
            "closePrice": "3.69039500945108"
        },
        {
            "fiscalDateEnding": "2010-03-31",
            "totalCurrentAssets": "7990001000",
            "cashAndShortTermInvestments": "1927556000",
            "totalCurrentLiabilities": "6347211000",
            "currentDebt": "266551000",
            "netIncome": "60108000",
            "capitalExpenditures": "56064000",
            "operatingCashflow": "49208000",
            "grossProfit": "320915000",
            "totalRevenue": "5940156000",
            "sentiment": 0,
            "surprise": "0.01",
            "closePrice": "4.46672810595146"
        },
        {
            "fiscalDateEnding": "2009-12-31",
            "totalCurrentAssets": "8318817000",
            "cashAndShortTermInvestments": "2241870000",
            "totalCurrentLiabilities": "6493284000",
            "currentDebt": "255928000",
            "netIncome": "92870000",
            "capitalExpenditures": "40236000",
            "operatingCashflow": "331304000",
            "grossProfit": "373052000",
            "totalRevenue": "6556137000",
            "sentiment": 0,
            "surprise": "0.02",
            "closePrice": "3.99417752547297"
        },
        {
            "fiscalDateEnding": "2009-09-30",
            "totalCurrentAssets": "7713738000",
            "cashAndShortTermInvestments": "1966494000",
            "totalCurrentLiabilities": "6157263000",
            "currentDebt": "253272000",
            "netIncome": "19659000",
            "capitalExpenditures": "41528000",
            "operatingCashflow": "311538000",
            "grossProfit": "299580000",
            "totalRevenue": "5831761000",
            "sentiment": 0,
            "surprise": "0.04",
            "closePrice": "3.99980312762152"
        },
        {
            "fiscalDateEnding": "2009-06-30",
            "totalCurrentAssets": "7137449000",
            "cashAndShortTermInvestments": "1676579000",
            "totalCurrentLiabilities": "5810915000",
            "currentDebt": "213050000",
            "netIncome": "-154043000",
            "capitalExpenditures": "38635000",
            "operatingCashflow": "106866000",
            "grossProfit": "223995000",
            "totalRevenue": "5782679000",
            "sentiment": 0,
            "surprise": "0.02",
            "closePrice": "2.88593390220794"
        }
    ]
}