{
    "FLYW": [
        {
            "fiscalDateEnding": "2023-12-31",
            "totalCurrentAssets": "815684000",
            "cashAndShortTermInvestments": "654608000",
            "totalCurrentLiabilities": "273792000",
            "currentDebt": "None",
            "netIncome": "1287000",
            "capitalExpenditures": "66000",
            "operatingCashflow": "59748000",
            "grossProfit": "40750000",
            "totalRevenue": "100545000",
            "sentiment": 0.21898698966103805,
            "surprise": "0.08",
            "closePrice": "24.52"
        },
        {
            "fiscalDateEnding": "2023-09-30",
            "totalCurrentAssets": "762427000",
            "cashAndShortTermInvestments": "638205000",
            "totalCurrentLiabilities": "192108000",
            "currentDebt": "None",
            "netIncome": "10643000",
            "capitalExpenditures": "272000",
            "operatingCashflow": "46529000",
            "grossProfit": "66577000",
            "totalRevenue": "123323000",
            "sentiment": 0.27538282248672213,
            "surprise": "-0.02",
            "closePrice": "27.68"
        },
        {
            "fiscalDateEnding": "2023-06-30",
            "totalCurrentAssets": "413719000",
            "cashAndShortTermInvestments": "328063000",
            "totalCurrentLiabilities": "131505000",
            "currentDebt": "None",
            "netIncome": "-16813000",
            "capitalExpenditures": "190000",
            "operatingCashflow": "-4806000",
            "grossProfit": "30012000",
            "totalRevenue": "84869000",
            "sentiment": 0.07918747026435795,
            "surprise": "-0.01",
            "closePrice": "32.17"
        },
        {
            "fiscalDateEnding": "2023-03-31",
            "totalCurrentAssets": "395893000",
            "cashAndShortTermInvestments": "327081000",
            "totalCurrentLiabilities": "116252000",
            "currentDebt": "None",
            "netIncome": "-3683000",
            "capitalExpenditures": "481000",
            "operatingCashflow": "-20846000",
            "grossProfit": "39010000",
            "totalRevenue": "94357000",
            "sentiment": 0.23135355756508957,
            "surprise": "0.03",
            "closePrice": "28.86"
        },
        {
            "fiscalDateEnding": "2022-12-31",
            "totalCurrentAssets": "450643000",
            "cashAndShortTermInvestments": "349177000",
            "totalCurrentLiabilities": "177276000",
            "currentDebt": "None",
            "netIncome": "-1129000",
            "capitalExpenditures": "1882000",
            "operatingCashflow": "33155000",
            "grossProfit": "30106000",
            "totalRevenue": "73053000",
            "sentiment": 0.21163838127508924,
            "surprise": "0.09",
            "closePrice": "24.73"
        },
        {
            "fiscalDateEnding": "2022-09-30",
            "totalCurrentAssets": "423090000",
            "cashAndShortTermInvestments": "349230000",
            "totalCurrentLiabilities": "122931000",
            "currentDebt": "None",
            "netIncome": "-4272000",
            "capitalExpenditures": "1555000",
            "operatingCashflow": "-137000",
            "grossProfit": "47312000",
            "totalRevenue": "95232000",
            "sentiment": 0.23349231880202742,
            "surprise": "-0.11",
            "closePrice": "18.09"
        },
        {
            "fiscalDateEnding": "2022-06-30",
            "totalCurrentAssets": "415447000",
            "cashAndShortTermInvestments": "360584000",
            "totalCurrentLiabilities": "105867000",
            "currentDebt": "None",
            "netIncome": "-23797000",
            "capitalExpenditures": "2326000",
            "operatingCashflow": "-10586000",
            "grossProfit": "15227000",
            "totalRevenue": "56537000",
            "sentiment": 0.052176540190564696,
            "surprise": "-0.08",
            "closePrice": "23.63"
        },
        {
            "fiscalDateEnding": "2022-03-31",
            "totalCurrentAssets": "413621000",
            "cashAndShortTermInvestments": "365745000",
            "totalCurrentLiabilities": "91248000",
            "currentDebt": "None",
            "netIncome": "-10149000",
            "capitalExpenditures": "1307000",
            "operatingCashflow": "-17005000",
            "grossProfit": "26025000",
            "totalRevenue": "64553000",
            "sentiment": 0.261484,
            "surprise": "-0.07",
            "closePrice": "21.14"
        },
        {
            "fiscalDateEnding": "2021-12-31",
            "totalCurrentAssets": "443788000",
            "cashAndShortTermInvestments": "385360000",
            "totalCurrentLiabilities": "117477000",
            "currentDebt": "None",
            "netIncome": "-11281000",
            "capitalExpenditures": "1455000",
            "operatingCashflow": "-7674000",
            "grossProfit": "16319000",
            "totalRevenue": "51394000",
            "sentiment": 0,
            "surprise": "-0.06",
            "closePrice": "26.26"
        },
        {
            "fiscalDateEnding": "2021-09-30",
            "totalCurrentAssets": "499943000",
            "cashAndShortTermInvestments": "449130000",
            "totalCurrentLiabilities": "107095000",
            "currentDebt": "None",
            "netIncome": "9994000",
            "capitalExpenditures": "1766000",
            "operatingCashflow": "11252000",
            "grossProfit": "38872000",
            "totalRevenue": "67788000",
            "sentiment": 0,
            "surprise": "0.0942",
            "closePrice": "44.35"
        },
        {
            "fiscalDateEnding": "2021-06-30",
            "totalCurrentAssets": "457499000",
            "cashAndShortTermInvestments": "412026000",
            "totalCurrentLiabilities": "77964000",
            "currentDebt": "None",
            "netIncome": "-18146000",
            "capitalExpenditures": "1990000",
            "operatingCashflow": "28345000",
            "grossProfit": "10792000",
            "totalRevenue": "36976000",
            "sentiment": 0,
            "surprise": "-0.02",
            "closePrice": "37.28"
        }
    ]
}