{
    "FN": [
        {
            "fiscalDateEnding": "2023-12-31",
            "totalCurrentAssets": "1806363000",
            "cashAndShortTermInvestments": "740593000",
            "totalCurrentLiabilities": "486777000",
            "currentDebt": "6078000",
            "netIncome": "69110000",
            "capitalExpenditures": "10139000",
            "operatingCashflow": "84165000",
            "grossProfit": "88330000",
            "totalRevenue": "712694000",
            "sentiment": 0.24824606272411176,
            "surprise": "0.05",
            "closePrice": "223.6"
        },
        {
            "fiscalDateEnding": "2023-09-30",
            "totalCurrentAssets": "1691961000",
            "cashAndShortTermInvestments": "670766000",
            "totalCurrentLiabilities": "455433000",
            "currentDebt": "9117000",
            "netIncome": "65089000",
            "capitalExpenditures": "11615000",
            "operatingCashflow": "145049000",
            "grossProfit": "84404000",
            "totalRevenue": "685477000",
            "sentiment": 0.2743978108113402,
            "surprise": "0.14",
            "closePrice": "161.59"
        },
        {
            "fiscalDateEnding": "2023-06-30",
            "totalCurrentAssets": "1652540000",
            "cashAndShortTermInvestments": "550468000",
            "totalCurrentLiabilities": "481885000",
            "currentDebt": "12156000",
            "netIncome": "60786000",
            "capitalExpenditures": "18151000",
            "operatingCashflow": "71088000",
            "grossProfit": "82295000",
            "totalRevenue": "655871000",
            "sentiment": 0.18121286799704187,
            "surprise": "0.06",
            "closePrice": "116.78"
        },
        {
            "fiscalDateEnding": "2023-03-31",
            "totalCurrentAssets": "1704610000",
            "cashAndShortTermInvestments": "538723000",
            "totalCurrentLiabilities": "554989000",
            "currentDebt": "12156000",
            "netIncome": "59355000",
            "capitalExpenditures": "20065000",
            "operatingCashflow": "37122000",
            "grossProfit": "86007000",
            "totalRevenue": "665281000",
            "sentiment": 0.2409692054217895,
            "surprise": "0.07",
            "closePrice": "93.49"
        },
        {
            "fiscalDateEnding": "2022-12-31",
            "totalCurrentAssets": "1647771000",
            "cashAndShortTermInvestments": "527607000",
            "totalCurrentLiabilities": "549595000",
            "currentDebt": "12156000",
            "netIncome": "63157000",
            "capitalExpenditures": "13786000",
            "operatingCashflow": "44466000",
            "grossProfit": "85215000",
            "totalRevenue": "668656000",
            "sentiment": 0.2632081768468495,
            "surprise": "0.03",
            "closePrice": "132.06"
        },
        {
            "fiscalDateEnding": "2022-09-30",
            "totalCurrentAssets": "1551913000",
            "cashAndShortTermInvestments": "499796000",
            "totalCurrentLiabilities": "526355000",
            "currentDebt": "12165000",
            "netIncome": "64615000",
            "capitalExpenditures": "10269000",
            "operatingCashflow": "60634000",
            "grossProfit": "82756000",
            "totalRevenue": "655429000",
            "sentiment": 0.2526482354344066,
            "surprise": "0.23",
            "closePrice": "111.39"
        },
        {
            "fiscalDateEnding": "2022-06-30",
            "totalCurrentAssets": "1525171000",
            "cashAndShortTermInvestments": "478153000",
            "totalCurrentLiabilities": "538487000",
            "currentDebt": "12166000",
            "netIncome": "56189000",
            "capitalExpenditures": "14664000",
            "operatingCashflow": "16349000",
            "grossProfit": "74933000",
            "totalRevenue": "587874000",
            "sentiment": 0.09391062708940981,
            "surprise": "0.14",
            "closePrice": "100.71"
        },
        {
            "fiscalDateEnding": "2022-03-31",
            "totalCurrentAssets": "1470148000",
            "cashAndShortTermInvestments": "514992000",
            "totalCurrentLiabilities": "502659000",
            "currentDebt": "12156000",
            "netIncome": "50661000",
            "capitalExpenditures": "23556000",
            "operatingCashflow": "50329000",
            "grossProfit": "70693000",
            "totalRevenue": "564395000",
            "sentiment": 0.30044454262059295,
            "surprise": "-0.02",
            "closePrice": "99.42"
        },
        {
            "fiscalDateEnding": "2021-12-31",
            "totalCurrentAssets": "1439987000",
            "cashAndShortTermInvestments": "519870000",
            "totalCurrentLiabilities": "500037000",
            "currentDebt": "12156000",
            "netIncome": "48879000",
            "capitalExpenditures": "17426000",
            "operatingCashflow": "20657000",
            "grossProfit": "69371000",
            "totalRevenue": "566633000",
            "sentiment": 0,
            "surprise": "0.04",
            "closePrice": "113.16"
        },
        {
            "fiscalDateEnding": "2021-09-30",
            "totalCurrentAssets": "1388605000",
            "cashAndShortTermInvestments": "528412000",
            "totalCurrentLiabilities": "479219000",
            "currentDebt": "12156000",
            "netIncome": "44651000",
            "capitalExpenditures": "34937000",
            "operatingCashflow": "36911000",
            "grossProfit": "63597000",
            "totalRevenue": "543322000",
            "sentiment": 0,
            "surprise": "0.12",
            "closePrice": "98.28"
        },
        {
            "fiscalDateEnding": "2021-06-30",
            "totalCurrentAssets": "1352507000",
            "cashAndShortTermInvestments": "547932000",
            "totalCurrentLiabilities": "444358000",
            "currentDebt": "12156000",
            "netIncome": "42413000",
            "capitalExpenditures": "13462000",
            "operatingCashflow": "42841000",
            "grossProfit": "61084000",
            "totalRevenue": "509567000",
            "sentiment": 0,
            "surprise": "0.09",
            "closePrice": "89.5"
        },
        {
            "fiscalDateEnding": "2021-03-31",
            "totalCurrentAssets": "1255169000",
            "cashAndShortTermInvestments": "508747000",
            "totalCurrentLiabilities": "366240000",
            "currentDebt": "12156000",
            "netIncome": "37493000",
            "capitalExpenditures": "7058000",
            "operatingCashflow": "38002000",
            "grossProfit": "56778000",
            "totalRevenue": "479317000",
            "sentiment": 0,
            "surprise": "0.07",
            "closePrice": "86.11"
        },
        {
            "fiscalDateEnding": "2020-12-31",
            "totalCurrentAssets": "1251727000",
            "cashAndShortTermInvestments": "481038000",
            "totalCurrentLiabilities": "395035000",
            "currentDebt": "12156000",
            "netIncome": "35384000",
            "capitalExpenditures": "10862000",
            "operatingCashflow": "6808000",
            "grossProfit": "53021000",
            "totalRevenue": "453827000",
            "sentiment": 0,
            "surprise": "0.06",
            "closePrice": "80.78"
        },
        {
            "fiscalDateEnding": "2020-09-30",
            "totalCurrentAssets": "1180421000",
            "cashAndShortTermInvestments": "496439000",
            "totalCurrentLiabilities": "355449000",
            "currentDebt": "12156000",
            "netIncome": "33051000",
            "capitalExpenditures": "13102000",
            "operatingCashflow": "34506000",
            "grossProfit": "50480000",
            "totalRevenue": "436639000",
            "sentiment": 0,
            "surprise": "0.07",
            "closePrice": "61.18"
        },
        {
            "fiscalDateEnding": "2020-06-30",
            "totalCurrentAssets": "1135449000",
            "cashAndShortTermInvestments": "488123000",
            "totalCurrentLiabilities": "334421000",
            "currentDebt": "14156000",
            "netIncome": "28024000",
            "capitalExpenditures": "15228000",
            "operatingCashflow": "46212000",
            "grossProfit": "46624000",
            "totalRevenue": "405113000",
            "sentiment": 0,
            "surprise": "0.09",
            "closePrice": "74.44"
        },
        {
            "fiscalDateEnding": "2020-03-31",
            "totalCurrentAssets": "1092858000",
            "cashAndShortTermInvestments": "457760000",
            "totalCurrentLiabilities": "327451000",
            "currentDebt": "14049000",
            "netIncome": "28267000",
            "capitalExpenditures": "12060000",
            "operatingCashflow": "51838000",
            "grossProfit": "44336000",
            "totalRevenue": "411210000",
            "sentiment": 0,
            "surprise": "-0.02",
            "closePrice": "58.74"
        },
        {
            "fiscalDateEnding": "2019-12-31",
            "totalCurrentAssets": "1070826000",
            "cashAndShortTermInvestments": "442836000",
            "totalCurrentLiabilities": "313380000",
            "currentDebt": "13979000",
            "netIncome": "31231000",
            "capitalExpenditures": "9630000",
            "operatingCashflow": "49963000",
            "grossProfit": "49158000",
            "totalRevenue": "426217000",
            "sentiment": 0,
            "surprise": "0.07",
            "closePrice": "63.71"
        },
        {
            "fiscalDateEnding": "2019-09-30",
            "totalCurrentAssets": "1051163000",
            "cashAndShortTermInvestments": "406801000",
            "totalCurrentLiabilities": "323421000",
            "currentDebt": "13707000",
            "netIncome": "25957000",
            "capitalExpenditures": "6589000",
            "operatingCashflow": "2647000",
            "grossProfit": "45987000",
            "totalRevenue": "399296000",
            "sentiment": 0,
            "surprise": "0.04",
            "closePrice": "60.6"
        },
        {
            "fiscalDateEnding": "2019-06-30",
            "totalCurrentAssets": "1023835000",
            "cashAndShortTermInvestments": "437332000",
            "totalCurrentLiabilities": "313048000",
            "currentDebt": "3648000",
            "netIncome": "32957000",
            "capitalExpenditures": "5442000",
            "operatingCashflow": "41890000",
            "grossProfit": "46626000",
            "totalRevenue": "405127000",
            "sentiment": 0,
            "surprise": "0.06",
            "closePrice": "56.46"
        },
        {
            "fiscalDateEnding": "2019-03-31",
            "totalCurrentAssets": "987510000",
            "cashAndShortTermInvestments": "408891000",
            "totalCurrentLiabilities": "305642000",
            "currentDebt": "3667000",
            "netIncome": "28635000",
            "capitalExpenditures": "3518000",
            "operatingCashflow": "36206000",
            "grossProfit": "46758000",
            "totalRevenue": "398951000",
            "sentiment": 0,
            "surprise": "0.03",
            "closePrice": "60.09"
        },
        {
            "fiscalDateEnding": "2018-12-31",
            "totalCurrentAssets": "950105000",
            "cashAndShortTermInvestments": "382504000",
            "totalCurrentLiabilities": "297550000",
            "currentDebt": "3659000",
            "netIncome": "31513000",
            "capitalExpenditures": "4495000",
            "operatingCashflow": "34705000",
            "grossProfit": "45564000",
            "totalRevenue": "403080000",
            "sentiment": 0,
            "surprise": "0.05",
            "closePrice": "57.0"
        },
        {
            "fiscalDateEnding": "2018-09-30",
            "totalCurrentAssets": "917108000",
            "cashAndShortTermInvestments": "352359000",
            "totalCurrentLiabilities": "305776000",
            "currentDebt": "3684000",
            "netIncome": "27850000",
            "capitalExpenditures": "5488000",
            "operatingCashflow": "34593000",
            "grossProfit": "40276000",
            "totalRevenue": "377177000",
            "sentiment": 0,
            "surprise": "0.11",
            "closePrice": "45.2"
        },
        {
            "fiscalDateEnding": "2018-06-30",
            "totalCurrentAssets": "854310000",
            "cashAndShortTermInvestments": "332371000",
            "totalCurrentLiabilities": "270117000",
            "currentDebt": "3701000",
            "netIncome": "22768000",
            "capitalExpenditures": "5647000",
            "operatingCashflow": "48286000",
            "grossProfit": "38981000",
            "totalRevenue": "345327000",
            "sentiment": 0,
            "surprise": "0.06",
            "closePrice": "44.0"
        },
        {
            "fiscalDateEnding": "2018-03-31",
            "totalCurrentAssets": "815980000",
            "cashAndShortTermInvestments": "311851000",
            "totalCurrentLiabilities": "287159000",
            "currentDebt": "52955000",
            "netIncome": "21053000",
            "capitalExpenditures": "7661000",
            "operatingCashflow": "52681000",
            "grossProfit": "36933000",
            "totalRevenue": "332213000",
            "sentiment": 0,
            "surprise": "0",
            "closePrice": "33.0"
        },
        {
            "fiscalDateEnding": "2017-12-31",
            "totalCurrentAssets": "799331000",
            "cashAndShortTermInvestments": "284234000",
            "totalCurrentLiabilities": "281836000",
            "currentDebt": "52920000",
            "netIncome": "19313000",
            "capitalExpenditures": "10189000",
            "operatingCashflow": "40167000",
            "grossProfit": "37166000",
            "totalRevenue": "337072000",
            "sentiment": 0,
            "surprise": "0.02",
            "closePrice": "24.05"
        },
        {
            "fiscalDateEnding": "2017-09-30",
            "totalCurrentAssets": "809349000",
            "cashAndShortTermInvestments": "263266000",
            "totalCurrentLiabilities": "300014000",
            "currentDebt": "47764000",
            "netIncome": "21033000",
            "capitalExpenditures": "11905000",
            "operatingCashflow": "-3054000",
            "grossProfit": "40332000",
            "totalRevenue": "357313000",
            "sentiment": 0,
            "surprise": "-0.05",
            "closePrice": "31.73"
        },
        {
            "fiscalDateEnding": "2017-06-30",
            "totalCurrentAssets": "798754000",
            "cashAndShortTermInvestments": "285275000",
            "totalCurrentLiabilities": "311272000",
            "currentDebt": "49749000",
            "netIncome": "27401000",
            "capitalExpenditures": "10896000",
            "operatingCashflow": "-33259000",
            "grossProfit": "44760000",
            "totalRevenue": "370454000",
            "sentiment": 0,
            "surprise": "0.03",
            "closePrice": "39.82"
        },
        {
            "fiscalDateEnding": "2017-03-31",
            "totalCurrentAssets": "771578000",
            "cashAndShortTermInvestments": "289242000",
            "totalCurrentLiabilities": "312814000",
            "currentDebt": "50256000",
            "netIncome": "21656000",
            "capitalExpenditures": "14403000",
            "operatingCashflow": "29384000",
            "grossProfit": "44046000",
            "totalRevenue": "366837000",
            "sentiment": 0,
            "surprise": "-0.08",
            "closePrice": "34.01"
        },
        {
            "fiscalDateEnding": "2016-12-31",
            "totalCurrentAssets": "718400000",
            "cashAndShortTermInvestments": "256127000",
            "totalCurrentLiabilities": "283057000",
            "currentDebt": "42026000",
            "netIncome": "25292000",
            "capitalExpenditures": "17463000",
            "operatingCashflow": "33889000",
            "grossProfit": "43046000",
            "totalRevenue": "351156000",
            "sentiment": 0,
            "surprise": "0.12",
            "closePrice": "42.1"
        },
        {
            "fiscalDateEnding": "2016-09-30",
            "totalCurrentAssets": "680451000",
            "cashAndShortTermInvestments": "253562000",
            "totalCurrentLiabilities": "269243000",
            "currentDebt": "38820000",
            "netIncome": "22766000",
            "capitalExpenditures": "27268000",
            "operatingCashflow": "-5205000",
            "grossProfit": "39608000",
            "totalRevenue": "332043000",
            "sentiment": 0,
            "surprise": "0.09",
            "closePrice": "38.78"
        },
        {
            "fiscalDateEnding": "2016-06-30",
            "totalCurrentAssets": "673291000",
            "cashAndShortTermInvestments": "284513000",
            "totalCurrentLiabilities": "255725000",
            "currentDebt": "24600000",
            "netIncome": "19669000",
            "capitalExpenditures": "7176000",
            "operatingCashflow": "-20922000",
            "grossProfit": "33842000",
            "totalRevenue": "276388000",
            "sentiment": 0,
            "surprise": "0",
            "closePrice": "42.3"
        },
        {
            "fiscalDateEnding": "2016-03-31",
            "totalCurrentAssets": "603754000",
            "cashAndShortTermInvestments": "272765000",
            "totalCurrentLiabilities": "228944000",
            "currentDebt": "50000000",
            "netIncome": "20822000",
            "capitalExpenditures": "7202000",
            "operatingCashflow": "23621000",
            "grossProfit": "31177000",
            "totalRevenue": "250888000",
            "sentiment": 0,
            "surprise": "0.03",
            "closePrice": "32.29"
        },
        {
            "fiscalDateEnding": "2015-12-31",
            "totalCurrentAssets": "559020000",
            "cashAndShortTermInvestments": "266558000",
            "totalCurrentLiabilities": "207153000",
            "currentDebt": "54000000",
            "netIncome": "19803000",
            "capitalExpenditures": "18097000",
            "operatingCashflow": "22913000",
            "grossProfit": "28493000",
            "totalRevenue": "233038000",
            "sentiment": 0,
            "surprise": "0.04",
            "closePrice": "25.09"
        },
        {
            "fiscalDateEnding": "2015-09-30",
            "totalCurrentAssets": "536443000",
            "cashAndShortTermInvestments": "247586000",
            "totalCurrentLiabilities": "193102000",
            "currentDebt": "36000000",
            "netIncome": "1603000",
            "capitalExpenditures": "8520000",
            "operatingCashflow": "-2232000",
            "grossProfit": "26011000",
            "totalRevenue": "216433000",
            "sentiment": 0,
            "surprise": "0.03",
            "closePrice": "21.11"
        },
        {
            "fiscalDateEnding": "2015-06-30",
            "totalCurrentAssets": "527039000",
            "cashAndShortTermInvestments": "255844000",
            "totalCurrentLiabilities": "181048000",
            "currentDebt": "36000000",
            "netIncome": "13035000",
            "capitalExpenditures": "8518000",
            "operatingCashflow": "24549000",
            "grossProfit": "24549000",
            "totalRevenue": "206456000",
            "sentiment": 0,
            "surprise": "0.01",
            "closePrice": "18.87"
        },
        {
            "fiscalDateEnding": "2015-03-31",
            "totalCurrentAssets": "506638000",
            "cashAndShortTermInvestments": "254344000",
            "totalCurrentLiabilities": "167557000",
            "currentDebt": "36000000",
            "netIncome": "10845000",
            "capitalExpenditures": "37620000",
            "operatingCashflow": "12854000",
            "grossProfit": "21657000",
            "totalRevenue": "189453000",
            "sentiment": 0,
            "surprise": "0.01",
            "closePrice": "18.68"
        },
        {
            "fiscalDateEnding": "2014-12-31",
            "totalCurrentAssets": "490449000",
            "cashAndShortTermInvestments": "253270000",
            "totalCurrentLiabilities": "136581000",
            "currentDebt": "6000000",
            "netIncome": "8726000",
            "capitalExpenditures": "3884000",
            "operatingCashflow": "10656000",
            "grossProfit": "21061000",
            "totalRevenue": "188353000",
            "sentiment": 0,
            "surprise": "0.02",
            "closePrice": "16.46"
        },
        {
            "fiscalDateEnding": "2014-09-30",
            "totalCurrentAssets": "487045000",
            "cashAndShortTermInvestments": "244683000",
            "totalCurrentLiabilities": "133869000",
            "currentDebt": "6000000",
            "netIncome": "11036000",
            "capitalExpenditures": "1510000",
            "operatingCashflow": "31385000",
            "grossProfit": "20506000",
            "totalRevenue": "189325000",
            "sentiment": 0,
            "surprise": "0.01",
            "closePrice": "18.26"
        },
        {
            "fiscalDateEnding": "2014-06-30",
            "totalCurrentAssets": "464477000",
            "cashAndShortTermInvestments": "233477000",
            "totalCurrentLiabilities": "120629000",
            "currentDebt": "6000000",
            "netIncome": "10333000",
            "capitalExpenditures": "3555000",
            "operatingCashflow": "7946000",
            "grossProfit": "17775000",
            "totalRevenue": "160084000",
            "sentiment": 0,
            "surprise": "-0.01",
            "closePrice": "18.71"
        },
        {
            "fiscalDateEnding": "2014-03-31",
            "totalCurrentAssets": "466223000",
            "cashAndShortTermInvestments": "233664000",
            "totalCurrentLiabilities": "135969000",
            "currentDebt": "9660000",
            "netIncome": "47662000",
            "capitalExpenditures": "3083000",
            "operatingCashflow": "21800000",
            "grossProfit": "17283000",
            "totalRevenue": "167657000",
            "sentiment": 0,
            "surprise": "0",
            "closePrice": "22.06"
        },
        {
            "fiscalDateEnding": "2013-12-31",
            "totalCurrentAssets": "403945000",
            "cashAndShortTermInvestments": "180058000",
            "totalCurrentLiabilities": "119425000",
            "currentDebt": "9668000",
            "netIncome": "14539000",
            "capitalExpenditures": "2945000",
            "operatingCashflow": "18667000",
            "grossProfit": "20530000",
            "totalRevenue": "178562000",
            "sentiment": 0,
            "surprise": "0.04",
            "closePrice": "18.42"
        },
        {
            "fiscalDateEnding": "2013-09-30",
            "totalCurrentAssets": "389385000",
            "cashAndShortTermInvestments": "163860000",
            "totalCurrentLiabilities": "121711000",
            "currentDebt": "9668000",
            "netIncome": "19197000",
            "capitalExpenditures": "1253000",
            "operatingCashflow": "18137000",
            "grossProfit": "18645000",
            "totalRevenue": "171551000",
            "sentiment": 0,
            "surprise": "0.07",
            "closePrice": "17.13"
        },
        {
            "fiscalDateEnding": "2013-06-30",
            "totalCurrentAssets": "363986000",
            "cashAndShortTermInvestments": "149716000",
            "totalCurrentLiabilities": "112948000",
            "currentDebt": "9668000",
            "netIncome": "15142000",
            "capitalExpenditures": "2160000",
            "operatingCashflow": "-2507000",
            "grossProfit": "17071000",
            "totalRevenue": "159934000",
            "sentiment": 0,
            "surprise": "0.06",
            "closePrice": "14.95"
        },
        {
            "fiscalDateEnding": "2013-03-31",
            "totalCurrentAssets": "387071000",
            "cashAndShortTermInvestments": "157479000",
            "totalCurrentLiabilities": "150775000",
            "currentDebt": "9668000",
            "netIncome": "21126000",
            "capitalExpenditures": "2549000",
            "operatingCashflow": "33325000",
            "grossProfit": "16255000",
            "totalRevenue": "155557000",
            "sentiment": 0,
            "surprise": "0.02",
            "closePrice": "13.91"
        },
        {
            "fiscalDateEnding": "2012-12-31",
            "totalCurrentAssets": "369149000",
            "cashAndShortTermInvestments": "128098000",
            "totalCurrentLiabilities": "154310000",
            "currentDebt": "9668000",
            "netIncome": "16682000",
            "capitalExpenditures": "1960000",
            "operatingCashflow": "11983000",
            "grossProfit": "18370000",
            "totalRevenue": "167426000",
            "sentiment": 0,
            "surprise": "0.03",
            "closePrice": "14.53"
        },
        {
            "fiscalDateEnding": "2012-09-30",
            "totalCurrentAssets": "374728000",
            "cashAndShortTermInvestments": "115394000",
            "totalCurrentLiabilities": "175368000",
            "currentDebt": "9668000",
            "netIncome": "16019000",
            "capitalExpenditures": "4126000",
            "operatingCashflow": "5949000",
            "grossProfit": "17722000",
            "totalRevenue": "158625000",
            "sentiment": 0,
            "surprise": "0.05",
            "closePrice": "9.7"
        },
        {
            "fiscalDateEnding": "2012-06-30",
            "totalCurrentAssets": "360671000",
            "cashAndShortTermInvestments": "115507000",
            "totalCurrentLiabilities": "175832000",
            "currentDebt": "9668000",
            "netIncome": "7457000",
            "capitalExpenditures": "9271000",
            "operatingCashflow": "2113000",
            "grossProfit": "15220000",
            "totalRevenue": "142757000",
            "sentiment": 0,
            "surprise": "0.05",
            "closePrice": "13.37"
        },
        {
            "fiscalDateEnding": "2012-03-31",
            "totalCurrentAssets": "353765000",
            "cashAndShortTermInvestments": "125410000",
            "totalCurrentLiabilities": "172241000",
            "currentDebt": "9668000",
            "netIncome": "-46325000",
            "capitalExpenditures": "8053000",
            "operatingCashflow": "9549000",
            "grossProfit": "14881000",
            "totalRevenue": "139019000",
            "sentiment": 0,
            "surprise": "0.05",
            "closePrice": "15.0"
        },
        {
            "fiscalDateEnding": "2011-12-31",
            "totalCurrentAssets": "321610000",
            "cashAndShortTermInvestments": "112078000",
            "totalCurrentLiabilities": "95761000",
            "currentDebt": "6368000",
            "netIncome": "-33254000",
            "capitalExpenditures": "12597000",
            "operatingCashflow": "-19253000",
            "grossProfit": "8929000",
            "totalRevenue": "96609000",
            "sentiment": 0,
            "surprise": "0.5",
            "closePrice": "17.82"
        },
        {
            "fiscalDateEnding": "2011-09-30",
            "totalCurrentAssets": "367583000",
            "cashAndShortTermInvestments": "132349000",
            "totalCurrentLiabilities": "116243000",
            "currentDebt": "4898000",
            "netIncome": "15655000",
            "capitalExpenditures": "8701000",
            "operatingCashflow": "9842000",
            "grossProfit": "22884000",
            "totalRevenue": "186347000",
            "sentiment": 0,
            "surprise": "0.05",
            "closePrice": "13.73"
        }
    ]
}