{
    "FORM": [
        {
            "fiscalDateEnding": "2023-12-31",
            "totalCurrentAssets": "573780000",
            "cashAndShortTermInvestments": "328319000",
            "totalCurrentLiabilities": "131095000",
            "currentDebt": "1075000",
            "netIncome": "75846000",
            "capitalExpenditures": "9933000",
            "operatingCashflow": "9250000",
            "grossProfit": "67934000",
            "totalRevenue": "233993000",
            "sentiment": 0.22138687327432127,
            "surprise": "-0.02",
            "closePrice": "38.12"
        },
        {
            "fiscalDateEnding": "2023-09-30",
            "totalCurrentAssets": "506585000",
            "cashAndShortTermInvestments": "244424000",
            "totalCurrentLiabilities": "129526000",
            "currentDebt": "1067000",
            "netIncome": "4371000",
            "capitalExpenditures": "5917000",
            "operatingCashflow": "20571000",
            "grossProfit": "69285000",
            "totalRevenue": "173237000",
            "sentiment": 0.2533146786693733,
            "surprise": "0.05",
            "closePrice": "33.44"
        },
        {
            "fiscalDateEnding": "2023-06-30",
            "totalCurrentAssets": "478255000",
            "cashAndShortTermInvestments": "236924000",
            "totalCurrentLiabilities": "124103000",
            "currentDebt": "1150000",
            "netIncome": "828000",
            "capitalExpenditures": "20476000",
            "operatingCashflow": "22472000",
            "grossProfit": "60283000",
            "totalRevenue": "157398000",
            "sentiment": 0.2655411014591304,
            "surprise": "0",
            "closePrice": "36.02"
        },
        {
            "fiscalDateEnding": "2023-03-31",
            "totalCurrentAssets": "480921000",
            "cashAndShortTermInvestments": "112360000",
            "totalCurrentLiabilities": "128170000",
            "currentDebt": "None",
            "netIncome": "1342000",
            "capitalExpenditures": "19701000",
            "operatingCashflow": "12309000",
            "grossProfit": "61078000",
            "totalRevenue": "167448000",
            "sentiment": 0.2760125943347872,
            "surprise": "0.03",
            "closePrice": "27.42"
        },
        {
            "fiscalDateEnding": "2022-12-31",
            "totalCurrentAssets": "474552000",
            "cashAndShortTermInvestments": "238136000",
            "totalCurrentLiabilities": "149667000",
            "currentDebt": "1045000",
            "netIncome": "-13727000",
            "capitalExpenditures": "26230000",
            "operatingCashflow": "20738000",
            "grossProfit": "45203000",
            "totalRevenue": "164034000",
            "sentiment": 0.1410750552189484,
            "surprise": "0.02",
            "closePrice": "28.94"
        },
        {
            "fiscalDateEnding": "2022-09-30",
            "totalCurrentAssets": "516314000",
            "cashAndShortTermInvestments": "251593000",
            "totalCurrentLiabilities": "163756000",
            "currentDebt": "2734000",
            "netIncome": "4351000",
            "capitalExpenditures": "8908000",
            "operatingCashflow": "24247000",
            "grossProfit": "62213000",
            "totalRevenue": "180717000",
            "sentiment": 0.24299432245021718,
            "surprise": "0.03",
            "closePrice": "27.14"
        },
        {
            "fiscalDateEnding": "2022-06-30",
            "totalCurrentAssets": "537064000",
            "cashAndShortTermInvestments": "266314000",
            "totalCurrentLiabilities": "159585000",
            "currentDebt": "4725000",
            "netIncome": "30242000",
            "capitalExpenditures": "14510000",
            "operatingCashflow": "42646000",
            "grossProfit": "94369000",
            "totalRevenue": "203788000",
            "sentiment": 0.0269805662486255,
            "surprise": "0.03",
            "closePrice": "40.27"
        },
        {
            "fiscalDateEnding": "2022-03-31",
            "totalCurrentAssets": "556148000",
            "cashAndShortTermInvestments": "296356000",
            "totalCurrentLiabilities": "154657000",
            "currentDebt": "6790000",
            "netIncome": "29872000",
            "capitalExpenditures": "15606000",
            "operatingCashflow": "44155000",
            "grossProfit": "94224000",
            "totalRevenue": "196832000",
            "sentiment": 0.02862682565787262,
            "surprise": "0.1",
            "closePrice": "35.92"
        },
        {
            "fiscalDateEnding": "2021-12-31",
            "totalCurrentAssets": "524039000",
            "cashAndShortTermInvestments": "276065000",
            "totalCurrentLiabilities": "148754000",
            "currentDebt": "8931000",
            "netIncome": "25897000",
            "capitalExpenditures": "15143000",
            "operatingCashflow": "38927000",
            "grossProfit": "89559000",
            "totalRevenue": "204409000",
            "sentiment": 0,
            "surprise": "0.03",
            "closePrice": "42.88"
        },
        {
            "fiscalDateEnding": "2021-09-30",
            "totalCurrentAssets": "506501000",
            "cashAndShortTermInvestments": "264679000",
            "totalCurrentLiabilities": "160000000",
            "currentDebt": "9213000",
            "netIncome": "20497000",
            "capitalExpenditures": "20031000",
            "operatingCashflow": "34282000",
            "grossProfit": "80219000",
            "totalRevenue": "189813000",
            "sentiment": 0,
            "surprise": "0.04",
            "closePrice": "36.7"
        },
        {
            "fiscalDateEnding": "2021-06-30",
            "totalCurrentAssets": "497491000",
            "cashAndShortTermInvestments": "256235000",
            "totalCurrentLiabilities": "153851000",
            "currentDebt": "9356000",
            "netIncome": "17905000",
            "capitalExpenditures": "17852000",
            "operatingCashflow": "33799000",
            "grossProfit": "76283000",
            "totalRevenue": "187960000",
            "sentiment": 0,
            "surprise": "0.04",
            "closePrice": "36.3"
        },
        {
            "fiscalDateEnding": "2021-03-31",
            "totalCurrentAssets": "498105000",
            "cashAndShortTermInvestments": "267709000",
            "totalCurrentLiabilities": "146649000",
            "currentDebt": "9260000",
            "netIncome": "19625000",
            "capitalExpenditures": "13470000",
            "operatingCashflow": "32356000",
            "grossProfit": "76706000",
            "totalRevenue": "186456000",
            "sentiment": 0,
            "surprise": "-0.01",
            "closePrice": "47.97"
        },
        {
            "fiscalDateEnding": "2020-12-31",
            "totalCurrentAssets": "487074000",
            "cashAndShortTermInvestments": "255035000",
            "totalCurrentLiabilities": "154571000",
            "currentDebt": "9516000",
            "netIncome": "19273000",
            "capitalExpenditures": "13978000",
            "operatingCashflow": "45047000",
            "grossProfit": "77614000",
            "totalRevenue": "197378000",
            "sentiment": 0,
            "surprise": "0.05",
            "closePrice": "42.59"
        },
        {
            "fiscalDateEnding": "2020-09-30",
            "totalCurrentAssets": "456194000",
            "cashAndShortTermInvestments": "241468000",
            "totalCurrentLiabilities": "136274000",
            "currentDebt": "9120000",
            "netIncome": "22891000",
            "capitalExpenditures": "5144000",
            "operatingCashflow": "41762000",
            "grossProfit": "76749000",
            "totalRevenue": "177803000",
            "sentiment": 0,
            "surprise": "0.04",
            "closePrice": "27.97"
        },
        {
            "fiscalDateEnding": "2020-06-30",
            "totalCurrentAssets": "455414000",
            "cashAndShortTermInvestments": "261103000",
            "totalCurrentLiabilities": "123236000",
            "currentDebt": "21325000",
            "netIncome": "20469000",
            "capitalExpenditures": "24693000",
            "operatingCashflow": "43108000",
            "grossProfit": "66167000",
            "totalRevenue": "157653000",
            "sentiment": 0,
            "surprise": "0.05",
            "closePrice": "30.85"
        },
        {
            "fiscalDateEnding": "2020-03-31",
            "totalCurrentAssets": "426255000",
            "cashAndShortTermInvestments": "169607000",
            "totalCurrentLiabilities": "117494000",
            "currentDebt": "38350000",
            "netIncome": "15890000",
            "capitalExpenditures": "12050000",
            "operatingCashflow": "39339000",
            "grossProfit": "67390000",
            "totalRevenue": "160497000",
            "sentiment": 0,
            "surprise": "0.12",
            "closePrice": "23.6"
        },
        {
            "fiscalDateEnding": "2019-12-31",
            "totalCurrentAssets": "419043000",
            "cashAndShortTermInvestments": "220872000",
            "totalCurrentLiabilities": "136560000",
            "currentDebt": "49397000",
            "netIncome": "18636000",
            "capitalExpenditures": "6605000",
            "operatingCashflow": "37670000",
            "grossProfit": "74305000",
            "totalRevenue": "178253000",
            "sentiment": 0,
            "surprise": "0.09",
            "closePrice": "26.38"
        },
        {
            "fiscalDateEnding": "2019-09-30",
            "totalCurrentAssets": "389787000",
            "cashAndShortTermInvestments": "122946000",
            "totalCurrentLiabilities": "141907000",
            "currentDebt": "52609000",
            "netIncome": "8279000",
            "capitalExpenditures": "2782000",
            "operatingCashflow": "28002000",
            "grossProfit": "55318000",
            "totalRevenue": "140182000",
            "sentiment": 0,
            "surprise": "0.01",
            "closePrice": "21.43"
        },
        {
            "fiscalDateEnding": "2019-06-30",
            "totalCurrentAssets": "347646000",
            "cashAndShortTermInvestments": "124810000",
            "totalCurrentLiabilities": "102810000",
            "currentDebt": "39860000",
            "netIncome": "6948000",
            "capitalExpenditures": "5432000",
            "operatingCashflow": "34738000",
            "grossProfit": "55352000",
            "totalRevenue": "137496000",
            "sentiment": 0,
            "surprise": "0.02",
            "closePrice": "16.78"
        },
        {
            "fiscalDateEnding": "2019-03-31",
            "totalCurrentAssets": "338385000",
            "cashAndShortTermInvestments": "105759000",
            "totalCurrentLiabilities": "100643000",
            "currentDebt": "33622000",
            "netIncome": "5483000",
            "capitalExpenditures": "6028000",
            "operatingCashflow": "20638000",
            "grossProfit": "52521000",
            "totalRevenue": "131379000",
            "sentiment": 0,
            "surprise": "0.02",
            "closePrice": "18.71"
        },
        {
            "fiscalDateEnding": "2018-12-31",
            "totalCurrentAssets": "337820000",
            "cashAndShortTermInvestments": "149003000",
            "totalCurrentLiabilities": "102518000",
            "currentDebt": "29840000",
            "netIncome": "85100000",
            "capitalExpenditures": "7543000",
            "operatingCashflow": "22562000",
            "grossProfit": "56022000",
            "totalRevenue": "140227000",
            "sentiment": 0,
            "surprise": "0.05",
            "closePrice": "15.28"
        },
        {
            "fiscalDateEnding": "2018-09-30",
            "totalCurrentAssets": "329671000",
            "cashAndShortTermInvestments": "91990000",
            "totalCurrentLiabilities": "105401000",
            "currentDebt": "26061000",
            "netIncome": "7688000",
            "capitalExpenditures": "3781000",
            "operatingCashflow": "16080000",
            "grossProfit": "52970000",
            "totalRevenue": "134212000",
            "sentiment": 0,
            "surprise": "0.03",
            "closePrice": "12.24"
        },
        {
            "fiscalDateEnding": "2018-06-30",
            "totalCurrentAssets": "324323000",
            "cashAndShortTermInvestments": "95624000",
            "totalCurrentLiabilities": "110360000",
            "currentDebt": "33519000",
            "netIncome": "9123000",
            "capitalExpenditures": "4714000",
            "operatingCashflow": "20736000",
            "grossProfit": "56218000",
            "totalRevenue": "134599000",
            "sentiment": 0,
            "surprise": "0.03",
            "closePrice": "13.05"
        },
        {
            "fiscalDateEnding": "2018-03-31",
            "totalCurrentAssets": "311795000",
            "cashAndShortTermInvestments": "142069000",
            "totalCurrentLiabilities": "96630000",
            "currentDebt": "29730000",
            "netIncome": "2125000",
            "capitalExpenditures": "3831000",
            "operatingCashflow": "9322000",
            "grossProfit": "45129000",
            "totalRevenue": "236159000",
            "sentiment": 0,
            "surprise": "0.01",
            "closePrice": "11.9"
        },
        {
            "fiscalDateEnding": "2017-12-31",
            "totalCurrentAssets": "305854000",
            "cashAndShortTermInvestments": "140172000",
            "totalCurrentLiabilities": "92161000",
            "currentDebt": "18443000",
            "netIncome": "5588000",
            "capitalExpenditures": "3838000",
            "operatingCashflow": "26457000",
            "grossProfit": "48629000",
            "totalRevenue": "130856000",
            "sentiment": 0,
            "surprise": "-0.03",
            "closePrice": "13.2"
        },
        {
            "fiscalDateEnding": "2017-09-30",
            "totalCurrentAssets": "306735000",
            "cashAndShortTermInvestments": "134892000",
            "totalCurrentLiabilities": "97189000",
            "currentDebt": "22160000",
            "netIncome": "12563000",
            "capitalExpenditures": "6159000",
            "operatingCashflow": "17585000",
            "grossProfit": "57630000",
            "totalRevenue": "142626000",
            "sentiment": 0,
            "surprise": "0.02",
            "closePrice": "18.2"
        },
        {
            "fiscalDateEnding": "2017-06-30",
            "totalCurrentAssets": "300731000",
            "cashAndShortTermInvestments": "107817000",
            "totalCurrentLiabilities": "104622000",
            "currentDebt": "None",
            "netIncome": "17577000",
            "capitalExpenditures": "4294000",
            "operatingCashflow": "24478000",
            "grossProfit": "61767000",
            "totalRevenue": "143976000",
            "sentiment": 0,
            "surprise": "0.13",
            "closePrice": "12.85"
        },
        {
            "fiscalDateEnding": "2017-03-31",
            "totalCurrentAssets": "274201000",
            "cashAndShortTermInvestments": "114437000",
            "totalCurrentLiabilities": "90849000",
            "currentDebt": "None",
            "netIncome": "5185000",
            "capitalExpenditures": "3465000",
            "operatingCashflow": "17803000",
            "grossProfit": "47571000",
            "totalRevenue": "128829000",
            "sentiment": 0,
            "surprise": "0.04",
            "closePrice": "11.25"
        },
        {
            "fiscalDateEnding": "2016-12-31",
            "totalCurrentAssets": "254709000",
            "cashAndShortTermInvestments": "108905000",
            "totalCurrentLiabilities": "82707000",
            "currentDebt": "138176000",
            "netIncome": "-15443000",
            "capitalExpenditures": "3304000",
            "operatingCashflow": "-15443000",
            "grossProfit": "40275000",
            "totalRevenue": "123888000",
            "sentiment": 0,
            "surprise": "0.08",
            "closePrice": "12.4"
        },
        {
            "fiscalDateEnding": "2016-09-30",
            "totalCurrentAssets": "260077000",
            "cashAndShortTermInvestments": "107413000",
            "totalCurrentLiabilities": "85030000",
            "currentDebt": "8960000",
            "netIncome": "-14198000",
            "capitalExpenditures": "4584000",
            "operatingCashflow": "6078000",
            "grossProfit": "27188000",
            "totalRevenue": "123299000",
            "sentiment": 0,
            "surprise": "0.01",
            "closePrice": "10.54"
        },
        {
            "fiscalDateEnding": "2016-06-30",
            "totalCurrentAssets": "284438000",
            "cashAndShortTermInvestments": "118333000",
            "totalCurrentLiabilities": "118758000",
            "currentDebt": "7077000",
            "netIncome": "36884000",
            "capitalExpenditures": "2522000",
            "operatingCashflow": "3020000",
            "grossProfit": "25427000",
            "totalRevenue": "83083000",
            "sentiment": 0,
            "surprise": "0.02",
            "closePrice": "9.84"
        },
        {
            "fiscalDateEnding": "2016-03-31",
            "totalCurrentAssets": "258336000",
            "cashAndShortTermInvestments": "187183000",
            "totalCurrentLiabilities": "49647000",
            "currentDebt": "None",
            "netIncome": "-13800000",
            "capitalExpenditures": "1111000",
            "operatingCashflow": "-40474000",
            "grossProfit": "9792000",
            "totalRevenue": "53611000",
            "sentiment": 0,
            "surprise": "-0.04",
            "closePrice": "7.48"
        },
        {
            "fiscalDateEnding": "2015-12-31",
            "totalCurrentAssets": "258018000",
            "cashAndShortTermInvestments": "187589000",
            "totalCurrentLiabilities": "43581000",
            "currentDebt": "None",
            "netIncome": "-619000",
            "capitalExpenditures": "1996000",
            "operatingCashflow": "-619000",
            "grossProfit": "21191000",
            "totalRevenue": "71782000",
            "sentiment": 0,
            "surprise": "0.01",
            "closePrice": "6.86"
        },
        {
            "fiscalDateEnding": "2015-09-30",
            "totalCurrentAssets": "256051000",
            "cashAndShortTermInvestments": "183839000",
            "totalCurrentLiabilities": "44032000",
            "currentDebt": "None",
            "netIncome": "-2525000",
            "capitalExpenditures": "2399000",
            "operatingCashflow": "-2525000",
            "grossProfit": "18455000",
            "totalRevenue": "65862000",
            "sentiment": 0,
            "surprise": "0.03",
            "closePrice": "7.74"
        },
        {
            "fiscalDateEnding": "2015-06-30",
            "totalCurrentAssets": "256614000",
            "cashAndShortTermInvestments": "178756000",
            "totalCurrentLiabilities": "47055000",
            "currentDebt": "None",
            "netIncome": "838000",
            "capitalExpenditures": "2802000",
            "operatingCashflow": "838000",
            "grossProfit": "23303000",
            "totalRevenue": "73885000",
            "sentiment": 0,
            "surprise": "0.02",
            "closePrice": "6.4"
        },
        {
            "fiscalDateEnding": "2015-03-31",
            "totalCurrentAssets": "245464000",
            "cashAndShortTermInvestments": "171653000",
            "totalCurrentLiabilities": "39296000",
            "currentDebt": "None",
            "netIncome": "783000",
            "capitalExpenditures": "1443000",
            "operatingCashflow": "13515000",
            "grossProfit": "22789000",
            "totalRevenue": "71021000",
            "sentiment": 0,
            "surprise": "0.02",
            "closePrice": "9.21"
        },
        {
            "fiscalDateEnding": "2014-12-31",
            "totalCurrentAssets": "244274000",
            "cashAndShortTermInvestments": "163837000",
            "totalCurrentLiabilities": "47862000",
            "currentDebt": "None",
            "netIncome": "-1871000",
            "capitalExpenditures": "1131000",
            "operatingCashflow": "-1871000",
            "grossProfit": "20948000",
            "totalRevenue": "71285000",
            "sentiment": 0,
            "surprise": "0.04",
            "closePrice": "7.91"
        },
        {
            "fiscalDateEnding": "2014-09-30",
            "totalCurrentAssets": "239394000",
            "cashAndShortTermInvestments": "154367000",
            "totalCurrentLiabilities": "46460000",
            "currentDebt": "None",
            "netIncome": "-277000",
            "capitalExpenditures": "1545000",
            "operatingCashflow": "-276000",
            "grossProfit": "24142000",
            "totalRevenue": "73933000",
            "sentiment": 0,
            "surprise": "0.05",
            "closePrice": "7.09"
        },
        {
            "fiscalDateEnding": "2014-06-30",
            "totalCurrentAssets": "224152000",
            "cashAndShortTermInvestments": "149041000",
            "totalCurrentLiabilities": "43324000",
            "currentDebt": "None",
            "netIncome": "-4326000",
            "capitalExpenditures": "1356000",
            "operatingCashflow": "-4326000",
            "grossProfit": "20024000",
            "totalRevenue": "67352000",
            "sentiment": 0,
            "surprise": "0.01",
            "closePrice": "7.22"
        },
        {
            "fiscalDateEnding": "2014-03-31",
            "totalCurrentAssets": "213304000",
            "cashAndShortTermInvestments": "143997000",
            "totalCurrentLiabilities": "37799000",
            "currentDebt": "None",
            "netIncome": "-12711000",
            "capitalExpenditures": "1638000",
            "operatingCashflow": "-6876000",
            "grossProfit": "12325000",
            "totalRevenue": "56133000",
            "sentiment": 0,
            "surprise": "0.05",
            "closePrice": "5.75"
        },
        {
            "fiscalDateEnding": "2013-12-31",
            "totalCurrentAssets": "211651000",
            "cashAndShortTermInvestments": "151091000",
            "totalCurrentLiabilities": "37770000",
            "currentDebt": "None",
            "netIncome": "-18789000",
            "capitalExpenditures": "1167000",
            "operatingCashflow": "-18789000",
            "grossProfit": "4258000",
            "totalRevenue": "48546000",
            "sentiment": 0,
            "surprise": "0.02",
            "closePrice": "6.09"
        },
        {
            "fiscalDateEnding": "2013-09-30",
            "totalCurrentAssets": "237869000",
            "cashAndShortTermInvestments": "156338000",
            "totalCurrentLiabilities": "51894000",
            "currentDebt": "None",
            "netIncome": "-10714000",
            "capitalExpenditures": "2292000",
            "operatingCashflow": "-10714000",
            "grossProfit": "12546000",
            "totalRevenue": "67634000",
            "sentiment": 0,
            "surprise": "-0.08",
            "closePrice": "5.31"
        },
        {
            "fiscalDateEnding": "2013-06-30",
            "totalCurrentAssets": "231579000",
            "cashAndShortTermInvestments": "154522000",
            "totalCurrentLiabilities": "45051000",
            "currentDebt": "None",
            "netIncome": "-8407000",
            "capitalExpenditures": "2346000",
            "operatingCashflow": "-8407000",
            "grossProfit": "16405000",
            "totalRevenue": "62256000",
            "sentiment": 0,
            "surprise": "0.03",
            "closePrice": "7.27"
        },
        {
            "fiscalDateEnding": "2013-03-31",
            "totalCurrentAssets": "230804000",
            "cashAndShortTermInvestments": "153564000",
            "totalCurrentLiabilities": "45869000",
            "currentDebt": "None",
            "netIncome": "-19773000",
            "capitalExpenditures": "2725000",
            "operatingCashflow": "-9667000",
            "grossProfit": "9075000",
            "totalRevenue": "52472000",
            "sentiment": 0,
            "surprise": "0.09",
            "closePrice": "4.96"
        },
        {
            "fiscalDateEnding": "2012-12-31",
            "totalCurrentAssets": "239172000",
            "cashAndShortTermInvestments": "165788000",
            "totalCurrentLiabilities": "45047000",
            "currentDebt": "None",
            "netIncome": "603000",
            "capitalExpenditures": "1830000",
            "operatingCashflow": "603000",
            "grossProfit": "-3144000",
            "totalRevenue": "47655422",
            "sentiment": 0,
            "surprise": "0.02",
            "closePrice": "5.1"
        },
        {
            "fiscalDateEnding": "2012-09-30",
            "totalCurrentAssets": "320204000",
            "cashAndShortTermInvestments": "276163000",
            "totalCurrentLiabilities": "34795000",
            "currentDebt": "None",
            "netIncome": "-14478000",
            "capitalExpenditures": "2194000",
            "operatingCashflow": "-14478000",
            "grossProfit": "8152000",
            "totalRevenue": "41262000",
            "sentiment": 0,
            "surprise": "0.1",
            "closePrice": "4.75"
        },
        {
            "fiscalDateEnding": "2012-06-30",
            "totalCurrentAssets": "333913000",
            "cashAndShortTermInvestments": "277724000",
            "totalCurrentLiabilities": "40450000",
            "currentDebt": "None",
            "netIncome": "-4217000",
            "capitalExpenditures": "2124000",
            "operatingCashflow": "-4217000",
            "grossProfit": "16167000",
            "totalRevenue": "54813000",
            "sentiment": 0,
            "surprise": "0.04",
            "closePrice": "5.82"
        },
        {
            "fiscalDateEnding": "2012-03-31",
            "totalCurrentAssets": "331345000",
            "cashAndShortTermInvestments": "280320000",
            "totalCurrentLiabilities": "34907000",
            "currentDebt": "None",
            "netIncome": "-17454000",
            "capitalExpenditures": "1804000",
            "operatingCashflow": "-14960000",
            "grossProfit": "4156000",
            "totalRevenue": "34774000",
            "sentiment": 0,
            "surprise": "0.1",
            "closePrice": "5.69"
        },
        {
            "fiscalDateEnding": "2011-12-31",
            "totalCurrentAssets": "336975000",
            "cashAndShortTermInvestments": "296691000",
            "totalCurrentLiabilities": "28595000",
            "currentDebt": "None",
            "netIncome": "-26975000",
            "capitalExpenditures": "2826000",
            "operatingCashflow": "-26975000",
            "grossProfit": "-4975000",
            "totalRevenue": "30256000",
            "sentiment": 0,
            "surprise": "-0.11",
            "closePrice": "5.26"
        },
        {
            "fiscalDateEnding": "2011-09-30",
            "totalCurrentAssets": "377375000",
            "cashAndShortTermInvestments": "316032000",
            "totalCurrentLiabilities": "38250000",
            "currentDebt": "None",
            "netIncome": "-9904000",
            "capitalExpenditures": "2141000",
            "operatingCashflow": "-9904000",
            "grossProfit": "11974000",
            "totalRevenue": "52115000",
            "sentiment": 0,
            "surprise": "-0.02",
            "closePrice": "6.54"
        },
        {
            "fiscalDateEnding": "2011-06-30",
            "totalCurrentAssets": "383745000",
            "cashAndShortTermInvestments": "130085000",
            "totalCurrentLiabilities": "35990000",
            "currentDebt": "None",
            "netIncome": "-7678000",
            "capitalExpenditures": "1196000",
            "operatingCashflow": "-7245000",
            "grossProfit": "9890000",
            "totalRevenue": "46558000",
            "sentiment": 0,
            "surprise": "0.1",
            "closePrice": "9.63"
        }
    ]
}