{
    "FOUR": [
        {
            "fiscalDateEnding": "2023-12-31",
            "totalCurrentAssets": "1153300000",
            "cashAndShortTermInvestments": "455000000",
            "totalCurrentLiabilities": "704400000",
            "currentDebt": "None",
            "netIncome": "13700000",
            "capitalExpenditures": "17500000",
            "operatingCashflow": "105300000",
            "grossProfit": "17600000",
            "totalRevenue": "697400000",
            "sentiment": 0.16714927759255535,
            "surprise": "-0.06",
            "closePrice": "76.83"
        },
        {
            "fiscalDateEnding": "2023-09-30",
            "totalCurrentAssets": "1038600000",
            "cashAndShortTermInvestments": "692300000",
            "totalCurrentLiabilities": "313000000",
            "currentDebt": "None",
            "netIncome": "32600000",
            "capitalExpenditures": "30900000",
            "operatingCashflow": "111700000",
            "grossProfit": "36200000",
            "totalRevenue": "667400000",
            "sentiment": 0.1508194317467499,
            "surprise": "0.13",
            "closePrice": "54.27"
        },
        {
            "fiscalDateEnding": "2023-06-30",
            "totalCurrentAssets": "973300000",
            "cashAndShortTermInvestments": "649000000",
            "totalCurrentLiabilities": "300400000",
            "currentDebt": "None",
            "netIncome": "25100000",
            "capitalExpenditures": "25600000",
            "operatingCashflow": "91900000",
            "grossProfit": "22800000",
            "totalRevenue": "629000000",
            "sentiment": 0.11579497561090885,
            "surprise": "0.22",
            "closePrice": "65.3"
        },
        {
            "fiscalDateEnding": "2023-03-31",
            "totalCurrentAssets": "1049000000",
            "cashAndShortTermInvestments": "743900000",
            "totalCurrentLiabilities": "283100000",
            "currentDebt": "None",
            "netIncome": "14800000",
            "capitalExpenditures": "19500000",
            "operatingCashflow": "79400000",
            "grossProfit": "6800000",
            "totalRevenue": "544200000",
            "sentiment": 0.09161627012471045,
            "surprise": "0.17",
            "closePrice": "58.81"
        },
        {
            "fiscalDateEnding": "2022-12-31",
            "totalCurrentAssets": "991700000",
            "cashAndShortTermInvestments": "776500000",
            "totalCurrentLiabilities": "268300000",
            "currentDebt": "None",
            "netIncome": "29200000",
            "capitalExpenditures": "16600000",
            "operatingCashflow": "139500000",
            "grossProfit": "-16500000",
            "totalRevenue": "534900000",
            "sentiment": 0.1769575847951909,
            "surprise": "0.08",
            "closePrice": "64.5"
        },
        {
            "fiscalDateEnding": "2022-09-30",
            "totalCurrentAssets": "960700000",
            "cashAndShortTermInvestments": "672700000",
            "totalCurrentLiabilities": "288600000",
            "currentDebt": "None",
            "netIncome": "43100000",
            "capitalExpenditures": "19300000",
            "operatingCashflow": "65100000",
            "grossProfit": "23100000",
            "totalRevenue": "543500000",
            "sentiment": 0.25847312031644926,
            "surprise": "0.01",
            "closePrice": "37.27"
        },
        {
            "fiscalDateEnding": "2022-06-30",
            "totalCurrentAssets": "1283900000",
            "cashAndShortTermInvestments": "1018200000",
            "totalCurrentLiabilities": "275300000",
            "currentDebt": "None",
            "netIncome": "10300000",
            "capitalExpenditures": "15200000",
            "operatingCashflow": "40000000",
            "grossProfit": "105800000",
            "totalRevenue": "498300000",
            "sentiment": -0.011276706036965126,
            "surprise": "0.09",
            "closePrice": "43.15"
        },
        {
            "fiscalDateEnding": "2022-03-31",
            "totalCurrentAssets": "1428100000",
            "cashAndShortTermInvestments": "1189000000",
            "totalCurrentLiabilities": "258800000",
            "currentDebt": "None",
            "netIncome": "-7500000",
            "capitalExpenditures": "13100000",
            "operatingCashflow": "30800000",
            "grossProfit": "84600000",
            "totalRevenue": "398300000",
            "sentiment": 0.11178786471029747,
            "surprise": "0.07",
            "closePrice": "45.45"
        },
        {
            "fiscalDateEnding": "2021-12-31",
            "totalCurrentAssets": "1453600000",
            "cashAndShortTermInvestments": "1231500000",
            "totalCurrentLiabilities": "183800000",
            "currentDebt": "None",
            "netIncome": "-9400000",
            "capitalExpenditures": "11300000",
            "operatingCashflow": "-3300000",
            "grossProfit": "84100000",
            "totalRevenue": "408400000",
            "sentiment": 0,
            "surprise": "-0.1",
            "closePrice": "46.61"
        },
        {
            "fiscalDateEnding": "2021-09-30",
            "totalCurrentAssets": "1487700000",
            "cashAndShortTermInvestments": "1288100000",
            "totalCurrentLiabilities": "180000000",
            "currentDebt": "None",
            "netIncome": "-9200000",
            "capitalExpenditures": "18800000",
            "operatingCashflow": "1300000",
            "grossProfit": "64400000",
            "totalRevenue": "370400000",
            "sentiment": 0,
            "surprise": "0.01",
            "closePrice": "68.19"
        },
        {
            "fiscalDateEnding": "2021-06-30",
            "totalCurrentAssets": "893300000",
            "cashAndShortTermInvestments": "699700000",
            "totalCurrentLiabilities": "164600000",
            "currentDebt": "None",
            "netIncome": "3200000",
            "capitalExpenditures": "12600000",
            "operatingCashflow": "6700000",
            "grossProfit": "78100000",
            "totalRevenue": "344700000",
            "sentiment": 0,
            "surprise": "0.08",
            "closePrice": "87.16"
        },
        {
            "fiscalDateEnding": "2021-03-31",
            "totalCurrentAssets": "986200000",
            "cashAndShortTermInvestments": "844900000",
            "totalCurrentLiabilities": "139000000",
            "currentDebt": "None",
            "netIncome": "-32800000",
            "capitalExpenditures": "11800000",
            "operatingCashflow": "-1700000",
            "grossProfit": "51800000",
            "totalRevenue": "232600000",
            "sentiment": 0,
            "surprise": "-0.14",
            "closePrice": "84.15"
        },
        {
            "fiscalDateEnding": "2020-12-31",
            "totalCurrentAssets": "1033500000",
            "cashAndShortTermInvestments": "927800000",
            "totalCurrentLiabilities": "99400000",
            "currentDebt": "900000",
            "netIncome": "-12400000",
            "capitalExpenditures": "11500000",
            "operatingCashflow": "-13000000",
            "grossProfit": "51300000",
            "totalRevenue": "193300000",
            "sentiment": 0,
            "surprise": "-0.11",
            "closePrice": "77.64"
        },
        {
            "fiscalDateEnding": "2020-09-30",
            "totalCurrentAssets": "433700000",
            "cashAndShortTermInvestments": "328900000",
            "totalCurrentLiabilities": "113100000",
            "currentDebt": "1800000",
            "netIncome": "-5000000",
            "capitalExpenditures": "7000000",
            "operatingCashflow": "10300000",
            "grossProfit": "51500000",
            "totalRevenue": "207700000",
            "sentiment": 0,
            "surprise": "-0.01",
            "closePrice": "54.5"
        },
        {
            "fiscalDateEnding": "2020-06-30",
            "totalCurrentAssets": "332000000",
            "cashAndShortTermInvestments": "244000000",
            "totalCurrentLiabilities": "100000000",
            "currentDebt": "2600000",
            "netIncome": "-1000000",
            "capitalExpenditures": "2900000",
            "operatingCashflow": "-3000000",
            "grossProfit": "31600000",
            "totalRevenue": "123000000",
            "sentiment": 0,
            "surprise": "0.35",
            "closePrice": "47.06"
        }
    ]
}