{
    "FROG": [
        {
            "fiscalDateEnding": "2023-12-31",
            "totalCurrentAssets": "645801000",
            "cashAndShortTermInvestments": "545010000",
            "totalCurrentLiabilities": "262175000",
            "currentDebt": "None",
            "netIncome": "-11233000",
            "capitalExpenditures": "618000",
            "operatingCashflow": "32593000",
            "grossProfit": "76837000",
            "totalRevenue": "97260000",
            "sentiment": 0.20270481242809532,
            "surprise": "0.07",
            "closePrice": "37.09"
        },
        {
            "fiscalDateEnding": "2023-09-30",
            "totalCurrentAssets": "587235000",
            "cashAndShortTermInvestments": "502178000",
            "totalCurrentLiabilities": "234404000",
            "currentDebt": "None",
            "netIncome": "-13747000",
            "capitalExpenditures": "591000",
            "operatingCashflow": "25981000",
            "grossProfit": "68886000",
            "totalRevenue": "88636000",
            "sentiment": 0.1953296148104366,
            "surprise": "0.07",
            "closePrice": "22.53"
        },
        {
            "fiscalDateEnding": "2023-06-30",
            "totalCurrentAssets": "558310000",
            "cashAndShortTermInvestments": "469794000",
            "totalCurrentLiabilities": "224060000",
            "currentDebt": "None",
            "netIncome": "-15467000",
            "capitalExpenditures": "507000",
            "operatingCashflow": "16710000",
            "grossProfit": "65721000",
            "totalRevenue": "84170000",
            "sentiment": 0.1755289034318727,
            "surprise": "0.06",
            "closePrice": "28.37"
        },
        {
            "fiscalDateEnding": "2023-03-31",
            "totalCurrentAssets": "539860000",
            "cashAndShortTermInvestments": "447164000",
            "totalCurrentLiabilities": "213662000",
            "currentDebt": "None",
            "netIncome": "-20809000",
            "capitalExpenditures": "266000",
            "operatingCashflow": "-1129000",
            "grossProfit": "61399000",
            "totalRevenue": "79820000",
            "sentiment": -0.013435479674333653,
            "surprise": "0.03",
            "closePrice": "17.7"
        },
        {
            "fiscalDateEnding": "2022-12-31",
            "totalCurrentAssets": "532022000",
            "cashAndShortTermInvestments": "443200000",
            "totalCurrentLiabilities": "209572000",
            "currentDebt": "None",
            "netIncome": "-23155000",
            "capitalExpenditures": "891000",
            "operatingCashflow": "7314000",
            "grossProfit": "59264000",
            "totalRevenue": "76546000",
            "sentiment": 0.18953374235843545,
            "surprise": "0.02",
            "closePrice": "24.0"
        },
        {
            "fiscalDateEnding": "2022-09-30",
            "totalCurrentAssets": "509049000",
            "cashAndShortTermInvestments": "434002000",
            "totalCurrentLiabilities": "192215000",
            "currentDebt": "None",
            "netIncome": "-23552000",
            "capitalExpenditures": "1606000",
            "operatingCashflow": "5128000",
            "grossProfit": "56093000",
            "totalRevenue": "71991000",
            "sentiment": 0.28695902471514606,
            "surprise": "0.01",
            "closePrice": "22.99"
        },
        {
            "fiscalDateEnding": "2022-06-30",
            "totalCurrentAssets": "510188000",
            "cashAndShortTermInvestments": "430151000",
            "totalCurrentLiabilities": "193729000",
            "currentDebt": "None",
            "netIncome": "-23773000",
            "capitalExpenditures": "988000",
            "operatingCashflow": "3952000",
            "grossProfit": "52563000",
            "totalRevenue": "67807000",
            "sentiment": 0.03909442790535783,
            "surprise": "0.01",
            "closePrice": "24.27"
        },
        {
            "fiscalDateEnding": "2022-03-31",
            "totalCurrentAssets": "507351000",
            "cashAndShortTermInvestments": "427650000",
            "totalCurrentLiabilities": "182757000",
            "currentDebt": "None",
            "netIncome": "-19704000",
            "capitalExpenditures": "1143000",
            "operatingCashflow": "5031000",
            "grossProfit": "49833000",
            "totalRevenue": "63696000",
            "sentiment": 0.013861232454286745,
            "surprise": "-0.1913",
            "closePrice": "18.4"
        },
        {
            "fiscalDateEnding": "2021-12-31",
            "totalCurrentAssets": "499022000",
            "cashAndShortTermInvestments": "421128000",
            "totalCurrentLiabilities": "175264000",
            "currentDebt": "None",
            "netIncome": "-22695000",
            "capitalExpenditures": "1038000",
            "operatingCashflow": "17661000",
            "grossProfit": "46372000",
            "totalRevenue": "59236000",
            "sentiment": 0,
            "surprise": "-0.0134",
            "closePrice": "26.86"
        },
        {
            "fiscalDateEnding": "2021-09-30",
            "totalCurrentAssets": "469750000",
            "cashAndShortTermInvestments": "402383000",
            "totalCurrentLiabilities": "147165000",
            "currentDebt": "None",
            "netIncome": "-20464000",
            "capitalExpenditures": "916000",
            "operatingCashflow": "-17743000",
            "grossProfit": "42242000",
            "totalRevenue": "53703000",
            "sentiment": 0,
            "surprise": "0.04",
            "closePrice": "35.45"
        },
        {
            "fiscalDateEnding": "2021-06-30",
            "totalCurrentAssets": "668535000",
            "cashAndShortTermInvestments": "615225000",
            "totalCurrentLiabilities": "134561000",
            "currentDebt": "None",
            "netIncome": "-13149000",
            "capitalExpenditures": "1739000",
            "operatingCashflow": "19173000",
            "grossProfit": "39586000",
            "totalRevenue": "48657000",
            "sentiment": 0,
            "surprise": "0",
            "closePrice": "45.97"
        },
        {
            "fiscalDateEnding": "2021-03-31",
            "totalCurrentAssets": "675161000",
            "cashAndShortTermInvestments": "605653000",
            "totalCurrentLiabilities": "140042000",
            "currentDebt": "None",
            "netIncome": "-7895000",
            "capitalExpenditures": "1135000",
            "operatingCashflow": "8811000",
            "grossProfit": "36660000",
            "totalRevenue": "45087000",
            "sentiment": 0,
            "surprise": "0.01",
            "closePrice": "42.05"
        },
        {
            "fiscalDateEnding": "2020-12-31",
            "totalCurrentAssets": "652561000",
            "cashAndShortTermInvestments": "598056000",
            "totalCurrentLiabilities": "122700000",
            "currentDebt": "None",
            "netIncome": "-3714000",
            "capitalExpenditures": "911000",
            "operatingCashflow": "12816000",
            "grossProfit": "34592000",
            "totalRevenue": "42689000",
            "sentiment": 0,
            "surprise": "0",
            "closePrice": "65.93"
        },
        {
            "fiscalDateEnding": "2020-09-30",
            "totalCurrentAssets": "617692000",
            "cashAndShortTermInvestments": "578036000",
            "totalCurrentLiabilities": "99117000",
            "currentDebt": "None",
            "netIncome": "-5265000",
            "capitalExpenditures": "1105000",
            "operatingCashflow": "10778000",
            "grossProfit": "31625000",
            "totalRevenue": "38886000",
            "sentiment": 0,
            "surprise": "0.055",
            "closePrice": "71.86"
        }
    ]
}