{
    "FRSH": [
        {
            "fiscalDateEnding": "2023-12-31",
            "totalCurrentAssets": "1355546000",
            "cashAndShortTermInvestments": "1187627000",
            "totalCurrentLiabilities": "327214000",
            "currentDebt": "None",
            "netIncome": "-28081000",
            "capitalExpenditures": "2275000",
            "operatingCashflow": "30866000",
            "grossProfit": "133102000",
            "totalRevenue": "160111000",
            "sentiment": 0.394301,
            "surprise": "0.03",
            "closePrice": "21.82"
        },
        {
            "fiscalDateEnding": "2023-09-30",
            "totalCurrentAssets": "1319501000",
            "cashAndShortTermInvestments": "1164721000",
            "totalCurrentLiabilities": "305721000",
            "currentDebt": "None",
            "netIncome": "-31033000",
            "capitalExpenditures": "1842000",
            "operatingCashflow": "23913000",
            "grossProfit": "127287000",
            "totalRevenue": "153550000",
            "sentiment": 0,
            "surprise": "0.03",
            "closePrice": "17.94"
        },
        {
            "fiscalDateEnding": "2023-06-30",
            "totalCurrentAssets": "1303296000",
            "cashAndShortTermInvestments": "1160866000",
            "totalCurrentLiabilities": "291556000",
            "currentDebt": "None",
            "netIncome": "-35658000",
            "capitalExpenditures": "1815000",
            "operatingCashflow": "19895000",
            "grossProfit": "120218000",
            "totalRevenue": "145079000",
            "sentiment": 0,
            "surprise": "0.05",
            "closePrice": "18.24"
        },
        {
            "fiscalDateEnding": "2023-03-31",
            "totalCurrentAssets": "1290664000",
            "cashAndShortTermInvestments": "1150609000",
            "totalCurrentLiabilities": "285469000",
            "currentDebt": "None",
            "netIncome": "-42664000",
            "capitalExpenditures": "2408000",
            "operatingCashflow": "11504000",
            "grossProfit": "112456000",
            "totalRevenue": "137692000",
            "sentiment": 0,
            "surprise": "0.05",
            "closePrice": "12.85"
        },
        {
            "fiscalDateEnding": "2022-12-31",
            "totalCurrentAssets": "1277010000",
            "cashAndShortTermInvestments": "1147488000",
            "totalCurrentLiabilities": "271692000",
            "currentDebt": "None",
            "netIncome": "-55477000",
            "capitalExpenditures": "3129000",
            "operatingCashflow": "7167000",
            "grossProfit": "108014000",
            "totalRevenue": "133170000",
            "sentiment": 0,
            "surprise": "0.05",
            "closePrice": "16.39"
        },
        {
            "fiscalDateEnding": "2022-09-30",
            "totalCurrentAssets": "1269079000",
            "cashAndShortTermInvestments": "1151531000",
            "totalCurrentLiabilities": "252354000",
            "currentDebt": "None",
            "netIncome": "-57843000",
            "capitalExpenditures": "3013000",
            "operatingCashflow": "-4223000",
            "grossProfit": "104581000",
            "totalRevenue": "128760000",
            "sentiment": 0.44582619816360236,
            "surprise": "0.04",
            "closePrice": "13.16"
        },
        {
            "fiscalDateEnding": "2022-06-30",
            "totalCurrentAssets": "1284585000",
            "cashAndShortTermInvestments": "1174122000",
            "totalCurrentLiabilities": "248334000",
            "currentDebt": "None",
            "netIncome": "-69753000",
            "capitalExpenditures": "3362000",
            "operatingCashflow": "-6824000",
            "grossProfit": "97390000",
            "totalRevenue": "121432000",
            "sentiment": 0,
            "surprise": "0.01",
            "closePrice": "13.95"
        },
        {
            "fiscalDateEnding": "2022-03-31",
            "totalCurrentAssets": "1299690000",
            "cashAndShortTermInvestments": "1197798000",
            "totalCurrentLiabilities": "231695000",
            "currentDebt": "None",
            "netIncome": "-49059000",
            "capitalExpenditures": "2741000",
            "operatingCashflow": "1355000",
            "grossProfit": "92242000",
            "totalRevenue": "114637000",
            "sentiment": 0,
            "surprise": "0.04",
            "closePrice": "16.96"
        },
        {
            "fiscalDateEnding": "2021-12-31",
            "totalCurrentAssets": "1421376000",
            "cashAndShortTermInvestments": "1323540000",
            "totalCurrentLiabilities": "223346000",
            "currentDebt": "None",
            "netIncome": "-74736000",
            "capitalExpenditures": "2011000",
            "operatingCashflow": "4844000",
            "grossProfit": "85082000",
            "totalRevenue": "105480000",
            "sentiment": 0,
            "surprise": "0",
            "closePrice": "22.46"
        },
        {
            "fiscalDateEnding": "2021-09-30",
            "totalCurrentAssets": "1421805000",
            "cashAndShortTermInvestments": "1326550000",
            "totalCurrentLiabilities": "201354000",
            "currentDebt": "None",
            "netIncome": "-107415000",
            "capitalExpenditures": "2143000",
            "operatingCashflow": "-2046000",
            "grossProfit": "74378000",
            "totalRevenue": "96614000",
            "sentiment": 0,
            "surprise": "0.06",
            "closePrice": "50.07"
        }
    ]
}