{
    "FSLR": [
        {
            "fiscalDateEnding": "2023-12-31",
            "totalCurrentAssets": "4634809000",
            "cashAndShortTermInvestments": "2102489000",
            "totalCurrentLiabilities": "1306158000",
            "currentDebt": "96238000",
            "netIncome": "349239000",
            "capitalExpenditures": "346912000",
            "operatingCashflow": "561109000",
            "grossProfit": "502033000",
            "totalRevenue": "1158553000",
            "sentiment": 0.1460277709333883,
            "surprise": "0.12",
            "closePrice": "144.99"
        },
        {
            "fiscalDateEnding": "2023-09-30",
            "totalCurrentAssets": "3824002000",
            "cashAndShortTermInvestments": "1822474000",
            "totalCurrentLiabilities": "1199105000",
            "currentDebt": "35409000",
            "netIncome": "268398000",
            "capitalExpenditures": "286207000",
            "operatingCashflow": "165427000",
            "grossProfit": "376175000",
            "totalRevenue": "801090000",
            "sentiment": 0.2540521295137701,
            "surprise": "0.44",
            "closePrice": "142.45"
        },
        {
            "fiscalDateEnding": "2023-06-30",
            "totalCurrentAssets": "3660730000",
            "cashAndShortTermInvestments": "1883957000",
            "totalCurrentLiabilities": "1090614000",
            "currentDebt": "None",
            "netIncome": "170579000",
            "capitalExpenditures": "382695000",
            "operatingCashflow": "-89678000",
            "grossProfit": "310420000",
            "totalRevenue": "810673000",
            "sentiment": 0.1963978080317047,
            "surprise": "0.63",
            "closePrice": "198.8"
        },
        {
            "fiscalDateEnding": "2023-03-31",
            "totalCurrentAssets": "3619864000",
            "cashAndShortTermInvestments": "2271241000",
            "totalCurrentLiabilities": "1174173000",
            "currentDebt": "None",
            "netIncome": "42561000",
            "capitalExpenditures": "370961000",
            "operatingCashflow": "-34598000",
            "grossProfit": "112051000",
            "totalRevenue": "548286000",
            "sentiment": 0.25790641365493394,
            "surprise": "-0.62",
            "closePrice": "200.83"
        },
        {
            "fiscalDateEnding": "2022-12-31",
            "totalCurrentAssets": "3791421000",
            "cashAndShortTermInvestments": "2577981000",
            "totalCurrentLiabilities": "1038048000",
            "currentDebt": "0",
            "netIncome": "-7548000",
            "capitalExpenditures": "326901000",
            "operatingCashflow": "795215000",
            "grossProfit": "60613000",
            "totalRevenue": "1002391000",
            "sentiment": 0.19776318831274925,
            "surprise": "0.09",
            "closePrice": "169.14"
        },
        {
            "fiscalDateEnding": "2022-09-30",
            "totalCurrentAssets": "3338750000",
            "cashAndShortTermInvestments": "1927195000",
            "totalCurrentLiabilities": "816268000",
            "currentDebt": "5435000",
            "netIncome": "-49168000",
            "capitalExpenditures": "223256000",
            "operatingCashflow": "128975000",
            "grossProfit": "20982000",
            "totalRevenue": "628933000",
            "sentiment": 0.23299530165949706,
            "surprise": "-0.19",
            "closePrice": "131.18"
        },
        {
            "fiscalDateEnding": "2022-06-30",
            "totalCurrentAssets": "3383417000",
            "cashAndShortTermInvestments": "1845161000",
            "totalCurrentLiabilities": "803554000",
            "currentDebt": "5150000",
            "netIncome": "55805000",
            "capitalExpenditures": "198687000",
            "operatingCashflow": "88018000",
            "grossProfit": "-23200000",
            "totalRevenue": "620955000",
            "sentiment": -0.003077561725030861,
            "surprise": "-0.31",
            "closePrice": "88.5"
        },
        {
            "fiscalDateEnding": "2022-03-31",
            "totalCurrentAssets": "2994993000",
            "cashAndShortTermInvestments": "1549454000",
            "totalCurrentLiabilities": "734990000",
            "currentDebt": "4701000",
            "netIncome": "-43255000",
            "capitalExpenditures": "154761000",
            "operatingCashflow": "-138839000",
            "grossProfit": "11463000",
            "totalRevenue": "367040000",
            "sentiment": -0.07214286660667231,
            "surprise": "0.01",
            "closePrice": "72.26"
        },
        {
            "fiscalDateEnding": "2021-12-31",
            "totalCurrentAssets": "3191243000",
            "cashAndShortTermInvestments": "1826043000",
            "totalCurrentLiabilities": "726878000",
            "currentDebt": "3896000",
            "netIncome": "131370000",
            "capitalExpenditures": "194892000",
            "operatingCashflow": "34467000",
            "grossProfit": "246489000",
            "totalRevenue": "907319000",
            "sentiment": 0,
            "surprise": "0.17",
            "closePrice": "75.62"
        },
        {
            "fiscalDateEnding": "2021-09-30",
            "totalCurrentAssets": "3046325000",
            "cashAndShortTermInvestments": "1922065000",
            "totalCurrentLiabilities": "715236000",
            "currentDebt": "37129000",
            "netIncome": "45203000",
            "capitalExpenditures": "164617000",
            "operatingCashflow": "305321000",
            "grossProfit": "124580000",
            "totalRevenue": "583504000",
            "sentiment": 0,
            "surprise": "-0.17",
            "closePrice": "116.66"
        },
        {
            "fiscalDateEnding": "2021-06-30",
            "totalCurrentAssets": "3155476000",
            "cashAndShortTermInvestments": "1765393000",
            "totalCurrentLiabilities": "660923000",
            "currentDebt": "3239000",
            "netIncome": "82449000",
            "capitalExpenditures": "90627000",
            "operatingCashflow": "177249000",
            "grossProfit": "174118000",
            "totalRevenue": "629180000",
            "sentiment": 0,
            "surprise": "0.23",
            "closePrice": "83.74"
        },
        {
            "fiscalDateEnding": "2021-03-31",
            "totalCurrentAssets": "3136890000",
            "cashAndShortTermInvestments": "1535614000",
            "totalCurrentLiabilities": "669341000",
            "currentDebt": "2453000",
            "netIncome": "209671000",
            "capitalExpenditures": "90155000",
            "operatingCashflow": "-279478000",
            "grossProfit": "184767000",
            "totalRevenue": "803374000",
            "sentiment": 0,
            "surprise": "-0.18",
            "closePrice": "87.29"
        },
        {
            "fiscalDateEnding": "2020-12-31",
            "totalCurrentAssets": "3014535000",
            "cashAndShortTermInvestments": "1747068000",
            "totalCurrentLiabilities": "847398000",
            "currentDebt": "41540000",
            "netIncome": "115703000",
            "capitalExpenditures": "89351000",
            "operatingCashflow": "186318000",
            "grossProfit": "159860000",
            "totalRevenue": "609232000",
            "sentiment": 0,
            "surprise": "-0.16",
            "closePrice": "81.4"
        },
        {
            "fiscalDateEnding": "2020-09-30",
            "totalCurrentAssets": "2800493000",
            "cashAndShortTermInvestments": "1630873000",
            "totalCurrentLiabilities": "731091000",
            "currentDebt": "40412000",
            "netIncome": "155037000",
            "capitalExpenditures": "106332000",
            "operatingCashflow": "207897000",
            "grossProfit": "293015000",
            "totalRevenue": "927565000",
            "sentiment": 0,
            "surprise": "0.84",
            "closePrice": "82.39"
        },
        {
            "fiscalDateEnding": "2020-06-30",
            "totalCurrentAssets": "2731176000",
            "cashAndShortTermInvestments": "1546780000",
            "totalCurrentLiabilities": "747036000",
            "currentDebt": "77029000",
            "netIncome": "36911000",
            "capitalExpenditures": "108406000",
            "operatingCashflow": "147769000",
            "grossProfit": "137460000",
            "totalRevenue": "642411000",
            "sentiment": 0,
            "surprise": "0.16",
            "closePrice": "64.46"
        },
        {
            "fiscalDateEnding": "2020-03-31",
            "totalCurrentAssets": "2747843000",
            "cashAndShortTermInvestments": "1508695000",
            "totalCurrentLiabilities": "732435000",
            "currentDebt": "81807000",
            "netIncome": "90704000",
            "capitalExpenditures": "112546000",
            "operatingCashflow": "-504864000",
            "grossProfit": "90338000",
            "totalRevenue": "532124000",
            "sentiment": 0,
            "surprise": "0.58",
            "closePrice": "44.66"
        },
        {
            "fiscalDateEnding": "2019-12-31",
            "totalCurrentAssets": "3599834000",
            "cashAndShortTermInvestments": "2164247000",
            "totalCurrentLiabilities": "1318208000",
            "currentDebt": "17510000",
            "netIncome": "-59408000",
            "capitalExpenditures": "158146000",
            "operatingCashflow": "781693000",
            "grossProfit": "333555000",
            "totalRevenue": "1399377000",
            "sentiment": 0,
            "surprise": "-0.7",
            "closePrice": "59.32"
        },
        {
            "fiscalDateEnding": "2019-09-30",
            "totalCurrentAssets": "3043490000",
            "cashAndShortTermInvestments": "1540551000",
            "totalCurrentLiabilities": "760806000",
            "currentDebt": "28240000",
            "netIncome": "30622000",
            "capitalExpenditures": "182735000",
            "operatingCashflow": "-317622000",
            "grossProfit": "138363000",
            "totalRevenue": "546806000",
            "sentiment": 0,
            "surprise": "-0.86",
            "closePrice": "55.89"
        },
        {
            "fiscalDateEnding": "2019-06-30",
            "totalCurrentAssets": "3412246000",
            "cashAndShortTermInvestments": "2029129000",
            "totalCurrentLiabilities": "843319000",
            "currentDebt": "28312000",
            "netIncome": "-18548000",
            "capitalExpenditures": "178668000",
            "operatingCashflow": "13570000",
            "grossProfit": "77182000",
            "totalRevenue": "584956000",
            "sentiment": 0,
            "surprise": "-0.21",
            "closePrice": "66.83"
        },
        {
            "fiscalDateEnding": "2019-03-31",
            "totalCurrentAssets": "3662826000",
            "cashAndShortTermInvestments": "2117214000",
            "totalCurrentLiabilities": "836516000",
            "currentDebt": "12361000",
            "netIncome": "-67599000",
            "capitalExpenditures": "149168000",
            "operatingCashflow": "-303440000",
            "grossProfit": "112000",
            "totalRevenue": "531978000",
            "sentiment": 0,
            "surprise": "-0.5",
            "closePrice": "59.86"
        },
        {
            "fiscalDateEnding": "2018-12-31",
            "totalCurrentAssets": "3859523000",
            "cashAndShortTermInvestments": "2547266000",
            "totalCurrentLiabilities": "845457000",
            "currentDebt": "5570000",
            "netIncome": "52116000",
            "capitalExpenditures": "129218000",
            "operatingCashflow": "-185499000",
            "grossProfit": "98310000",
            "totalRevenue": "691241000",
            "sentiment": 0,
            "surprise": "-0.15",
            "closePrice": "51.95"
        },
        {
            "fiscalDateEnding": "2018-09-30",
            "totalCurrentAssets": "3886089000",
            "cashAndShortTermInvestments": "2729932000",
            "totalCurrentLiabilities": "868184000",
            "currentDebt": "2618000",
            "netIncome": "57750000",
            "capitalExpenditures": "237997000",
            "operatingCashflow": "-225166000",
            "grossProfit": "129127000",
            "totalRevenue": "676220000",
            "sentiment": 0,
            "surprise": "0.13",
            "closePrice": "43.52"
        },
        {
            "fiscalDateEnding": "2018-06-30",
            "totalCurrentAssets": "3986040000",
            "cashAndShortTermInvestments": "3134912000",
            "totalCurrentLiabilities": "815412000",
            "currentDebt": "7741000",
            "netIncome": "-48491000",
            "capitalExpenditures": "194898000",
            "operatingCashflow": "129142000",
            "grossProfit": "-8058000",
            "totalRevenue": "309318000",
            "sentiment": 0,
            "surprise": "-0.48",
            "closePrice": "53.67"
        },
        {
            "fiscalDateEnding": "2018-03-31",
            "totalCurrentAssets": "3770299000",
            "cashAndShortTermInvestments": "2878474000",
            "totalCurrentLiabilities": "553738000",
            "currentDebt": "6062000",
            "netIncome": "82951000",
            "capitalExpenditures": "177725000",
            "operatingCashflow": "-45286000",
            "grossProfit": "172798000",
            "totalRevenue": "567265000",
            "sentiment": 0,
            "surprise": "0.86",
            "closePrice": "75.08"
        },
        {
            "fiscalDateEnding": "2017-12-31",
            "totalCurrentAssets": "3832772000",
            "cashAndShortTermInvestments": "2988913000",
            "totalCurrentLiabilities": "650276000",
            "currentDebt": "13075000",
            "netIncome": "-432454000",
            "capitalExpenditures": "199228000",
            "operatingCashflow": "433958000",
            "grossProfit": "62070000",
            "totalRevenue": "339181000",
            "sentiment": 0,
            "surprise": "0.06",
            "closePrice": "66.28"
        },
        {
            "fiscalDateEnding": "2017-09-30",
            "totalCurrentAssets": "3966494000",
            "cashAndShortTermInvestments": "2718617000",
            "totalCurrentLiabilities": "579017000",
            "currentDebt": "13451000",
            "netIncome": "205747000",
            "capitalExpenditures": "97627000",
            "operatingCashflow": "581379000",
            "grossProfit": "291800000",
            "totalRevenue": "1087026000",
            "sentiment": 0,
            "surprise": "1.11",
            "closePrice": "47.92"
        },
        {
            "fiscalDateEnding": "2017-06-30",
            "totalCurrentAssets": "3436912000",
            "cashAndShortTermInvestments": "2229085000",
            "totalCurrentLiabilities": "503848000",
            "currentDebt": "13574000",
            "netIncome": "51963000",
            "capitalExpenditures": "104509000",
            "operatingCashflow": "-167804000",
            "grossProfit": "110893000",
            "totalRevenue": "623326000",
            "sentiment": 0,
            "surprise": "0.6",
            "closePrice": "44.81"
        },
        {
            "fiscalDateEnding": "2017-03-31",
            "totalCurrentAssets": "3330238000",
            "cashAndShortTermInvestments": "2445687000",
            "totalCurrentLiabilities": "527051000",
            "currentDebt": "11540000",
            "netIncome": "9129000",
            "capitalExpenditures": "112993000",
            "operatingCashflow": "493144000",
            "grossProfit": "84184000",
            "totalRevenue": "891791000",
            "sentiment": 0,
            "surprise": "0.38",
            "closePrice": "30.32"
        },
        {
            "fiscalDateEnding": "2016-12-31",
            "totalCurrentAssets": "3787829000",
            "cashAndShortTermInvestments": "1955146000",
            "totalCurrentLiabilities": "907881000",
            "currentDebt": "27966000",
            "netIncome": "-750790000",
            "capitalExpenditures": "53584000",
            "operatingCashflow": "268426000",
            "grossProfit": "7848000",
            "totalRevenue": "459284000",
            "sentiment": 0,
            "surprise": "0.27",
            "closePrice": "36.62"
        },
        {
            "fiscalDateEnding": "2016-09-30",
            "totalCurrentAssets": "3465418000",
            "cashAndShortTermInvestments": "2090204000",
            "totalCurrentLiabilities": "1407324000",
            "currentDebt": "626026000",
            "netIncome": "150457000",
            "capitalExpenditures": "45729000",
            "operatingCashflow": "-84223000",
            "grossProfit": "170908000",
            "totalRevenue": "680170000",
            "sentiment": 0,
            "surprise": "0.48",
            "closePrice": "40.58"
        },
        {
            "fiscalDateEnding": "2016-06-30",
            "totalCurrentAssets": "3076621000",
            "cashAndShortTermInvestments": "1667439000",
            "totalCurrentLiabilities": "952029000",
            "currentDebt": "71591000",
            "netIncome": "-11415000",
            "capitalExpenditures": "78385000",
            "operatingCashflow": "-61668000",
            "grossProfit": "182051000",
            "totalRevenue": "924507000",
            "sentiment": 0,
            "surprise": "0.33",
            "closePrice": "49.24"
        },
        {
            "fiscalDateEnding": "2016-03-31",
            "totalCurrentAssets": "3274157000",
            "cashAndShortTermInvestments": "1880500000",
            "totalCurrentLiabilities": "1064129000",
            "currentDebt": "94080000",
            "netIncome": "195636000",
            "capitalExpenditures": "51754000",
            "operatingCashflow": "84218000",
            "grossProfit": "277611000",
            "totalRevenue": "840602000",
            "sentiment": 0,
            "surprise": "0.73",
            "closePrice": "62.03"
        },
        {
            "fiscalDateEnding": "2015-12-31",
            "totalCurrentAssets": "3345586000",
            "cashAndShortTermInvestments": "1830280000",
            "totalCurrentLiabilities": "960800000",
            "currentDebt": "38090000",
            "netIncome": "211120000",
            "capitalExpenditures": "27168000",
            "operatingCashflow": "88807000",
            "grossProfit": "444933000",
            "totalRevenue": "936257000",
            "sentiment": 0,
            "surprise": "0.84",
            "closePrice": "61.79"
        },
        {
            "fiscalDateEnding": "2015-09-30",
            "totalCurrentAssets": "3251329000",
            "cashAndShortTermInvestments": "1809517000",
            "totalCurrentLiabilities": "896287000",
            "currentDebt": "38663000",
            "netIncome": "349318000",
            "capitalExpenditures": "45159000",
            "operatingCashflow": "21002000",
            "grossProfit": "484365000",
            "totalRevenue": "1267667000",
            "sentiment": 0,
            "surprise": "1.83",
            "closePrice": "50.99"
        },
        {
            "fiscalDateEnding": "2015-06-30",
            "totalCurrentAssets": "3156206000",
            "cashAndShortTermInvestments": "1775161000",
            "totalCurrentLiabilities": "914107000",
            "currentDebt": "41898000",
            "netIncome": "93885000",
            "capitalExpenditures": "38769000",
            "operatingCashflow": "-10401000",
            "grossProfit": "164483000",
            "totalRevenue": "893039000",
            "sentiment": 0,
            "surprise": "0.57",
            "closePrice": "44.5"
        },
        {
            "fiscalDateEnding": "2015-03-31",
            "totalCurrentAssets": "3149703000",
            "cashAndShortTermInvestments": "1484582000",
            "totalCurrentLiabilities": "984906000",
            "currentDebt": "42123000",
            "netIncome": "-60917000",
            "capitalExpenditures": "55342000",
            "operatingCashflow": "-424617000",
            "grossProfit": "38981000",
            "totalRevenue": "467419000",
            "sentiment": 0,
            "surprise": "-0.26",
            "closePrice": "59.67"
        },
        {
            "fiscalDateEnding": "2014-12-31",
            "totalCurrentAssets": "3077654000",
            "cashAndShortTermInvestments": "2065781000",
            "totalCurrentLiabilities": "1000539000",
            "currentDebt": "51918000",
            "netIncome": "193318000",
            "capitalExpenditures": "73300000",
            "operatingCashflow": "982523000",
            "grossProfit": "308382000",
            "totalRevenue": "1004602000",
            "sentiment": 0,
            "surprise": "1.13",
            "closePrice": "54.7"
        },
        {
            "fiscalDateEnding": "2014-09-30",
            "totalCurrentAssets": "3253026000",
            "cashAndShortTermInvestments": "1146798000",
            "totalCurrentLiabilities": "918672000",
            "currentDebt": "54607000",
            "netIncome": "89833000",
            "capitalExpenditures": "71028000",
            "operatingCashflow": "-47211000",
            "grossProfit": "189402000",
            "totalRevenue": "889390000",
            "sentiment": 0,
            "surprise": "-0.03",
            "closePrice": "56.41"
        },
        {
            "fiscalDateEnding": "2014-06-30",
            "totalCurrentAssets": "3170269000",
            "cashAndShortTermInvestments": "1375067000",
            "totalCurrentLiabilities": "1211243000",
            "currentDebt": "60838000",
            "netIncome": "4528000",
            "capitalExpenditures": "62408000",
            "operatingCashflow": "118380000",
            "grossProfit": "92725000",
            "totalRevenue": "543444000",
            "sentiment": 0,
            "surprise": "-0.33",
            "closePrice": "63.66"
        },
        {
            "fiscalDateEnding": "2014-03-31",
            "totalCurrentAssets": "3036037000",
            "cashAndShortTermInvestments": "1379727000",
            "totalCurrentLiabilities": "997934000",
            "currentDebt": "60656000",
            "netIncome": "112007000",
            "capitalExpenditures": "50813000",
            "operatingCashflow": "-318176000",
            "grossProfit": "236711000",
            "totalRevenue": "949169000",
            "sentiment": 0,
            "surprise": "0.54",
            "closePrice": "67.45"
        },
        {
            "fiscalDateEnding": "2013-12-31",
            "totalCurrentAssets": "3792764000",
            "cashAndShortTermInvestments": "1764174000",
            "totalCurrentLiabilities": "1588061000",
            "currentDebt": "60543000",
            "netIncome": "62940000",
            "capitalExpenditures": "56216000",
            "operatingCashflow": "192206000",
            "grossProfit": "191174000",
            "totalRevenue": "768349000",
            "sentiment": 0,
            "surprise": "-0.1",
            "closePrice": "58.03"
        },
        {
            "fiscalDateEnding": "2013-09-30",
            "totalCurrentAssets": "3596566000",
            "cashAndShortTermInvestments": "1531884000",
            "totalCurrentLiabilities": "1636186000",
            "currentDebt": "60329000",
            "netIncome": "195038000",
            "capitalExpenditures": "69504000",
            "operatingCashflow": "375092000",
            "grossProfit": "364034000",
            "totalRevenue": "1264607000",
            "sentiment": 0,
            "surprise": "1.29",
            "closePrice": "50.306"
        },
        {
            "fiscalDateEnding": "2013-06-30",
            "totalCurrentAssets": "3601279000",
            "cashAndShortTermInvestments": "1285272000",
            "totalCurrentLiabilities": "1854795000",
            "currentDebt": "61194000",
            "netIncome": "33598000",
            "capitalExpenditures": "85189000",
            "operatingCashflow": "222373000",
            "grossProfit": "140098000",
            "totalRevenue": "517817000",
            "sentiment": 0,
            "surprise": "-0.13",
            "closePrice": "46.75"
        },
        {
            "fiscalDateEnding": "2013-03-31",
            "totalCurrentAssets": "3109926000",
            "cashAndShortTermInvestments": "1011746000",
            "totalCurrentLiabilities": "1533441000",
            "currentDebt": "61106000",
            "netIncome": "59142000",
            "capitalExpenditures": "71667000",
            "operatingCashflow": "66455000",
            "grossProfit": "169326000",
            "totalRevenue": "756073000",
            "sentiment": 0,
            "surprise": "-0.06",
            "closePrice": "47.69"
        },
        {
            "fiscalDateEnding": "2012-12-31",
            "totalCurrentAssets": "2832324000",
            "cashAndShortTermInvestments": "1008972000",
            "totalCurrentLiabilities": "1101374000",
            "currentDebt": "62349000",
            "netIncome": "154178000",
            "capitalExpenditures": "40015000",
            "operatingCashflow": "327559000",
            "grossProfit": "293547000",
            "totalRevenue": "1070145000",
            "sentiment": 0,
            "surprise": "0.29",
            "closePrice": "31.36"
        },
        {
            "fiscalDateEnding": "2012-09-30",
            "totalCurrentAssets": "2710036000",
            "cashAndShortTermInvestments": "717994000",
            "totalCurrentLiabilities": "1139827000",
            "currentDebt": "61398000",
            "netIncome": "87917000",
            "capitalExpenditures": "57241000",
            "operatingCashflow": "22315000",
            "grossProfit": "238716000",
            "totalRevenue": "836248000",
            "sentiment": 0,
            "surprise": "0.23",
            "closePrice": "24.7488"
        },
        {
            "fiscalDateEnding": "2012-06-30",
            "totalCurrentAssets": "2464424000",
            "cashAndShortTermInvestments": "743693000",
            "totalCurrentLiabilities": "962265000",
            "currentDebt": "47768000",
            "netIncome": "110983000",
            "capitalExpenditures": "157482000",
            "operatingCashflow": "428471000",
            "grossProfit": "243741000",
            "totalRevenue": "950975000",
            "sentiment": 0,
            "surprise": "0.75",
            "closePrice": "14.8"
        },
        {
            "fiscalDateEnding": "2012-03-31",
            "totalCurrentAssets": "2900403000",
            "cashAndShortTermInvestments": "663587000",
            "totalCurrentLiabilities": "1171033000",
            "currentDebt": "58238000",
            "netIncome": "-449416000",
            "capitalExpenditures": "124490000",
            "operatingCashflow": "-16136000",
            "grossProfit": "76745000",
            "totalRevenue": "495164000",
            "sentiment": 0,
            "surprise": "-0.67",
            "closePrice": "18.07"
        },
        {
            "fiscalDateEnding": "2011-12-31",
            "totalCurrentAssets": "2613261000",
            "cashAndShortTermInvestments": "671765000",
            "totalCurrentLiabilities": "973724000",
            "currentDebt": "44505000",
            "netIncome": "-413113000",
            "capitalExpenditures": "117953000",
            "operatingCashflow": "10734000",
            "grossProfit": "138124000",
            "totalRevenue": "660495000",
            "sentiment": 0,
            "surprise": "-0.27",
            "closePrice": "36.4"
        },
        {
            "fiscalDateEnding": "2011-09-30",
            "totalCurrentAssets": "2430468000",
            "cashAndShortTermInvestments": "762910000",
            "totalCurrentLiabilities": "747001000",
            "currentDebt": "25597000",
            "netIncome": "196514000",
            "capitalExpenditures": "223895000",
            "operatingCashflow": "202638000",
            "grossProfit": "379164000",
            "totalRevenue": "1003931000",
            "sentiment": 0,
            "surprise": "-0.4",
            "closePrice": "46.11"
        },
        {
            "fiscalDateEnding": "2011-06-30",
            "totalCurrentAssets": "1836231000",
            "cashAndShortTermInvestments": "464443000",
            "totalCurrentLiabilities": "591869000",
            "currentDebt": "28334000",
            "netIncome": "61138000",
            "capitalExpenditures": "220976000",
            "operatingCashflow": "-203022000",
            "grossProfit": "194798000",
            "totalRevenue": "535233000",
            "sentiment": 0,
            "surprise": "-0.22",
            "closePrice": "107.94"
        },
        {
            "fiscalDateEnding": "2011-03-31",
            "totalCurrentAssets": "1394255000",
            "cashAndShortTermInvestments": "555510000",
            "totalCurrentLiabilities": "469889000",
            "currentDebt": "28169000",
            "netIncome": "115968000",
            "capitalExpenditures": "168990000",
            "operatingCashflow": "-43813000",
            "grossProfit": "259665000",
            "totalRevenue": "568295000",
            "sentiment": 0,
            "surprise": "0.17",
            "closePrice": "134.66"
        },
        {
            "fiscalDateEnding": "2010-12-31",
            "totalCurrentAssets": "1584460000",
            "cashAndShortTermInvestments": "933578000",
            "totalCurrentLiabilities": "469677000",
            "currentDebt": "26587000",
            "netIncome": "155944000",
            "capitalExpenditures": "211767000",
            "operatingCashflow": "349815000",
            "grossProfit": "296724000",
            "totalRevenue": "614305000",
            "sentiment": 0,
            "surprise": "0.03",
            "closePrice": "164.68"
        },
        {
            "fiscalDateEnding": "2010-09-30",
            "totalCurrentAssets": "1614841000",
            "cashAndShortTermInvestments": "833416000",
            "totalCurrentLiabilities": "457778000",
            "currentDebt": "26639000",
            "netIncome": "176869000",
            "capitalExpenditures": "137641000",
            "operatingCashflow": "248077000",
            "grossProfit": "321892000",
            "totalRevenue": "796898000",
            "sentiment": 0,
            "surprise": "0.09",
            "closePrice": "151.15"
        },
        {
            "fiscalDateEnding": "2010-06-30",
            "totalCurrentAssets": "1615870000",
            "cashAndShortTermInvestments": "796475000",
            "totalCurrentLiabilities": "325219000",
            "currentDebt": "24465000",
            "netIncome": "159043000",
            "capitalExpenditures": "133530000",
            "operatingCashflow": "76327000",
            "grossProfit": "284194000",
            "totalRevenue": "585223000",
            "sentiment": 0,
            "surprise": "0.23",
            "closePrice": "135.5"
        },
        {
            "fiscalDateEnding": "2010-03-31",
            "totalCurrentAssets": "1404533000",
            "cashAndShortTermInvestments": "714174000",
            "totalCurrentLiabilities": "322474000",
            "currentDebt": "26355000",
            "netIncome": "172345000",
            "capitalExpenditures": "105976000",
            "operatingCashflow": "31273000",
            "grossProfit": "282036000",
            "totalRevenue": "567265000",
            "sentiment": 0,
            "surprise": "0.36",
            "closePrice": "128.13"
        },
        {
            "fiscalDateEnding": "2009-12-31",
            "totalCurrentAssets": "1351271000",
            "cashAndShortTermInvestments": "784735000",
            "totalCurrentLiabilities": "394927000",
            "currentDebt": "28559000",
            "netIncome": "141620000",
            "capitalExpenditures": "69184000",
            "operatingCashflow": "413798000",
            "grossProfit": "266209000",
            "totalRevenue": "643878000",
            "sentiment": 0,
            "surprise": "0.13",
            "closePrice": "126.29"
        },
        {
            "fiscalDateEnding": "2009-09-30",
            "totalCurrentAssets": "1203392000",
            "cashAndShortTermInvestments": "523661000",
            "totalCurrentLiabilities": "346659000",
            "currentDebt": "29169000",
            "netIncome": "153344000",
            "capitalExpenditures": "64791000",
            "operatingCashflow": "178585000",
            "grossProfit": "244993000",
            "totalRevenue": "480876000",
            "sentiment": 0,
            "surprise": "0.05",
            "closePrice": "151.58"
        }
    ]
}