{
    "FSLY": [
        {
            "fiscalDateEnding": "2023-12-31",
            "totalCurrentAssets": "463673000",
            "cashAndShortTermInvestments": "322720000",
            "totalCurrentLiabilities": "147694000",
            "currentDebt": "15684000",
            "netIncome": "-23386000",
            "capitalExpenditures": "8595000",
            "operatingCashflow": "-7377000",
            "grossProfit": "75774000",
            "totalRevenue": "137777000",
            "sentiment": 0.2487369072363699,
            "surprise": "0.03",
            "closePrice": "23.54"
        },
        {
            "fiscalDateEnding": "2023-09-30",
            "totalCurrentAssets": "551458000",
            "cashAndShortTermInvestments": "428355000",
            "totalCurrentLiabilities": "143335000",
            "currentDebt": "19250000",
            "netIncome": "-54311000",
            "capitalExpenditures": "0",
            "operatingCashflow": "-8390000",
            "grossProfit": "66086000",
            "totalRevenue": "127816000",
            "sentiment": 0.2540421678987256,
            "surprise": "0.02",
            "closePrice": "14.25"
        },
        {
            "fiscalDateEnding": "2023-06-30",
            "totalCurrentAssets": "505142000",
            "cashAndShortTermInvestments": "397347000",
            "totalCurrentLiabilities": "131604000",
            "currentDebt": "22233000",
            "netIncome": "-10704000",
            "capitalExpenditures": "0",
            "operatingCashflow": "24990000",
            "grossProfit": "64214000",
            "totalRevenue": "122831000",
            "sentiment": 0.26303631527853083,
            "surprise": "0.06",
            "closePrice": "16.45"
        },
        {
            "fiscalDateEnding": "2023-03-31",
            "totalCurrentAssets": "661640000",
            "cashAndShortTermInvestments": "546579000",
            "totalCurrentLiabilities": "125200000",
            "currentDebt": "24763000",
            "netIncome": "-44687000",
            "capitalExpenditures": "7703000",
            "operatingCashflow": "-8861000",
            "grossProfit": "60254000",
            "totalRevenue": "117564000",
            "sentiment": 0.40299618854012914,
            "surprise": "0.01",
            "closePrice": "13.53"
        },
        {
            "fiscalDateEnding": "2022-12-31",
            "totalCurrentAssets": "636483000",
            "cashAndShortTermInvestments": "517972000",
            "totalCurrentLiabilities": "152321000",
            "currentDebt": "28954000",
            "netIncome": "-46653000",
            "capitalExpenditures": "12819000",
            "operatingCashflow": "-12128000",
            "grossProfit": "62583000",
            "totalRevenue": "119321000",
            "sentiment": 0.23476975059102623,
            "surprise": "0.05",
            "closePrice": "13.87"
        },
        {
            "fiscalDateEnding": "2022-09-30",
            "totalCurrentAssets": "637180000",
            "cashAndShortTermInvestments": "532945000",
            "totalCurrentLiabilities": "144599000",
            "currentDebt": "27807000",
            "netIncome": "-63420000",
            "capitalExpenditures": "0",
            "operatingCashflow": "-27634000",
            "grossProfit": "52679000",
            "totalRevenue": "108504000",
            "sentiment": 0.05030619953633109,
            "surprise": "0.03",
            "closePrice": "7.9"
        },
        {
            "fiscalDateEnding": "2022-06-30",
            "totalCurrentAssets": "579670000",
            "cashAndShortTermInvestments": "482415000",
            "totalCurrentLiabilities": "140990000",
            "currentDebt": "28088000",
            "netIncome": "-16437000",
            "capitalExpenditures": "0",
            "operatingCashflow": "-16680000",
            "grossProfit": "46052000",
            "totalRevenue": "102518000",
            "sentiment": -0.10892893600129629,
            "surprise": "-0.06",
            "closePrice": "13.21"
        },
        {
            "fiscalDateEnding": "2022-03-31",
            "totalCurrentAssets": "737077000",
            "cashAndShortTermInvestments": "639744000",
            "totalCurrentLiabilities": "140173000",
            "currentDebt": "26766000",
            "netIncome": "-64264000",
            "capitalExpenditures": "6197000",
            "operatingCashflow": "-13190000",
            "grossProfit": "48467000",
            "totalRevenue": "102382000",
            "sentiment": 0.01268822326868137,
            "surprise": "-0.01",
            "closePrice": "16.86"
        },
        {
            "fiscalDateEnding": "2021-12-31",
            "totalCurrentAssets": "624648000",
            "cashAndShortTermInvestments": "527863000",
            "totalCurrentLiabilities": "131872000",
            "currentDebt": "21125000",
            "netIncome": "-57521000",
            "capitalExpenditures": "6729000",
            "operatingCashflow": "-7908000",
            "grossProfit": "49773000",
            "totalRevenue": "97717000",
            "sentiment": 0,
            "surprise": "0.06",
            "closePrice": "28.93"
        },
        {
            "fiscalDateEnding": "2021-09-30",
            "totalCurrentAssets": "719885000",
            "cashAndShortTermInvestments": "643421000",
            "totalCurrentLiabilities": "107269000",
            "currentDebt": "18675000",
            "netIncome": "-56198000",
            "capitalExpenditures": "27865000",
            "operatingCashflow": "-2691000",
            "grossProfit": "45491000",
            "totalRevenue": "86735000",
            "sentiment": 0,
            "surprise": "0.08",
            "closePrice": "53.32"
        },
        {
            "fiscalDateEnding": "2021-06-30",
            "totalCurrentAssets": "1008104000",
            "cashAndShortTermInvestments": "929730000",
            "totalCurrentLiabilities": "103032000",
            "currentDebt": "14773000",
            "netIncome": "-58295000",
            "capitalExpenditures": "2093000",
            "operatingCashflow": "-17014000",
            "grossProfit": "44706000",
            "totalRevenue": "85026000",
            "sentiment": 0,
            "surprise": "0.02",
            "closePrice": "44.54"
        },
        {
            "fiscalDateEnding": "2021-03-31",
            "totalCurrentAssets": "1167434000",
            "cashAndShortTermInvestments": "1096576000",
            "totalCurrentLiabilities": "98296000",
            "currentDebt": "10910000",
            "netIncome": "-50683000",
            "capitalExpenditures": "9068000",
            "operatingCashflow": "-10869000",
            "grossProfit": "47358000",
            "totalRevenue": "84852000",
            "sentiment": 0,
            "surprise": "-0.01",
            "closePrice": "58.06"
        },
        {
            "fiscalDateEnding": "2020-12-31",
            "totalCurrentAssets": "261256000",
            "cashAndShortTermInvestments": "194183000",
            "totalCurrentLiabilities": "94089000",
            "currentDebt": "11033000",
            "netIncome": "-45704000",
            "capitalExpenditures": "7175000",
            "operatingCashflow": "-31149000",
            "grossProfit": "48896000",
            "totalRevenue": "82649000",
            "sentiment": 0,
            "surprise": "0.01",
            "closePrice": "94.85"
        },
        {
            "fiscalDateEnding": "2020-09-30",
            "totalCurrentAssets": "529719000",
            "cashAndShortTermInvestments": "402270000",
            "totalCurrentLiabilities": "66447000",
            "currentDebt": "6060000",
            "netIncome": "-23778000",
            "capitalExpenditures": "13794000",
            "operatingCashflow": "27200000",
            "grossProfit": "41346000",
            "totalRevenue": "70638000",
            "sentiment": 0,
            "surprise": "-0.03",
            "closePrice": "71.61"
        },
        {
            "fiscalDateEnding": "2020-06-30",
            "totalCurrentAssets": "525417000",
            "cashAndShortTermInvestments": "384025000",
            "totalCurrentLiabilities": "38308000",
            "currentDebt": "5188000",
            "netIncome": "-14460000",
            "capitalExpenditures": "4884000",
            "operatingCashflow": "-8781000",
            "grossProfit": "44966000",
            "totalRevenue": "74663000",
            "sentiment": 0,
            "surprise": "0.03",
            "closePrice": "108.92"
        },
        {
            "fiscalDateEnding": "2020-03-31",
            "totalCurrentAssets": "241828000",
            "cashAndShortTermInvestments": "116585000",
            "totalCurrentLiabilities": "40396000",
            "currentDebt": "5291000",
            "netIncome": "-11990000",
            "capitalExpenditures": "11658000",
            "operatingCashflow": "-7186000",
            "grossProfit": "35659000",
            "totalRevenue": "62924000",
            "sentiment": 0,
            "surprise": "0.06",
            "closePrice": "23.05"
        },
        {
            "fiscalDateEnding": "2019-12-31",
            "totalCurrentAssets": "249323000",
            "cashAndShortTermInvestments": "131109000",
            "totalCurrentLiabilities": "37121000",
            "currentDebt": "4472000",
            "netIncome": "-14073000",
            "capitalExpenditures": "5846000",
            "operatingCashflow": "-3060000",
            "grossProfit": "33408000",
            "totalRevenue": "58936000",
            "sentiment": 0,
            "surprise": "0.01",
            "closePrice": "24.59"
        },
        {
            "fiscalDateEnding": "2019-09-30",
            "totalCurrentAssets": "255932000",
            "cashAndShortTermInvestments": "207804000",
            "totalCurrentLiabilities": "45377000",
            "currentDebt": "13505000",
            "netIncome": "-12163000",
            "capitalExpenditures": "4389000",
            "operatingCashflow": "-12595000",
            "grossProfit": "27505000",
            "totalRevenue": "49797000",
            "sentiment": 0,
            "surprise": "0.04",
            "closePrice": "18.97"
        },
        {
            "fiscalDateEnding": "2019-06-30",
            "totalCurrentAssets": "286353000",
            "cashAndShortTermInvestments": "245619000",
            "totalCurrentLiabilities": "65265000",
            "currentDebt": "32822000",
            "netIncome": "-15587000",
            "capitalExpenditures": "5081000",
            "operatingCashflow": "-5565000",
            "grossProfit": "25389000",
            "totalRevenue": "46173000",
            "sentiment": 0,
            "surprise": "-0.03",
            "closePrice": "21.1"
        }
    ]
}