{
    "FTNT": [
        {
            "fiscalDateEnding": "2023-12-31",
            "totalCurrentAssets": "4428300000",
            "cashAndShortTermInvestments": "2440400000",
            "totalCurrentLiabilities": "3719000000",
            "currentDebt": "None",
            "netIncome": "310900000",
            "capitalExpenditures": "26900000",
            "operatingCashflow": "191700000",
            "grossProfit": "1099200000",
            "totalRevenue": "1394500000",
            "sentiment": 0.25708253113905305,
            "surprise": "0.08",
            "closePrice": "67.48"
        },
        {
            "fiscalDateEnding": "2023-09-30",
            "totalCurrentAssets": "4752700000",
            "cashAndShortTermInvestments": "3168800000",
            "totalCurrentLiabilities": "3649000000",
            "currentDebt": "None",
            "netIncome": "322900000",
            "capitalExpenditures": "70100000",
            "operatingCashflow": "551200000",
            "grossProfit": "1016900000",
            "totalRevenue": "1326900000",
            "sentiment": 0.22230338234852212,
            "surprise": "0.05",
            "closePrice": "57.59"
        },
        {
            "fiscalDateEnding": "2023-06-30",
            "totalCurrentAssets": "4878100000",
            "cashAndShortTermInvestments": "3313500000",
            "totalCurrentLiabilities": "3500600000",
            "currentDebt": "None",
            "netIncome": "266300000",
            "capitalExpenditures": "76800000",
            "operatingCashflow": "515100000",
            "grossProfit": "997000000",
            "totalRevenue": "1283600000",
            "sentiment": 0.2688700950864887,
            "surprise": "0.04",
            "closePrice": "75.76"
        },
        {
            "fiscalDateEnding": "2023-03-31",
            "totalCurrentAssets": "4358700000",
            "cashAndShortTermInvestments": "2879100000",
            "totalCurrentLiabilities": "3261800000",
            "currentDebt": "None",
            "netIncome": "247700000",
            "capitalExpenditures": "30300000",
            "operatingCashflow": "677500000",
            "grossProfit": "954500000",
            "totalRevenue": "1235800000",
            "sentiment": 0.28385364714772143,
            "surprise": "0.05",
            "closePrice": "61.18"
        },
        {
            "fiscalDateEnding": "2022-12-31",
            "totalCurrentAssets": "3810400000",
            "cashAndShortTermInvestments": "2211000000",
            "totalCurrentLiabilities": "3078400000",
            "currentDebt": "None",
            "netIncome": "313800000",
            "capitalExpenditures": "30900000",
            "operatingCashflow": "528100000",
            "grossProfit": "985700000",
            "totalRevenue": "1227300000",
            "sentiment": 0.23889064507872174,
            "surprise": "0.05",
            "closePrice": "53.78"
        },
        {
            "fiscalDateEnding": "2022-09-30",
            "totalCurrentAssets": "2982200000",
            "cashAndShortTermInvestments": "1730400000",
            "totalCurrentLiabilities": "2779600000",
            "currentDebt": "None",
            "netIncome": "231600000",
            "capitalExpenditures": "87800000",
            "operatingCashflow": "483000000",
            "grossProfit": "866500000",
            "totalRevenue": "1147600000",
            "sentiment": 0.23326622623312124,
            "surprise": "0.06",
            "closePrice": "53.23"
        },
        {
            "fiscalDateEnding": "2022-06-30",
            "totalCurrentAssets": "2952900000",
            "cashAndShortTermInvestments": "1754900000",
            "totalCurrentLiabilities": "2634900000",
            "currentDebt": "None",
            "netIncome": "173500000",
            "capitalExpenditures": "39900000",
            "operatingCashflow": "323400000",
            "grossProfit": "779300000",
            "totalRevenue": "1017500000",
            "sentiment": 0.04415519976584669,
            "surprise": "0.02",
            "closePrice": "62.88"
        },
        {
            "fiscalDateEnding": "2022-03-31",
            "totalCurrentAssets": "3208300000",
            "cashAndShortTermInvestments": "2141600000",
            "totalCurrentLiabilities": "2510500000",
            "currentDebt": "None",
            "netIncome": "138400000",
            "capitalExpenditures": "122600000",
            "operatingCashflow": "396100000",
            "grossProfit": "701000000",
            "totalRevenue": "935600000",
            "sentiment": 0.03326302840059723,
            "surprise": "0.03",
            "closePrice": "57.474"
        },
        {
            "fiscalDateEnding": "2021-12-31",
            "totalCurrentAssets": "3600600000",
            "cashAndShortTermInvestments": "2551700000",
            "totalCurrentLiabilities": "2318100000",
            "currentDebt": "None",
            "netIncome": "199000000",
            "capitalExpenditures": "151300000",
            "operatingCashflow": "366800000",
            "grossProfit": "735300000",
            "totalRevenue": "943900000",
            "sentiment": 0,
            "surprise": "0.02",
            "closePrice": "59.4"
        },
        {
            "fiscalDateEnding": "2021-09-30",
            "totalCurrentAssets": "3963500000",
            "cashAndShortTermInvestments": "3121000000",
            "totalCurrentLiabilities": "2198000000",
            "currentDebt": "17600000",
            "netIncome": "163100000",
            "capitalExpenditures": "69000000",
            "operatingCashflow": "398800000",
            "grossProfit": "656000000",
            "totalRevenue": "858900000",
            "sentiment": 0,
            "surprise": "0.01",
            "closePrice": "67.68"
        },
        {
            "fiscalDateEnding": "2021-06-30",
            "totalCurrentAssets": "3908200000",
            "cashAndShortTermInvestments": "3113200000",
            "totalCurrentLiabilities": "1998500000",
            "currentDebt": "None",
            "netIncome": "137500000",
            "capitalExpenditures": "23500000",
            "operatingCashflow": "418200000",
            "grossProfit": "614200000",
            "totalRevenue": "796600000",
            "sentiment": 0,
            "surprise": "0.01",
            "closePrice": "54.842"
        },
        {
            "fiscalDateEnding": "2021-03-31",
            "totalCurrentAssets": "3781200000",
            "cashAndShortTermInvestments": "2936900000",
            "totalCurrentLiabilities": "1879700000",
            "currentDebt": "None",
            "netIncome": "107200000",
            "capitalExpenditures": "52100000",
            "operatingCashflow": "315900000",
            "grossProfit": "553700000",
            "totalRevenue": "710300000",
            "sentiment": 0,
            "surprise": "0.01",
            "closePrice": "39.094"
        },
        {
            "fiscalDateEnding": "2020-12-31",
            "totalCurrentAssets": "2740400000",
            "cashAndShortTermInvestments": "1837300000",
            "totalCurrentLiabilities": "1829500000",
            "currentDebt": "None",
            "netIncome": "146700000",
            "capitalExpenditures": "32300000",
            "operatingCashflow": "296500000",
            "grossProfit": "581000000",
            "totalRevenue": "742500000",
            "sentiment": 0,
            "surprise": "0.02",
            "closePrice": "31.398"
        },
        {
            "fiscalDateEnding": "2020-09-30",
            "totalCurrentAssets": "2384600000",
            "cashAndShortTermInvestments": "1656700000",
            "totalCurrentLiabilities": "1645600000",
            "currentDebt": "None",
            "netIncome": "123400000",
            "capitalExpenditures": "35100000",
            "operatingCashflow": "220800000",
            "grossProfit": "511900000",
            "totalRevenue": "651100000",
            "sentiment": 0,
            "surprise": "0.02",
            "closePrice": "23.6"
        },
        {
            "fiscalDateEnding": "2020-06-30",
            "totalCurrentAssets": "2208700000",
            "cashAndShortTermInvestments": "1526900000",
            "totalCurrentLiabilities": "1611900000",
            "currentDebt": "None",
            "netIncome": "113800000",
            "capitalExpenditures": "30900000",
            "operatingCashflow": "247000000",
            "grossProfit": "482500000",
            "totalRevenue": "615500000",
            "sentiment": 0,
            "surprise": "0.03",
            "closePrice": "27.902"
        },
        {
            "fiscalDateEnding": "2020-03-31",
            "totalCurrentAssets": "2035300000",
            "cashAndShortTermInvestments": "1401300000",
            "totalCurrentLiabilities": "1543000000",
            "currentDebt": "14800000",
            "netIncome": "104600000",
            "capitalExpenditures": "27600000",
            "operatingCashflow": "319400000",
            "grossProfit": "449000000",
            "totalRevenue": "576900000",
            "sentiment": 0,
            "surprise": "0.02",
            "closePrice": "22.292"
        },
        {
            "fiscalDateEnding": "2019-12-31",
            "totalCurrentAssets": "2769000000",
            "cashAndShortTermInvestments": "2065600000",
            "totalCurrentLiabilities": "1455800000",
            "currentDebt": "15500000",
            "netIncome": "118200000",
            "capitalExpenditures": "47200000",
            "operatingCashflow": "190400000",
            "grossProfit": "477600000",
            "totalRevenue": "609700000",
            "sentiment": 0,
            "surprise": "0.01",
            "closePrice": "24.266"
        },
        {
            "fiscalDateEnding": "2019-09-30",
            "totalCurrentAssets": "2466200000",
            "cashAndShortTermInvestments": "1940300000",
            "totalCurrentLiabilities": "1341900000",
            "currentDebt": "13900000",
            "netIncome": "80200000",
            "capitalExpenditures": "17500000",
            "operatingCashflow": "221200000",
            "grossProfit": "424000000",
            "totalRevenue": "547500000",
            "sentiment": 0,
            "surprise": "0.02",
            "closePrice": "16.312"
        },
        {
            "fiscalDateEnding": "2019-06-30",
            "totalCurrentAssets": "2360700000",
            "cashAndShortTermInvestments": "1830200000",
            "totalCurrentLiabilities": "1293700000",
            "currentDebt": "11700000",
            "netIncome": "72700000",
            "capitalExpenditures": "17300000",
            "operatingCashflow": "195100000",
            "grossProfit": "393400000",
            "totalRevenue": "521700000",
            "sentiment": 0,
            "surprise": "0.02",
            "closePrice": "15.804"
        },
        {
            "fiscalDateEnding": "2019-03-31",
            "totalCurrentAssets": "2313300000",
            "cashAndShortTermInvestments": "1801800000",
            "totalCurrentLiabilities": "1254300000",
            "currentDebt": "None",
            "netIncome": "58800000",
            "capitalExpenditures": "10200000",
            "operatingCashflow": "201300000",
            "grossProfit": "359600000",
            "totalRevenue": "472600000",
            "sentiment": 0,
            "surprise": "0.01",
            "closePrice": "18.302"
        },
        {
            "fiscalDateEnding": "2018-12-31",
            "totalCurrentAssets": "2220900000",
            "cashAndShortTermInvestments": "1649600000",
            "totalCurrentLiabilities": "1256400000",
            "currentDebt": "None",
            "netIncome": "185300000",
            "capitalExpenditures": "11600000",
            "operatingCashflow": "180200000",
            "grossProfit": "381900000",
            "totalRevenue": "498800000",
            "sentiment": 0,
            "surprise": "0.02",
            "closePrice": "16.244"
        },
        {
            "fiscalDateEnding": "2018-09-30",
            "totalCurrentAssets": "2078100000",
            "cashAndShortTermInvestments": "1634200000",
            "totalCurrentLiabilities": "1111900000",
            "currentDebt": "None",
            "netIncome": "58700000",
            "capitalExpenditures": "18200000",
            "operatingCashflow": "176700000",
            "grossProfit": "342300000",
            "totalRevenue": "453900000",
            "sentiment": 0,
            "surprise": "0.02",
            "closePrice": "16.738"
        },
        {
            "fiscalDateEnding": "2018-06-30",
            "totalCurrentAssets": "1884800000",
            "cashAndShortTermInvestments": "1433700000",
            "totalCurrentLiabilities": "1085200000",
            "currentDebt": "None",
            "netIncome": "49300000",
            "capitalExpenditures": "11600000",
            "operatingCashflow": "142300000",
            "grossProfit": "328200000",
            "totalRevenue": "441300000",
            "sentiment": 0,
            "surprise": "0.01",
            "closePrice": "12.92"
        },
        {
            "fiscalDateEnding": "2018-03-31",
            "totalCurrentAssets": "1735800000",
            "cashAndShortTermInvestments": "1303900000",
            "totalCurrentLiabilities": "1029700000",
            "currentDebt": "None",
            "netIncome": "41600000",
            "capitalExpenditures": "11600000",
            "operatingCashflow": "139700000",
            "grossProfit": "301800000",
            "totalRevenue": "399000000",
            "sentiment": 0,
            "surprise": "0.02",
            "closePrice": "11.222"
        },
        {
            "fiscalDateEnding": "2017-12-31",
            "totalCurrentAssets": "1716800000",
            "cashAndShortTermInvestments": "1251300000",
            "totalCurrentLiabilities": "1027200000",
            "currentDebt": "None",
            "netIncome": "-29000000",
            "capitalExpenditures": "13700000",
            "operatingCashflow": "157500000",
            "grossProfit": "311200000",
            "totalRevenue": "417668000",
            "sentiment": 0,
            "surprise": "0.03",
            "closePrice": "8.766"
        },
        {
            "fiscalDateEnding": "2017-09-30",
            "totalCurrentAssets": "1650651000",
            "cashAndShortTermInvestments": "1275761000",
            "totalCurrentLiabilities": "910639000",
            "currentDebt": "None",
            "netIncome": "26700000",
            "capitalExpenditures": "21700000",
            "operatingCashflow": "162400000",
            "grossProfit": "280600000",
            "totalRevenue": "374217000",
            "sentiment": 0,
            "surprise": "0.01",
            "closePrice": "8.02"
        },
        {
            "fiscalDateEnding": "2017-06-30",
            "totalCurrentAssets": "1604634000",
            "cashAndShortTermInvestments": "1207287000",
            "totalCurrentLiabilities": "885519000",
            "currentDebt": "None",
            "netIncome": "23000000",
            "capitalExpenditures": "86400000",
            "operatingCashflow": "144800000",
            "grossProfit": "267800000",
            "totalRevenue": "363469000",
            "sentiment": 0,
            "surprise": "0.01",
            "closePrice": "8.116"
        },
        {
            "fiscalDateEnding": "2017-03-31",
            "totalCurrentAssets": "1616082000",
            "cashAndShortTermInvestments": "1198623000",
            "totalCurrentLiabilities": "856585000",
            "currentDebt": "None",
            "netIncome": "10700000",
            "capitalExpenditures": "13500000",
            "operatingCashflow": "129700000",
            "grossProfit": "250000000",
            "totalRevenue": "340576000",
            "sentiment": 0,
            "surprise": "0",
            "closePrice": "8.084"
        },
        {
            "fiscalDateEnding": "2016-12-31",
            "totalCurrentAssets": "1538716000",
            "cashAndShortTermInvestments": "1085522000",
            "totalCurrentLiabilities": "829440000",
            "currentDebt": "None",
            "netIncome": "25179000",
            "capitalExpenditures": "16881000",
            "operatingCashflow": "101029000",
            "grossProfit": "271933000",
            "totalRevenue": "356230000",
            "sentiment": 0,
            "surprise": "0.02",
            "closePrice": "6.636"
        },
        {
            "fiscalDateEnding": "2016-09-30",
            "totalCurrentAssets": "1394873000",
            "cashAndShortTermInvestments": "1030422000",
            "totalCurrentLiabilities": "750360000",
            "currentDebt": "None",
            "netIncome": "6291000",
            "capitalExpenditures": "5920000",
            "operatingCashflow": "76139000",
            "grossProfit": "231847000",
            "totalRevenue": "316646000",
            "sentiment": 0,
            "surprise": "0.01",
            "closePrice": "5.982"
        },
        {
            "fiscalDateEnding": "2016-06-30",
            "totalCurrentAssets": "1353884000",
            "cashAndShortTermInvestments": "984768000",
            "totalCurrentLiabilities": "731964000",
            "currentDebt": "None",
            "netIncome": "-1388000",
            "capitalExpenditures": "14443000",
            "operatingCashflow": "67941000",
            "grossProfit": "226888000",
            "totalRevenue": "311391000",
            "sentiment": 0,
            "surprise": "0",
            "closePrice": "7.434"
        },
        {
            "fiscalDateEnding": "2016-03-31",
            "totalCurrentAssets": "1285701000",
            "cashAndShortTermInvestments": "952599000",
            "totalCurrentLiabilities": "687342000",
            "currentDebt": "None",
            "netIncome": "2118000",
            "capitalExpenditures": "29956000",
            "operatingCashflow": "100591000",
            "grossProfit": "206932000",
            "totalRevenue": "284576000",
            "sentiment": 0,
            "surprise": "0",
            "closePrice": "6.19"
        },
        {
            "fiscalDateEnding": "2015-12-31",
            "totalCurrentAssets": "1270543000",
            "cashAndShortTermInvestments": "891374000",
            "totalCurrentLiabilities": "678670000",
            "currentDebt": "None",
            "netIncome": "-2534000",
            "capitalExpenditures": "8345000",
            "operatingCashflow": "68558000",
            "grossProfit": "214553000",
            "totalRevenue": "293329000",
            "sentiment": 0,
            "surprise": "0",
            "closePrice": "5.272"
        },
        {
            "fiscalDateEnding": "2015-09-30",
            "totalCurrentAssets": "1251740000",
            "cashAndShortTermInvestments": "908158000",
            "totalCurrentLiabilities": "603134000",
            "currentDebt": "None",
            "netIncome": "8169000",
            "capitalExpenditures": "13325000",
            "operatingCashflow": "65065000",
            "grossProfit": "188367000",
            "totalRevenue": "260068000",
            "sentiment": 0,
            "surprise": "0.01",
            "closePrice": "8.648"
        },
        {
            "fiscalDateEnding": "2015-06-30",
            "totalCurrentAssets": "1195510000",
            "cashAndShortTermInvestments": "873027000",
            "totalCurrentLiabilities": "565299000",
            "currentDebt": "None",
            "netIncome": "792000",
            "capitalExpenditures": "10761000",
            "operatingCashflow": "84305000",
            "grossProfit": "170287000",
            "totalRevenue": "239785000",
            "sentiment": 0,
            "surprise": "0",
            "closePrice": "8.46"
        },
        {
            "fiscalDateEnding": "2015-03-31",
            "totalCurrentAssets": "1111803000",
            "cashAndShortTermInvestments": "803957000",
            "totalCurrentLiabilities": "518633000",
            "currentDebt": "None",
            "netIncome": "1560000",
            "capitalExpenditures": "4927000",
            "operatingCashflow": "64619000",
            "grossProfit": "149284000",
            "totalRevenue": "212886000",
            "sentiment": 0,
            "surprise": "0.01",
            "closePrice": "6.926"
        },
        {
            "fiscalDateEnding": "2014-12-31",
            "totalCurrentAssets": "1005381000",
            "cashAndShortTermInvestments": "720020000",
            "totalCurrentLiabilities": "496456000",
            "currentDebt": "None",
            "netIncome": "6813000",
            "capitalExpenditures": "5395000",
            "operatingCashflow": "35364000",
            "grossProfit": "158345000",
            "totalRevenue": "220769000",
            "sentiment": 0,
            "surprise": "0",
            "closePrice": "6.28"
        },
        {
            "fiscalDateEnding": "2014-09-30",
            "totalCurrentAssets": "896440000",
            "cashAndShortTermInvestments": "660591000",
            "totalCurrentLiabilities": "434496000",
            "currentDebt": "None",
            "netIncome": "4056000",
            "capitalExpenditures": "5780000",
            "operatingCashflow": "56518000",
            "grossProfit": "136463000",
            "totalRevenue": "193348000",
            "sentiment": 0,
            "surprise": "0",
            "closePrice": "5.034"
        },
        {
            "fiscalDateEnding": "2014-06-30",
            "totalCurrentAssets": "806949000",
            "cashAndShortTermInvestments": "558121000",
            "totalCurrentLiabilities": "426088000",
            "currentDebt": "None",
            "netIncome": "6081000",
            "capitalExpenditures": "9704000",
            "operatingCashflow": "43798000",
            "grossProfit": "126341000",
            "totalRevenue": "184098000",
            "sentiment": 0,
            "surprise": "0",
            "closePrice": "4.806"
        },
        {
            "fiscalDateEnding": "2014-03-31",
            "totalCurrentAssets": "781460000",
            "cashAndShortTermInvestments": "561051000",
            "totalCurrentLiabilities": "394866000",
            "currentDebt": "None",
            "netIncome": "8393000",
            "capitalExpenditures": "11318000",
            "operatingCashflow": "60902000",
            "grossProfit": "118206000",
            "totalRevenue": "168949000",
            "sentiment": 0,
            "surprise": "0",
            "closePrice": "4.408"
        },
        {
            "fiscalDateEnding": "2013-12-31",
            "totalCurrentAssets": "735546000",
            "cashAndShortTermInvestments": "491370000",
            "totalCurrentLiabilities": "413061000",
            "currentDebt": "None",
            "netIncome": "12016000",
            "capitalExpenditures": "7148000",
            "operatingCashflow": "46668000",
            "grossProfit": "123473000",
            "totalRevenue": "176550000",
            "sentiment": 0,
            "surprise": "0",
            "closePrice": "4.282"
        },
        {
            "fiscalDateEnding": "2013-09-30",
            "totalCurrentAssets": "705967000",
            "cashAndShortTermInvestments": "513018000",
            "totalCurrentLiabilities": "367326000",
            "currentDebt": "None",
            "netIncome": "11029000",
            "capitalExpenditures": "3160000",
            "operatingCashflow": "25384000",
            "grossProfit": "110769000",
            "totalRevenue": "154699000",
            "sentiment": 0,
            "surprise": "0",
            "closePrice": "4.112"
        },
        {
            "fiscalDateEnding": "2013-06-30",
            "totalCurrentAssets": "672400000",
            "cashAndShortTermInvestments": "502697000",
            "totalCurrentLiabilities": "360481000",
            "currentDebt": "None",
            "netIncome": "8979000",
            "capitalExpenditures": "2035000",
            "operatingCashflow": "37221000",
            "grossProfit": "103720000",
            "totalRevenue": "146193000",
            "sentiment": 0,
            "surprise": "0",
            "closePrice": "4.034"
        },
        {
            "fiscalDateEnding": "2013-03-31",
            "totalCurrentAssets": "613660000",
            "cashAndShortTermInvestments": "460380000",
            "totalCurrentLiabilities": "331728000",
            "currentDebt": "None",
            "netIncome": "12249000",
            "capitalExpenditures": "1534000",
            "operatingCashflow": "38111000",
            "grossProfit": "96692000",
            "totalRevenue": "135820000",
            "sentiment": 0,
            "surprise": "0",
            "closePrice": "3.592"
        },
        {
            "fiscalDateEnding": "2012-12-31",
            "totalCurrentAssets": "569274000",
            "cashAndShortTermInvestments": "413694000",
            "totalCurrentLiabilities": "319304000",
            "currentDebt": "None",
            "netIncome": "21507000",
            "capitalExpenditures": "1800000",
            "operatingCashflow": "50293000",
            "grossProfit": "109720000",
            "totalRevenue": "150662000",
            "sentiment": 0,
            "surprise": "0",
            "closePrice": "3.87"
        },
        {
            "fiscalDateEnding": "2012-09-30",
            "totalCurrentAssets": "514652000",
            "cashAndShortTermInvestments": "374646000",
            "totalCurrentLiabilities": "298694000",
            "currentDebt": "None",
            "netIncome": "17206000",
            "capitalExpenditures": "16428000",
            "operatingCashflow": "40770000",
            "grossProfit": "98460000",
            "totalRevenue": "136268000",
            "sentiment": 0,
            "surprise": "0",
            "closePrice": "4.96"
        },
        {
            "fiscalDateEnding": "2012-06-30",
            "totalCurrentAssets": "544511000",
            "cashAndShortTermInvestments": "401629000",
            "totalCurrentLiabilities": "294977000",
            "currentDebt": "None",
            "netIncome": "13950000",
            "capitalExpenditures": "2231000",
            "operatingCashflow": "44285000",
            "grossProfit": "91835000",
            "totalRevenue": "128962000",
            "sentiment": 0,
            "surprise": "0",
            "closePrice": "4.478"
        },
        {
            "fiscalDateEnding": "2012-03-31",
            "totalCurrentAssets": "551500000",
            "cashAndShortTermInvestments": "428070000",
            "totalCurrentLiabilities": "270961000",
            "currentDebt": "None",
            "netIncome": "14173000",
            "capitalExpenditures": "1624000",
            "operatingCashflow": "48518000",
            "grossProfit": "86204000",
            "totalRevenue": "117266000",
            "sentiment": 0,
            "surprise": "0",
            "closePrice": "5.148"
        },
        {
            "fiscalDateEnding": "2011-12-31",
            "totalCurrentAssets": "523570000",
            "cashAndShortTermInvestments": "390273000",
            "totalCurrentLiabilities": "266864000",
            "currentDebt": "None",
            "netIncome": "16494000",
            "capitalExpenditures": "839000",
            "operatingCashflow": "22559000",
            "grossProfit": "88376000",
            "totalRevenue": "120417000",
            "sentiment": 0,
            "surprise": "0.01",
            "closePrice": "4.562"
        },
        {
            "fiscalDateEnding": "2011-09-30",
            "totalCurrentAssets": "503926000",
            "cashAndShortTermInvestments": "389166000",
            "totalCurrentLiabilities": "251667000",
            "currentDebt": "None",
            "netIncome": "17917000",
            "capitalExpenditures": "1335000",
            "operatingCashflow": "36039000",
            "grossProfit": "85287000",
            "totalRevenue": "116426000",
            "sentiment": 0,
            "surprise": "0.01",
            "closePrice": "3.824"
        },
        {
            "fiscalDateEnding": "2011-06-30",
            "totalCurrentAssets": "454412000",
            "cashAndShortTermInvestments": "342020000",
            "totalCurrentLiabilities": "246289000",
            "currentDebt": "None",
            "netIncome": "14494000",
            "capitalExpenditures": "756000",
            "operatingCashflow": "34068000",
            "grossProfit": "76465000",
            "totalRevenue": "103023000",
            "sentiment": 0,
            "surprise": "0",
            "closePrice": "5.356"
        }
    ]
}