{
    "FTV": [
        {
            "fiscalDateEnding": "2023-12-31",
            "totalCurrentAssets": "3671600000",
            "cashAndShortTermInvestments": "1888800000",
            "totalCurrentLiabilities": "1791300000",
            "currentDebt": "None",
            "netIncome": "265200000",
            "capitalExpenditures": "34100000",
            "operatingCashflow": "446800000",
            "grossProfit": "947500000",
            "totalRevenue": "1537000000",
            "sentiment": 0.3104384529756715,
            "surprise": "0.04",
            "closePrice": "78.1070793983911"
        },
        {
            "fiscalDateEnding": "2023-09-30",
            "totalCurrentAssets": "2469300000",
            "cashAndShortTermInvestments": "714100000",
            "totalCurrentLiabilities": "2420000000",
            "currentDebt": "749900000",
            "netIncome": "218000000",
            "capitalExpenditures": "27900000",
            "operatingCashflow": "411400000",
            "grossProfit": "893000000",
            "totalRevenue": "1464700000",
            "sentiment": 0.2056444502417338,
            "surprise": "0",
            "closePrice": "64.463716091535"
        },
        {
            "fiscalDateEnding": "2023-06-30",
            "totalCurrentAssets": "2474600000",
            "cashAndShortTermInvestments": "712800000",
            "totalCurrentLiabilities": "2585000000",
            "currentDebt": "999900000",
            "netIncome": "209000000",
            "capitalExpenditures": "21000000",
            "operatingCashflow": "321000000",
            "grossProfit": "905400000",
            "totalRevenue": "1493300000",
            "sentiment": 0.28047863998441297,
            "surprise": "0.04",
            "closePrice": "76.5101820435708"
        },
        {
            "fiscalDateEnding": "2023-03-31",
            "totalCurrentAssets": "2455300000",
            "cashAndShortTermInvestments": "672800000",
            "totalCurrentLiabilities": "2630100000",
            "currentDebt": "999800000",
            "netIncome": "173600000",
            "capitalExpenditures": "24800000",
            "operatingCashflow": "174400000",
            "grossProfit": "848200000",
            "totalRevenue": "1428600000",
            "sentiment": 0.2651436354902306,
            "surprise": "0.02",
            "closePrice": "62.8036403179432"
        },
        {
            "fiscalDateEnding": "2022-12-31",
            "totalCurrentAssets": "2477000000",
            "cashAndShortTermInvestments": "709200000",
            "totalCurrentLiabilities": "2727100000",
            "currentDebt": "999700000",
            "netIncome": "227200000",
            "capitalExpenditures": "36100000",
            "operatingCashflow": "464200000",
            "grossProfit": "892500000",
            "totalRevenue": "1479600000",
            "sentiment": 0.3511770014377372,
            "surprise": "0.04",
            "closePrice": "65.5338505788315"
        },
        {
            "fiscalDateEnding": "2022-09-30",
            "totalCurrentAssets": "2447900000",
            "cashAndShortTermInvestments": "705300000",
            "totalCurrentLiabilities": "2592100000",
            "currentDebt": "999900000",
            "netIncome": "189900000",
            "capitalExpenditures": "22600000",
            "operatingCashflow": "329800000",
            "grossProfit": "845400000",
            "totalRevenue": "1429600000",
            "sentiment": 0.35018234298658246,
            "surprise": "0.03",
            "closePrice": "62.253904523821"
        },
        {
            "fiscalDateEnding": "2022-06-30",
            "totalCurrentAssets": "2445300000",
            "cashAndShortTermInvestments": "682900000",
            "totalCurrentLiabilities": "2611300000",
            "currentDebt": "None",
            "netIncome": "173000000",
            "capitalExpenditures": "18300000",
            "operatingCashflow": "294400000",
            "grossProfit": "833500000",
            "totalRevenue": "1442300000",
            "sentiment": 0.054449249642424445,
            "surprise": "0.06",
            "closePrice": "62.0167164219241"
        },
        {
            "fiscalDateEnding": "2022-03-31",
            "totalCurrentAssets": "2447700000",
            "cashAndShortTermInvestments": "684300000",
            "totalCurrentLiabilities": "2561600000",
            "currentDebt": "None",
            "netIncome": "165100000",
            "capitalExpenditures": "18800000",
            "operatingCashflow": "214800000",
            "grossProfit": "792000000",
            "totalRevenue": "1357700000",
            "sentiment": 0.09769286466173907,
            "surprise": "0.02",
            "closePrice": "58.1473400845688"
        },
        {
            "fiscalDateEnding": "2021-12-31",
            "totalCurrentAssets": "2514900000",
            "cashAndShortTermInvestments": "819300000",
            "totalCurrentLiabilities": "3714900000",
            "currentDebt": "2151700000",
            "netIncome": "165000000",
            "capitalExpenditures": "22000000",
            "operatingCashflow": "274600000",
            "grossProfit": "794000000",
            "totalRevenue": "1374800000",
            "sentiment": 0,
            "surprise": "0.01",
            "closePrice": "65.4239393604895"
        },
        {
            "fiscalDateEnding": "2021-09-30",
            "totalCurrentAssets": "2425300000",
            "cashAndShortTermInvestments": "838400000",
            "totalCurrentLiabilities": "2868900000",
            "currentDebt": "None",
            "netIncome": "152300000",
            "capitalExpenditures": "10900000",
            "operatingCashflow": "262200000",
            "grossProfit": "745700000",
            "totalRevenue": "1301000000",
            "sentiment": 0,
            "surprise": "0.01",
            "closePrice": "74.182936320289"
        },
        {
            "fiscalDateEnding": "2021-06-30",
            "totalCurrentAssets": "3086400000",
            "cashAndShortTermInvestments": "1565800000",
            "totalCurrentLiabilities": "2569700000",
            "currentDebt": "None",
            "netIncome": "180900000",
            "capitalExpenditures": "8700000",
            "operatingCashflow": "279500000",
            "grossProfit": "755500000",
            "totalRevenue": "1319700000",
            "sentiment": 0,
            "surprise": "0.06",
            "closePrice": "68.2612505455474"
        },
        {
            "fiscalDateEnding": "2021-03-31",
            "totalCurrentAssets": "2800900000",
            "cashAndShortTermInvestments": "1299600000",
            "totalCurrentLiabilities": "2474800000",
            "currentDebt": "None",
            "netIncome": "110200000",
            "capitalExpenditures": "8400000",
            "operatingCashflow": "144800000",
            "grossProfit": "711900000",
            "totalRevenue": "1259200000",
            "sentiment": 0,
            "surprise": "0.03",
            "closePrice": "73.9439813770362"
        },
        {
            "fiscalDateEnding": "2020-12-31",
            "totalCurrentAssets": "4446900000",
            "cashAndShortTermInvestments": "2944000000",
            "totalCurrentLiabilities": "2860800000",
            "currentDebt": "1400000000",
            "netIncome": "1215600000",
            "capitalExpenditures": "-10500000",
            "operatingCashflow": "284700000",
            "grossProfit": "762100000",
            "totalRevenue": "1324900000",
            "sentiment": 0,
            "surprise": "0.08",
            "closePrice": "65.2025862094837"
        },
        {
            "fiscalDateEnding": "2020-09-30",
            "totalCurrentAssets": "3774700000",
            "cashAndShortTermInvestments": "1489100000",
            "totalCurrentLiabilities": "3041000000",
            "currentDebt": "999200000",
            "netIncome": "225800000",
            "capitalExpenditures": "26700000",
            "operatingCashflow": "481700000",
            "grossProfit": "651600000",
            "totalRevenue": "1858400000",
            "sentiment": 0,
            "surprise": "0.09",
            "closePrice": "62.743740681389"
        },
        {
            "fiscalDateEnding": "2020-06-30",
            "totalCurrentAssets": "3250400000",
            "cashAndShortTermInvestments": "1063000000",
            "totalCurrentLiabilities": "2876400000",
            "currentDebt": "998800000",
            "netIncome": "130000000",
            "capitalExpenditures": "25700000",
            "operatingCashflow": "479300000",
            "grossProfit": "582800000",
            "totalRevenue": "1528000000",
            "sentiment": 0,
            "surprise": "0.1",
            "closePrice": "58.5351823502168"
        },
        {
            "fiscalDateEnding": "2020-03-31",
            "totalCurrentAssets": "3445600000",
            "cashAndShortTermInvestments": "1040500000",
            "totalCurrentLiabilities": "2121100000",
            "currentDebt": "303300000",
            "netIncome": "41900000",
            "capitalExpenditures": "33800000",
            "operatingCashflow": "191000000",
            "grossProfit": "612000000",
            "totalRevenue": "1669900000",
            "sentiment": 0,
            "surprise": "0.03",
            "closePrice": "52.681898595229"
        },
        {
            "fiscalDateEnding": "2019-12-31",
            "totalCurrentAssets": "3688800000",
            "cashAndShortTermInvestments": "1205200000",
            "totalCurrentLiabilities": "3467200000",
            "currentDebt": "1554900000",
            "netIncome": "192800000",
            "capitalExpenditures": "32900000",
            "operatingCashflow": "475400000",
            "grossProfit": "707100000",
            "totalRevenue": "2002400000",
            "sentiment": 0,
            "surprise": "0.06",
            "closePrice": "64.0023892893003"
        },
        {
            "fiscalDateEnding": "2019-09-30",
            "totalCurrentAssets": "3465900000",
            "cashAndShortTermInvestments": "1060500000",
            "totalCurrentLiabilities": "2916300000",
            "currentDebt": "1052200000",
            "netIncome": "207100000",
            "capitalExpenditures": "31100000",
            "operatingCashflow": "381000000",
            "grossProfit": "618700000",
            "totalRevenue": "1854200000",
            "sentiment": 0,
            "surprise": "0",
            "closePrice": "58.7483951888674"
        },
        {
            "fiscalDateEnding": "2019-06-30",
            "totalCurrentAssets": "3436300000",
            "cashAndShortTermInvestments": "1092100000",
            "totalCurrentLiabilities": "2791200000",
            "currentDebt": "1051300000",
            "netIncome": "174600000",
            "capitalExpenditures": "24500000",
            "operatingCashflow": "258800000",
            "grossProfit": "605800000",
            "totalRevenue": "1820300000",
            "sentiment": 0,
            "surprise": "0.01",
            "closePrice": "67.1355715651183"
        },
        {
            "fiscalDateEnding": "2019-03-31",
            "totalCurrentAssets": "5796300000",
            "cashAndShortTermInvestments": "3728900000",
            "totalCurrentLiabilities": "2639600000",
            "currentDebt": "1055400000",
            "netIncome": "164400000",
            "capitalExpenditures": "24000000",
            "operatingCashflow": "156200000",
            "grossProfit": "551600000",
            "totalRevenue": "1567600000",
            "sentiment": 0,
            "surprise": "0",
            "closePrice": "71.9861556088963"
        },
        {
            "fiscalDateEnding": "2018-12-31",
            "totalCurrentAssets": "3171200000",
            "cashAndShortTermInvestments": "1178400000",
            "totalCurrentLiabilities": "2192100000",
            "currentDebt": "456000000",
            "netIncome": "2112300000",
            "capitalExpenditures": "18600000",
            "operatingCashflow": "444800000",
            "grossProfit": "898300000",
            "totalRevenue": "1015900000",
            "sentiment": 0,
            "surprise": "0.06",
            "closePrice": "60.9700609448881"
        },
        {
            "fiscalDateEnding": "2018-09-30",
            "totalCurrentAssets": "3414300000",
            "cashAndShortTermInvestments": "1145100000",
            "totalCurrentLiabilities": "3479500000",
            "currentDebt": "1824500000",
            "netIncome": "245300000",
            "capitalExpenditures": "35000000",
            "operatingCashflow": "386700000",
            "grossProfit": "825900000",
            "totalRevenue": "1840100000",
            "sentiment": 0,
            "surprise": "-0.01",
            "closePrice": "62.4758711683153"
        },
        {
            "fiscalDateEnding": "2018-06-30",
            "totalCurrentAssets": "4503400000",
            "cashAndShortTermInvestments": "2368200000",
            "totalCurrentLiabilities": "2298700000",
            "currentDebt": "799300000",
            "netIncome": "295000000",
            "capitalExpenditures": "27300000",
            "operatingCashflow": "341900000",
            "grossProfit": "830800000",
            "totalRevenue": "1856000000",
            "sentiment": 0,
            "surprise": "0.02",
            "closePrice": "66.4146188636199"
        },
        {
            "fiscalDateEnding": "2018-03-31",
            "totalCurrentAssets": "3079700000",
            "cashAndShortTermInvestments": "1015700000",
            "totalCurrentLiabilities": "1461400000",
            "currentDebt": "None",
            "netIncome": "261200000",
            "capitalExpenditures": "31400000",
            "operatingCashflow": "171000000",
            "grossProfit": "766300000",
            "totalRevenue": "1740700000",
            "sentiment": 0,
            "surprise": "0.03",
            "closePrice": "59.049094811702"
        },
        {
            "fiscalDateEnding": "2017-12-31",
            "totalCurrentAssets": "2936800000",
            "cashAndShortTermInvestments": "962100000",
            "totalCurrentLiabilities": "1602300000",
            "currentDebt": "None",
            "netIncome": "336900000",
            "capitalExpenditures": "48400000",
            "operatingCashflow": "463400000",
            "grossProfit": "813600000",
            "totalRevenue": "906800000",
            "sentiment": 0,
            "surprise": "0.04",
            "closePrice": "56.4401663439541"
        },
        {
            "fiscalDateEnding": "2017-09-30",
            "totalCurrentAssets": "2695300000",
            "cashAndShortTermInvestments": "910900000",
            "totalCurrentLiabilities": "1379300000",
            "currentDebt": "None",
            "netIncome": "267800000",
            "capitalExpenditures": "32100000",
            "operatingCashflow": "319000000",
            "grossProfit": "744800000",
            "totalRevenue": "1685300000",
            "sentiment": 0,
            "surprise": "0.04",
            "closePrice": "59.9165672971301"
        },
        {
            "fiscalDateEnding": "2017-06-30",
            "totalCurrentAssets": "2701700000",
            "cashAndShortTermInvestments": "968400000",
            "totalCurrentLiabilities": "1370800000",
            "currentDebt": "None",
            "netIncome": "240100000",
            "capitalExpenditures": "28800000",
            "operatingCashflow": "245700000",
            "grossProfit": "708800000",
            "totalRevenue": "1628800000",
            "sentiment": 0,
            "surprise": "0.02",
            "closePrice": "50.9806312278897"
        },
        {
            "fiscalDateEnding": "2017-03-31",
            "totalCurrentAssets": "2517400000",
            "cashAndShortTermInvestments": "817600000",
            "totalCurrentLiabilities": "1401000000",
            "currentDebt": "None",
            "netIncome": "199700000",
            "capitalExpenditures": "26800000",
            "operatingCashflow": "148300000",
            "grossProfit": "654200000",
            "totalRevenue": "1535200000",
            "sentiment": 0,
            "surprise": "0.03",
            "closePrice": "50.7125471034108"
        },
        {
            "fiscalDateEnding": "2016-12-31",
            "totalCurrentAssets": "2488700000",
            "cashAndShortTermInvestments": "803200000",
            "totalCurrentLiabilities": "1466500000",
            "currentDebt": "None",
            "netIncome": "224500000",
            "capitalExpenditures": "39600000",
            "operatingCashflow": "317500000",
            "grossProfit": "796600000",
            "totalRevenue": "807100000",
            "sentiment": 0,
            "surprise": "0.01",
            "closePrice": "45.2218635406538"
        },
        {
            "fiscalDateEnding": "2016-09-30",
            "totalCurrentAssets": "2359200000",
            "cashAndShortTermInvestments": "724800000",
            "totalCurrentLiabilities": "1369000000",
            "currentDebt": "None",
            "netIncome": "226900000",
            "capitalExpenditures": "28600000",
            "operatingCashflow": "331600000",
            "grossProfit": "772900000",
            "totalRevenue": "1544000000",
            "sentiment": 0,
            "surprise": "0.08",
            "closePrice": "38.5491499044318"
        },
        {
            "fiscalDateEnding": "2016-06-30",
            "totalCurrentAssets": "2162000000",
            "cashAndShortTermInvestments": "487200000",
            "totalCurrentLiabilities": "1350200000",
            "currentDebt": "None",
            "netIncome": "238900000",
            "capitalExpenditures": "33000000",
            "operatingCashflow": "310600000",
            "grossProfit": "768100000",
            "totalRevenue": "1555100000",
            "sentiment": 0,
            "surprise": "0.03",
            "closePrice": "39.9477148056003"
        }
    ]
}