{
    "GDDY": [
        {
            "fiscalDateEnding": "2023-12-31",
            "totalCurrentAssets": "1255900000",
            "cashAndShortTermInvestments": "498800000",
            "totalCurrentLiabilities": "2683100000",
            "currentDebt": "17900000",
            "netIncome": "1113900000",
            "capitalExpenditures": "4000000",
            "operatingCashflow": "297700000",
            "grossProfit": "410700000",
            "totalRevenue": "1066200000",
            "sentiment": 0.25511570069618605,
            "surprise": "6.81",
            "closePrice": "113.03"
        },
        {
            "fiscalDateEnding": "2023-09-30",
            "totalCurrentAssets": "1199300000",
            "cashAndShortTermInvestments": "329200000",
            "totalCurrentLiabilities": "2647600000",
            "currentDebt": "18000000",
            "netIncome": "130700000",
            "capitalExpenditures": "9400000",
            "operatingCashflow": "281600000",
            "grossProfit": "381000000",
            "totalRevenue": "1032000000",
            "sentiment": 0.35909507287666537,
            "surprise": "0.18",
            "closePrice": "75.19"
        },
        {
            "fiscalDateEnding": "2023-06-30",
            "totalCurrentAssets": "1411800000",
            "cashAndShortTermInvestments": "582600000",
            "totalCurrentLiabilities": "2616600000",
            "currentDebt": "18200000",
            "netIncome": "82900000",
            "capitalExpenditures": "41200000",
            "operatingCashflow": "198000000",
            "grossProfit": "347300000",
            "totalRevenue": "1012900000",
            "sentiment": 0.308084441730103,
            "surprise": "-0.03",
            "closePrice": "75.72"
        },
        {
            "fiscalDateEnding": "2023-03-31",
            "totalCurrentAssets": "1730100000",
            "cashAndShortTermInvestments": "892400000",
            "totalCurrentLiabilities": "2599300000",
            "currentDebt": "18300000",
            "netIncome": "47300000",
            "capitalExpenditures": "22800000",
            "operatingCashflow": "270300000",
            "grossProfit": "302500000",
            "totalRevenue": "1000300000",
            "sentiment": 0.21007334032948174,
            "surprise": "-0.2",
            "closePrice": "72.29"
        },
        {
            "fiscalDateEnding": "2022-12-31",
            "totalCurrentAssets": "1582600000",
            "cashAndShortTermInvestments": "774000000",
            "totalCurrentLiabilities": "2459800000",
            "currentDebt": "18200000",
            "netIncome": "93600000",
            "capitalExpenditures": "17100000",
            "operatingCashflow": "208000000",
            "grossProfit": "334200000",
            "totalRevenue": "1002300000",
            "sentiment": 0.28385548006606065,
            "surprise": "0",
            "closePrice": "81.04"
        },
        {
            "fiscalDateEnding": "2022-09-30",
            "totalCurrentAssets": "1769800000",
            "cashAndShortTermInvestments": "826200000",
            "totalCurrentLiabilities": "2475500000",
            "currentDebt": "24400000",
            "netIncome": "99800000",
            "capitalExpenditures": "12800000",
            "operatingCashflow": "269900000",
            "grossProfit": "327500000",
            "totalRevenue": "1003600000",
            "sentiment": 0.18572435815748325,
            "surprise": "0.05",
            "closePrice": "72.65"
        },
        {
            "fiscalDateEnding": "2022-06-30",
            "totalCurrentAssets": "1551700000",
            "cashAndShortTermInvestments": "770400000",
            "totalCurrentLiabilities": "2457600000",
            "currentDebt": "24500000",
            "netIncome": "90400000",
            "capitalExpenditures": "17900000",
            "operatingCashflow": "250900000",
            "grossProfit": "326500000",
            "totalRevenue": "983700000",
            "sentiment": 0.042706847354147696,
            "surprise": "0.07",
            "closePrice": "75.57"
        },
        {
            "fiscalDateEnding": "2022-03-31",
            "totalCurrentAssets": "1443700000",
            "cashAndShortTermInvestments": "742700000",
            "totalCurrentLiabilities": "2474000000",
            "currentDebt": "24100000",
            "netIncome": "68400000",
            "capitalExpenditures": "12300000",
            "operatingCashflow": "250900000",
            "grossProfit": "304400000",
            "totalRevenue": "971300000",
            "sentiment": 0.12899987271218005,
            "surprise": "-0.01",
            "closePrice": "82.12"
        },
        {
            "fiscalDateEnding": "2021-12-31",
            "totalCurrentAssets": "1889800000",
            "cashAndShortTermInvestments": "24200000",
            "totalCurrentLiabilities": "2436700000",
            "currentDebt": "24100000",
            "netIncome": "87200000",
            "capitalExpenditures": "17700000",
            "operatingCashflow": "172200000",
            "grossProfit": "312100000",
            "totalRevenue": "988800000",
            "sentiment": 0,
            "surprise": "0.11",
            "closePrice": "74.21"
        },
        {
            "fiscalDateEnding": "2021-09-30",
            "totalCurrentAssets": "1769500000",
            "cashAndShortTermInvestments": "1143400000",
            "totalCurrentLiabilities": "2485000000",
            "currentDebt": "24100000",
            "netIncome": "97500000",
            "capitalExpenditures": "204600000",
            "operatingCashflow": "226400000",
            "grossProfit": "298200000",
            "totalRevenue": "932500000",
            "sentiment": 0,
            "surprise": "0.18",
            "closePrice": "67.21"
        },
        {
            "fiscalDateEnding": "2021-06-30",
            "totalCurrentAssets": "1990800000",
            "cashAndShortTermInvestments": "1375200000",
            "totalCurrentLiabilities": "2456500000",
            "currentDebt": "24100000",
            "netIncome": "46800000",
            "capitalExpenditures": "21900000",
            "operatingCashflow": "209400000",
            "grossProfit": "274800000",
            "totalRevenue": "899500000",
            "sentiment": 0,
            "surprise": "-0.05",
            "closePrice": "83.5"
        },
        {
            "fiscalDateEnding": "2021-03-31",
            "totalCurrentAssets": "1891700000",
            "cashAndShortTermInvestments": "1293100000",
            "totalCurrentLiabilities": "2395000000",
            "currentDebt": "24100000",
            "netIncome": "10800000",
            "capitalExpenditures": "9000000",
            "operatingCashflow": "221300000",
            "grossProfit": "244700000",
            "totalRevenue": "873200000",
            "sentiment": 0,
            "surprise": "-0.26",
            "closePrice": "82.24"
        },
        {
            "fiscalDateEnding": "2020-12-31",
            "totalCurrentAssets": "1291300000",
            "cashAndShortTermInvestments": "765200000",
            "totalCurrentLiabilities": "2314200000",
            "currentDebt": "24300000",
            "netIncome": "70500000",
            "capitalExpenditures": "42400000",
            "operatingCashflow": "165900000",
            "grossProfit": "256500000",
            "totalRevenue": "847800000",
            "sentiment": 0,
            "surprise": "0.05",
            "closePrice": "92.85"
        },
        {
            "fiscalDateEnding": "2020-09-30",
            "totalCurrentAssets": "1135900000",
            "cashAndShortTermInvestments": "621800000",
            "totalCurrentLiabilities": "2237700000",
            "currentDebt": "22600000",
            "netIncome": "64700000",
            "capitalExpenditures": "8400000",
            "operatingCashflow": "197300000",
            "grossProfit": "252000000",
            "totalRevenue": "821000000",
            "sentiment": 0,
            "surprise": "0.05",
            "closePrice": "79.78"
        },
        {
            "fiscalDateEnding": "2020-06-30",
            "totalCurrentAssets": "1304500000",
            "cashAndShortTermInvestments": "772700000",
            "totalCurrentLiabilities": "2972300000",
            "currentDebt": "18100000",
            "netIncome": "-673200000",
            "capitalExpenditures": "17200000",
            "operatingCashflow": "168100000",
            "grossProfit": "195000000",
            "totalRevenue": "787900000",
            "sentiment": 0,
            "surprise": "0.1",
            "closePrice": "74.45"
        },
        {
            "fiscalDateEnding": "2020-03-31",
            "totalCurrentAssets": "1365600000",
            "cashAndShortTermInvestments": "851400000",
            "totalCurrentLiabilities": "2124000000",
            "currentDebt": "60100000",
            "netIncome": "42900000",
            "capitalExpenditures": "13500000",
            "operatingCashflow": "233300000",
            "grossProfit": "230600000",
            "totalRevenue": "771700000",
            "sentiment": 0,
            "surprise": "0.07",
            "closePrice": "70.0"
        },
        {
            "fiscalDateEnding": "2019-12-31",
            "totalCurrentAssets": "1575300000",
            "cashAndShortTermInvestments": "1086400000",
            "totalCurrentLiabilities": "2001100000",
            "currentDebt": "57900000",
            "netIncome": "60500000",
            "capitalExpenditures": "21200000",
            "operatingCashflow": "162200000",
            "grossProfit": "780400000",
            "totalRevenue": "780400000",
            "sentiment": 0,
            "surprise": "0.03",
            "closePrice": "70.87"
        },
        {
            "fiscalDateEnding": "2019-09-30",
            "totalCurrentAssets": "1484600000",
            "cashAndShortTermInvestments": "990200000",
            "totalCurrentLiabilities": "1969300000",
            "currentDebt": "55800000",
            "netIncome": "76200000",
            "capitalExpenditures": "25200000",
            "operatingCashflow": "200200000",
            "grossProfit": "242800000",
            "totalRevenue": "738500000",
            "sentiment": 0,
            "surprise": "0.1",
            "closePrice": "62.96"
        },
        {
            "fiscalDateEnding": "2019-06-30",
            "totalCurrentAssets": "1720400000",
            "cashAndShortTermInvestments": "1222400000",
            "totalCurrentLiabilities": "2020100000",
            "currentDebt": "56600000",
            "netIncome": "-12600000",
            "capitalExpenditures": "16500000",
            "operatingCashflow": "161300000",
            "grossProfit": "166000000",
            "totalRevenue": "700700000",
            "sentiment": 0,
            "surprise": "-0.15",
            "closePrice": "74.23"
        },
        {
            "fiscalDateEnding": "2019-03-31",
            "totalCurrentAssets": "1611800000",
            "cashAndShortTermInvestments": "1109000000",
            "totalCurrentLiabilities": "1970500000",
            "currentDebt": "16500000",
            "netIncome": "12900000",
            "capitalExpenditures": "29400000",
            "operatingCashflow": "199700000",
            "grossProfit": "414300000",
            "totalRevenue": "685600000",
            "sentiment": 0,
            "surprise": "-0.03",
            "closePrice": "81.23"
        },
        {
            "fiscalDateEnding": "2018-12-31",
            "totalCurrentAssets": "1427300000",
            "cashAndShortTermInvestments": "951300000",
            "totalCurrentLiabilities": "1886200000",
            "currentDebt": "16600000",
            "netIncome": "42500000",
            "capitalExpenditures": "41700000",
            "operatingCashflow": "128500000",
            "grossProfit": "695800000",
            "totalRevenue": "695800000",
            "sentiment": 0,
            "surprise": "0.11",
            "closePrice": "72.39"
        },
        {
            "fiscalDateEnding": "2018-09-30",
            "totalCurrentAssets": "1345200000",
            "cashAndShortTermInvestments": "852200000",
            "totalCurrentLiabilities": "1900900000",
            "currentDebt": "21100000",
            "netIncome": "13200000",
            "capitalExpenditures": "19400000",
            "operatingCashflow": "154000000",
            "grossProfit": "396100000",
            "totalRevenue": "654500000",
            "sentiment": 0,
            "surprise": "-0.09",
            "closePrice": "72.5"
        },
        {
            "fiscalDateEnding": "2018-06-30",
            "totalCurrentAssets": "1350800000",
            "cashAndShortTermInvestments": "828500000",
            "totalCurrentLiabilities": "1854100000",
            "currentDebt": "21600000",
            "netIncome": "18100000",
            "capitalExpenditures": "19800000",
            "operatingCashflow": "128900000",
            "grossProfit": "388700000",
            "totalRevenue": "626900000",
            "sentiment": 0,
            "surprise": "0.03",
            "closePrice": "76.55"
        },
        {
            "fiscalDateEnding": "2018-03-31",
            "totalCurrentAssets": "1221300000",
            "cashAndShortTermInvestments": "729500000",
            "totalCurrentLiabilities": "1912500000",
            "currentDebt": "21700000",
            "netIncome": "3300000",
            "capitalExpenditures": "16100000",
            "operatingCashflow": "148400000",
            "grossProfit": "233800000",
            "totalRevenue": "633200000",
            "sentiment": 0,
            "surprise": "0.01",
            "closePrice": "65.96"
        },
        {
            "fiscalDateEnding": "2017-12-31",
            "totalCurrentAssets": "1059500000",
            "cashAndShortTermInvestments": "595000000",
            "totalCurrentLiabilities": "1810700000",
            "currentDebt": "21500000",
            "netIncome": "92600000",
            "capitalExpenditures": "125200000",
            "operatingCashflow": "104300000",
            "grossProfit": "602200000",
            "totalRevenue": "602200000",
            "sentiment": 0,
            "surprise": "0",
            "closePrice": "55.43"
        },
        {
            "fiscalDateEnding": "2017-09-30",
            "totalCurrentAssets": "1003600000",
            "cashAndShortTermInvestments": "553300000",
            "totalCurrentLiabilities": "1750500000",
            "currentDebt": "21400000",
            "netIncome": "22400000",
            "capitalExpenditures": "7200000",
            "operatingCashflow": "131400000",
            "grossProfit": "191800000",
            "totalRevenue": "552500000",
            "sentiment": 0,
            "surprise": "0",
            "closePrice": "47.22"
        },
        {
            "fiscalDateEnding": "2017-06-30",
            "totalCurrentAssets": "1605000000",
            "cashAndShortTermInvestments": "591200000",
            "totalCurrentLiabilities": "2324100000",
            "currentDebt": "584900000",
            "netIncome": "20800000",
            "capitalExpenditures": "1700000",
            "operatingCashflow": "113300000",
            "grossProfit": "172300000",
            "totalRevenue": "535800000",
            "sentiment": 0,
            "surprise": "0.09",
            "closePrice": "42.45"
        },
        {
            "fiscalDateEnding": "2017-03-31",
            "totalCurrentAssets": "1046200000",
            "cashAndShortTermInvestments": "670600000",
            "totalCurrentLiabilities": "1323000000",
            "currentDebt": "6000000",
            "netIncome": "600000",
            "capitalExpenditures": "1100000",
            "operatingCashflow": "126600000",
            "grossProfit": "138400000",
            "totalRevenue": "489700000",
            "sentiment": 0,
            "surprise": "0.07",
            "closePrice": "39.35"
        },
        {
            "fiscalDateEnding": "2016-12-31",
            "totalCurrentAssets": "932800000",
            "cashAndShortTermInvestments": "572700000",
            "totalCurrentLiabilities": "1262200000",
            "currentDebt": "10900000",
            "netIncome": "-1900000",
            "capitalExpenditures": "3500000",
            "operatingCashflow": "89100000",
            "grossProfit": "485900000",
            "totalRevenue": "485900000",
            "sentiment": 0,
            "surprise": "-0.11",
            "closePrice": "37.46"
        },
        {
            "fiscalDateEnding": "2016-09-30",
            "totalCurrentAssets": "940600000",
            "cashAndShortTermInvestments": "565800000",
            "totalCurrentLiabilities": "1235200000",
            "currentDebt": "4100000",
            "netIncome": "4800000",
            "capitalExpenditures": "3000000",
            "operatingCashflow": "99700000",
            "grossProfit": "138900000",
            "totalRevenue": "457700000",
            "sentiment": 0,
            "surprise": "0.02",
            "closePrice": "35.21"
        },
        {
            "fiscalDateEnding": "2016-06-30",
            "totalCurrentAssets": "860700000",
            "cashAndShortTermInvestments": "481700000",
            "totalCurrentLiabilities": "1233100000",
            "currentDebt": "4100000",
            "netIncome": "-8900000",
            "capitalExpenditures": "1900000",
            "operatingCashflow": "92400000",
            "grossProfit": "127700000",
            "totalRevenue": "441900000",
            "sentiment": 0,
            "surprise": "-0.04",
            "closePrice": "28.31"
        },
        {
            "fiscalDateEnding": "2016-03-31",
            "totalCurrentAssets": "811800000",
            "cashAndShortTermInvestments": "440100000",
            "totalCurrentLiabilities": "1194800000",
            "currentDebt": "4200000",
            "netIncome": "-10500000",
            "capitalExpenditures": "100000",
            "operatingCashflow": "105300000",
            "grossProfit": "120400000",
            "totalRevenue": "419400000",
            "sentiment": 0,
            "surprise": "0.02",
            "closePrice": "30.64"
        },
        {
            "fiscalDateEnding": "2015-12-31",
            "totalCurrentAssets": "693900000",
            "cashAndShortTermInvestments": "352500000",
            "totalCurrentLiabilities": "1113600000",
            "currentDebt": "16200000",
            "netIncome": "100000",
            "capitalExpenditures": "8500000",
            "operatingCashflow": "61100000",
            "grossProfit": "425400000",
            "totalRevenue": "425400000",
            "sentiment": 0,
            "surprise": "-0.12",
            "closePrice": "29.1"
        },
        {
            "fiscalDateEnding": "2015-09-30",
            "totalCurrentAssets": "683700000",
            "cashAndShortTermInvestments": "333100000",
            "totalCurrentLiabilities": "1113500000",
            "currentDebt": "4800000",
            "netIncome": "-2500000",
            "capitalExpenditures": "24100000",
            "operatingCashflow": "78700000",
            "grossProfit": "118000000",
            "totalRevenue": "396500000",
            "sentiment": 0,
            "surprise": "0.03",
            "closePrice": "27.43"
        },
        {
            "fiscalDateEnding": "2015-06-30",
            "totalCurrentAssets": "645000000",
            "cashAndShortTermInvestments": "294800000",
            "totalCurrentLiabilities": "1095200000",
            "currentDebt": "4800000",
            "netIncome": "-29800000",
            "capitalExpenditures": "800000",
            "operatingCashflow": "47300000",
            "grossProfit": "51800000",
            "totalRevenue": "356500000",
            "sentiment": 0,
            "surprise": "0.5",
            "closePrice": "29.47"
        },
        {
            "fiscalDateEnding": "2015-03-31",
            "totalCurrentAssets": "196800000",
            "cashAndShortTermInvestments": "196800000",
            "totalCurrentLiabilities": "1046100000",
            "currentDebt": "None",
            "netIncome": "-43400000",
            "capitalExpenditures": "600000",
            "operatingCashflow": "72100000",
            "grossProfit": "376300000",
            "totalRevenue": "376300000",
            "sentiment": 0,
            "surprise": "-0.67",
            "closePrice": "26.77"
        }
    ]
}