{
    "GEN": [
        {
            "fiscalDateEnding": "2023-12-31",
            "totalCurrentAssets": "1720000000",
            "cashAndShortTermInvestments": "490000000",
            "totalCurrentLiabilities": "2563000000",
            "currentDebt": "175000000",
            "netIncome": "144000000",
            "capitalExpenditures": "8000000",
            "operatingCashflow": "315000000",
            "grossProfit": "769000000",
            "totalRevenue": "951000000",
            "sentiment": 0.15916505418956392,
            "surprise": "-0.01",
            "closePrice": "23.7810271903323"
        },
        {
            "fiscalDateEnding": "2023-09-30",
            "totalCurrentAssets": "1076000000",
            "cashAndShortTermInvestments": "629000000",
            "totalCurrentLiabilities": "2460000000",
            "currentDebt": "175000000",
            "netIncome": "149000000",
            "capitalExpenditures": "5000000",
            "operatingCashflow": "125000000",
            "grossProfit": "768000000",
            "totalRevenue": "948000000",
            "sentiment": 0.18043754599059397,
            "surprise": "0",
            "closePrice": "18.7068358962768"
        },
        {
            "fiscalDateEnding": "2023-06-30",
            "totalCurrentAssets": "1087000000",
            "cashAndShortTermInvestments": "623000000",
            "totalCurrentLiabilities": "2748000000",
            "currentDebt": "233000000",
            "netIncome": "189000000",
            "capitalExpenditures": "4000000",
            "operatingCashflow": "226000000",
            "grossProfit": "767000000",
            "totalRevenue": "946000000",
            "sentiment": 0.20947307416287864,
            "surprise": "0.01",
            "closePrice": "18.2882649743654"
        },
        {
            "fiscalDateEnding": "2023-03-31",
            "totalCurrentAssets": "1233000000",
            "cashAndShortTermInvestments": "750000000",
            "totalCurrentLiabilities": "2849000000",
            "currentDebt": "233000000",
            "netIncome": "915000000",
            "capitalExpenditures": "1000000",
            "operatingCashflow": "324000000",
            "grossProfit": "757000000",
            "totalRevenue": "947000000",
            "sentiment": 0.14140187770452597,
            "surprise": "0.02",
            "closePrice": "16.7252237685237"
        },
        {
            "fiscalDateEnding": "2022-12-31",
            "totalCurrentAssets": "1376000000",
            "cashAndShortTermInvestments": "812000000",
            "totalCurrentLiabilities": "2878000000",
            "currentDebt": "233000000",
            "netIncome": "165000000",
            "capitalExpenditures": "1000000",
            "operatingCashflow": "306000000",
            "grossProfit": "758000000",
            "totalRevenue": "936000000",
            "sentiment": 0.1882393211656879,
            "surprise": "0.02",
            "closePrice": "22.8390977262133"
        },
        {
            "fiscalDateEnding": "2022-09-30",
            "totalCurrentAssets": "1622000000",
            "cashAndShortTermInvestments": "1095000000",
            "totalCurrentLiabilities": "2825000000",
            "currentDebt": "175000000",
            "netIncome": "69000000",
            "capitalExpenditures": "2000000",
            "operatingCashflow": "-88000000",
            "grossProfit": "629000000",
            "totalRevenue": "748000000",
            "sentiment": 0,
            "surprise": "0",
            "closePrice": "20.8344341281651"
        },
        {
            "fiscalDateEnding": "2022-06-30",
            "totalCurrentAssets": "1629000000",
            "cashAndShortTermInvestments": "1291000000",
            "totalCurrentLiabilities": "2624000000",
            "currentDebt": "None",
            "netIncome": "200000000",
            "capitalExpenditures": "2000000",
            "operatingCashflow": "215000000",
            "grossProfit": "605000000",
            "totalRevenue": "27000000",
            "sentiment": 0,
            "surprise": "0.02",
            "closePrice": "25.4980874369956"
        },
        {
            "fiscalDateEnding": "2022-03-31",
            "totalCurrentAssets": "2260000000",
            "cashAndShortTermInvestments": "1891000000",
            "totalCurrentLiabilities": "3065000000",
            "currentDebt": "1000000000",
            "netIncome": "120000000",
            "capitalExpenditures": "2000000",
            "operatingCashflow": "326000000",
            "grossProfit": "615000000",
            "totalRevenue": "716000000",
            "sentiment": 0,
            "surprise": "0.01",
            "closePrice": "22.9952859815808"
        },
        {
            "fiscalDateEnding": "2021-12-31",
            "totalCurrentAssets": "2157000000",
            "cashAndShortTermInvestments": "1781000000",
            "totalCurrentLiabilities": "2883000000",
            "currentDebt": "1086000000",
            "netIncome": "202000000",
            "capitalExpenditures": "2000000",
            "operatingCashflow": "330000000",
            "grossProfit": "597000000",
            "totalRevenue": "702000000",
            "sentiment": 0,
            "surprise": "0.01",
            "closePrice": "24.0988685278553"
        },
        {
            "fiscalDateEnding": "2021-09-30",
            "totalCurrentAssets": "1950000000",
            "cashAndShortTermInvestments": "1541000000",
            "totalCurrentLiabilities": "2814000000",
            "currentDebt": "None",
            "netIncome": "333000000",
            "capitalExpenditures": "1000000",
            "operatingCashflow": "60000000",
            "grossProfit": "592000000",
            "totalRevenue": "692000000",
            "sentiment": 0,
            "surprise": "0.01",
            "closePrice": "23.5727105124492"
        },
        {
            "fiscalDateEnding": "2021-06-30",
            "totalCurrentAssets": "1786000000",
            "cashAndShortTermInvestments": "1245000000",
            "totalCurrentLiabilities": "2221000000",
            "currentDebt": "None",
            "netIncome": "181000000",
            "capitalExpenditures": "1000000",
            "operatingCashflow": "258000000",
            "grossProfit": "584000000",
            "totalRevenue": "686000000",
            "sentiment": 0,
            "surprise": "0.01",
            "closePrice": "23.9571565845864"
        },
        {
            "fiscalDateEnding": "2021-03-31",
            "totalCurrentAssets": "1538000000",
            "cashAndShortTermInvestments": "951000000",
            "totalCurrentLiabilities": "2136000000",
            "currentDebt": "313000000",
            "netIncome": "194000000",
            "capitalExpenditures": "1000000",
            "operatingCashflow": "356000000",
            "grossProfit": "573000000",
            "totalRevenue": "672000000",
            "sentiment": 0,
            "surprise": "0.02",
            "closePrice": "19.7328453962864"
        },
        {
            "fiscalDateEnding": "2020-12-31",
            "totalCurrentAssets": "1848000000",
            "cashAndShortTermInvestments": "1073000000",
            "totalCurrentLiabilities": "1821000000",
            "currentDebt": "None",
            "netIncome": "178000000",
            "capitalExpenditures": "2000000",
            "operatingCashflow": "293000000",
            "grossProfit": "552000000",
            "totalRevenue": "639000000",
            "sentiment": 0,
            "surprise": "0.01",
            "closePrice": "19.92006404331"
        },
        {
            "fiscalDateEnding": "2020-09-30",
            "totalCurrentAssets": "1792000000",
            "cashAndShortTermInvestments": "1049000000",
            "totalCurrentLiabilities": "1748000000",
            "currentDebt": "None",
            "netIncome": "64000000",
            "capitalExpenditures": "2000000",
            "operatingCashflow": "-113000000",
            "grossProfit": "536000000",
            "totalRevenue": "626000000",
            "sentiment": 0,
            "surprise": "-0.19",
            "closePrice": "17.9827230533771"
        },
        {
            "fiscalDateEnding": "2020-06-30",
            "totalCurrentAssets": "1950000000",
            "cashAndShortTermInvestments": "1131000000",
            "totalCurrentLiabilities": "2548000000",
            "currentDebt": "None",
            "netIncome": "118000000",
            "capitalExpenditures": "1000000",
            "operatingCashflow": "170000000",
            "grossProfit": "528000000",
            "totalRevenue": "614000000",
            "sentiment": 0,
            "surprise": "-0.17",
            "closePrice": "21.1370291211673"
        },
        {
            "fiscalDateEnding": "2020-03-31",
            "totalCurrentAssets": "3079000000",
            "cashAndShortTermInvestments": "2263000000",
            "totalCurrentLiabilities": "2622000000",
            "currentDebt": "None",
            "netIncome": "231000000",
            "capitalExpenditures": "3000000",
            "operatingCashflow": "-1766000000",
            "grossProfit": "517000000",
            "totalRevenue": "614000000",
            "sentiment": 0,
            "surprise": "0.26",
            "closePrice": "18.144079904809"
        },
        {
            "fiscalDateEnding": "2019-12-31",
            "totalCurrentAssets": "13571000000",
            "cashAndShortTermInvestments": "12768000000",
            "totalCurrentLiabilities": "4713000000",
            "currentDebt": "None",
            "netIncome": "2845000000",
            "capitalExpenditures": "10000000",
            "operatingCashflow": "399000000",
            "grossProfit": "515000000",
            "totalRevenue": "618000000",
            "sentiment": 0,
            "surprise": "0.01",
            "closePrice": "15.3850103523154"
        },
        {
            "fiscalDateEnding": "2019-09-30",
            "totalCurrentAssets": "9760000000",
            "cashAndShortTermInvestments": "1831000000",
            "totalCurrentLiabilities": "5056000000",
            "currentDebt": "None",
            "netIncome": "785000000",
            "capitalExpenditures": "27000000",
            "operatingCashflow": "181000000",
            "grossProfit": "511000000",
            "totalRevenue": "608000000",
            "sentiment": 0,
            "surprise": "0.05",
            "closePrice": "12.9374753267664"
        },
        {
            "fiscalDateEnding": "2019-07-05",
            "totalCurrentAssets": "2561000000",
            "cashAndShortTermInvestments": "1694000000",
            "totalCurrentLiabilities": "3608000000",
            "currentDebt": "None",
            "netIncome": "26000000",
            "capitalExpenditures": "49000000",
            "operatingCashflow": "325000000",
            "grossProfit": "554000000",
            "totalRevenue": "650000000",
            "sentiment": 0,
            "surprise": "0.1",
            "closePrice": "12.1434775587347"
        },
        {
            "fiscalDateEnding": "2019-03-31",
            "totalCurrentAssets": "3186000000",
            "cashAndShortTermInvestments": "2043000000",
            "totalCurrentLiabilities": "3766000000",
            "currentDebt": "None",
            "netIncome": "34000000",
            "capitalExpenditures": "54000000",
            "operatingCashflow": "547000000",
            "grossProfit": "493000000",
            "totalRevenue": "617000000",
            "sentiment": 0,
            "surprise": "0",
            "closePrice": "11.7002888697214"
        },
        {
            "fiscalDateEnding": "2018-12-31",
            "totalCurrentAssets": "3724000000",
            "cashAndShortTermInvestments": "2579000000",
            "totalCurrentLiabilities": "3643000000",
            "currentDebt": "None",
            "netIncome": "65000000",
            "capitalExpenditures": "58000000",
            "operatingCashflow": "377000000",
            "grossProfit": "505000000",
            "totalRevenue": "615000000",
            "sentiment": 0,
            "surprise": "-0.43",
            "closePrice": "12.1752667670037"
        },
        {
            "fiscalDateEnding": "2018-09-30",
            "totalCurrentAssets": "3418000000",
            "cashAndShortTermInvestments": "2436000000",
            "totalCurrentLiabilities": "3411000000",
            "currentDebt": "None",
            "netIncome": "-8000000",
            "capitalExpenditures": "51000000",
            "operatingCashflow": "240000000",
            "grossProfit": "496000000",
            "totalRevenue": "612000000",
            "sentiment": 0,
            "surprise": "-0.22",
            "closePrice": "11.9603276569935"
        },
        {
            "fiscalDateEnding": "2018-06-30",
            "totalCurrentAssets": "3328000000",
            "cashAndShortTermInvestments": "2325000000",
            "totalCurrentLiabilities": "2875000000",
            "currentDebt": "None",
            "netIncome": "-60000000",
            "capitalExpenditures": "44000000",
            "operatingCashflow": "331000000",
            "grossProfit": "907000000",
            "totalRevenue": "1156000000",
            "sentiment": 0,
            "surprise": "-0.13",
            "closePrice": "10.1541476268149"
        },
        {
            "fiscalDateEnding": "2018-03-31",
            "totalCurrentAssets": "3494000000",
            "cashAndShortTermInvestments": "1774000000",
            "totalCurrentLiabilities": "3153000000",
            "currentDebt": "None",
            "netIncome": "-59000000",
            "capitalExpenditures": "37000000",
            "operatingCashflow": "266000000",
            "grossProfit": "-760000000",
            "totalRevenue": "1163000000",
            "sentiment": 0,
            "surprise": "0.07",
            "closePrice": "15.1881885569869"
        },
        {
            "fiscalDateEnding": "2017-12-31",
            "totalCurrentAssets": "3567000000",
            "cashAndShortTermInvestments": "2532000000",
            "totalCurrentLiabilities": "3101000000",
            "currentDebt": "None",
            "netIncome": "1342000000",
            "capitalExpenditures": "33000000",
            "operatingCashflow": "294000000",
            "grossProfit": "960000000",
            "totalRevenue": "1209000000",
            "sentiment": 0,
            "surprise": "-0.65",
            "closePrice": "14.2460836464953"
        },
        {
            "fiscalDateEnding": "2017-09-30",
            "totalCurrentAssets": "3687000000",
            "cashAndShortTermInvestments": "2026000000",
            "totalCurrentLiabilities": "3287000000",
            "currentDebt": "None",
            "netIncome": "-12000000",
            "capitalExpenditures": "25000000",
            "operatingCashflow": "177000000",
            "grossProfit": "978000000",
            "totalRevenue": "1240000000",
            "sentiment": 0,
            "surprise": "-3.76",
            "closePrice": "15.0281071858954"
        },
        {
            "fiscalDateEnding": "2017-06-30",
            "totalCurrentAssets": "3173000000",
            "cashAndShortTermInvestments": "2306000000",
            "totalCurrentLiabilities": "3121000000",
            "currentDebt": "None",
            "netIncome": "-133000000",
            "capitalExpenditures": "47000000",
            "operatingCashflow": "213000000",
            "grossProfit": "918000000",
            "totalRevenue": "1175000000",
            "sentiment": 0,
            "surprise": "-0.45",
            "closePrice": "14.7092191606891"
        },
        {
            "fiscalDateEnding": "2017-03-31",
            "totalCurrentAssets": "5324000000",
            "cashAndShortTermInvestments": "4256000000",
            "totalCurrentLiabilities": "4622000000",
            "currentDebt": "None",
            "netIncome": "-143000000",
            "capitalExpenditures": "13000000",
            "operatingCashflow": "355000000",
            "grossProfit": "856000000",
            "totalRevenue": "1115000000",
            "sentiment": 0,
            "surprise": "0",
            "closePrice": "17.0674175510609"
        },
        {
            "fiscalDateEnding": "2016-12-31",
            "totalCurrentAssets": "6511000000",
            "cashAndShortTermInvestments": "5575000000",
            "totalCurrentLiabilities": "3605000000",
            "currentDebt": "None",
            "netIncome": "46000000",
            "capitalExpenditures": "18000000",
            "operatingCashflow": "148000000",
            "grossProfit": "806000000",
            "totalRevenue": "1041000000",
            "sentiment": 0,
            "surprise": "0.82",
            "closePrice": "14.7292740482903"
        },
        {
            "fiscalDateEnding": "2016-09-30",
            "totalCurrentAssets": "6469000000",
            "cashAndShortTermInvestments": "5619000000",
            "totalCurrentLiabilities": "3509000000",
            "currentDebt": "None",
            "netIncome": "-144000000",
            "capitalExpenditures": "17000000",
            "operatingCashflow": "58000000",
            "grossProfit": "769000000",
            "totalRevenue": "979000000",
            "sentiment": 0,
            "surprise": "0.1",
            "closePrice": "13.031602092874"
        },
        {
            "fiscalDateEnding": "2016-06-30",
            "totalCurrentAssets": "6799000000",
            "cashAndShortTermInvestments": "6118000000",
            "totalCurrentLiabilities": "3322000000",
            "currentDebt": "None",
            "netIncome": "135000000",
            "capitalExpenditures": "22000000",
            "operatingCashflow": "-770000000",
            "grossProfit": "735000000",
            "totalRevenue": "884000000",
            "sentiment": 0,
            "surprise": "0.04",
            "closePrice": "10.7335193117352"
        },
        {
            "fiscalDateEnding": "2016-03-31",
            "totalCurrentAssets": "6959000000",
            "cashAndShortTermInvestments": "6025000000",
            "totalCurrentLiabilities": "4033000000",
            "currentDebt": "None",
            "netIncome": "2045000000",
            "capitalExpenditures": "47000000",
            "operatingCashflow": "256000000",
            "grossProfit": "726000000",
            "totalRevenue": "873000000",
            "sentiment": 0,
            "surprise": "-0.01",
            "closePrice": "8.58811338911274"
        },
        {
            "fiscalDateEnding": "2015-12-31",
            "totalCurrentAssets": "7173000000",
            "cashAndShortTermInvestments": "2269000000",
            "totalCurrentLiabilities": "3827000000",
            "currentDebt": "None",
            "netIncome": "170000000",
            "capitalExpenditures": "114000000",
            "operatingCashflow": "112000000",
            "grossProfit": "759000000",
            "totalRevenue": "909000000",
            "sentiment": 0,
            "surprise": "0",
            "closePrice": "8.24512413503749"
        },
        {
            "fiscalDateEnding": "2015-09-30",
            "totalCurrentAssets": "4664000000",
            "cashAndShortTermInvestments": "2621000000",
            "totalCurrentLiabilities": "3729000000",
            "currentDebt": "None",
            "netIncome": "156000000",
            "capitalExpenditures": "50000000",
            "operatingCashflow": "134000000",
            "grossProfit": "746000000",
            "totalRevenue": "906000000",
            "sentiment": 0,
            "surprise": "0.02",
            "closePrice": "8.42484643303623"
        },
        {
            "fiscalDateEnding": "2015-06-30",
            "totalCurrentAssets": "5022000000",
            "cashAndShortTermInvestments": "3639000000",
            "totalCurrentLiabilities": "4064000000",
            "currentDebt": "None",
            "netIncome": "117000000",
            "capitalExpenditures": "61000000",
            "operatingCashflow": "300000000",
            "grossProfit": "754000000",
            "totalRevenue": "912000000",
            "sentiment": 0,
            "surprise": "-0.03",
            "closePrice": "8.54638542961071"
        },
        {
            "fiscalDateEnding": "2015-03-31",
            "totalCurrentAssets": "5422000000",
            "cashAndShortTermInvestments": "3860000000",
            "totalCurrentLiabilities": "4453000000",
            "currentDebt": "None",
            "netIncome": "176000000",
            "capitalExpenditures": "54000000",
            "operatingCashflow": "488000000",
            "grossProfit": "723000000",
            "totalRevenue": "899000000",
            "sentiment": 0,
            "surprise": "-0.01",
            "closePrice": "10.3066211317326"
        },
        {
            "fiscalDateEnding": "2014-12-31",
            "totalCurrentAssets": "5255000000",
            "cashAndShortTermInvestments": "3710000000",
            "totalCurrentLiabilities": "4233000000",
            "currentDebt": "None",
            "netIncome": "222000000",
            "capitalExpenditures": "20000000",
            "operatingCashflow": "-31000000",
            "grossProfit": "793000000",
            "totalRevenue": "970000000",
            "sentiment": 0,
            "surprise": "0",
            "closePrice": "10.16060841657"
        },
        {
            "fiscalDateEnding": "2014-09-30",
            "totalCurrentAssets": "5038000000",
            "cashAndShortTermInvestments": "3793000000",
            "totalCurrentLiabilities": "4045000000",
            "currentDebt": "None",
            "netIncome": "244000000",
            "capitalExpenditures": "107000000",
            "operatingCashflow": "244000000",
            "grossProfit": "1339000000",
            "totalRevenue": "1617000000",
            "sentiment": 0,
            "surprise": "0.05",
            "closePrice": "9.90235934030275"
        },
        {
            "fiscalDateEnding": "2014-06-30",
            "totalCurrentAssets": "5288000000",
            "cashAndShortTermInvestments": "4049000000",
            "totalCurrentLiabilities": "3979000000",
            "currentDebt": "None",
            "netIncome": "236000000",
            "capitalExpenditures": "92000000",
            "operatingCashflow": "293000000",
            "grossProfit": "1426000000",
            "totalRevenue": "1735000000",
            "sentiment": 0,
            "surprise": "0.01",
            "closePrice": "9.4931465620125"
        },
        {
            "fiscalDateEnding": "2014-03-31",
            "totalCurrentAssets": "5652000000",
            "cashAndShortTermInvestments": "4072000000",
            "totalCurrentLiabilities": "4306000000",
            "currentDebt": "None",
            "netIncome": "217000000",
            "capitalExpenditures": "77000000",
            "operatingCashflow": "449000000",
            "grossProfit": "-792000000",
            "totalRevenue": "1625000000",
            "sentiment": 0,
            "surprise": "0.05",
            "closePrice": "7.81250155884816"
        },
        {
            "fiscalDateEnding": "2013-12-31",
            "totalCurrentAssets": "5316000000",
            "cashAndShortTermInvestments": "3890000000",
            "totalCurrentLiabilities": "4149000000",
            "currentDebt": "None",
            "netIncome": "283000000",
            "capitalExpenditures": "65000000",
            "operatingCashflow": "329000000",
            "grossProfit": "1422000000",
            "totalRevenue": "1705000000",
            "sentiment": 0,
            "surprise": "-0.04",
            "closePrice": "8.04859594062739"
        },
        {
            "fiscalDateEnding": "2013-09-30",
            "totalCurrentAssets": "4970000000",
            "cashAndShortTermInvestments": "3832000000",
            "totalCurrentLiabilities": "3907000000",
            "currentDebt": "None",
            "netIncome": "241000000",
            "capitalExpenditures": "57000000",
            "operatingCashflow": "191000000",
            "grossProfit": "1353000000",
            "totalRevenue": "1637000000",
            "sentiment": 0,
            "surprise": "-0.04",
            "closePrice": "8.77100462366599"
        },
        {
            "fiscalDateEnding": "2013-06-30",
            "totalCurrentAssets": "5179000000",
            "cashAndShortTermInvestments": "3783000000",
            "totalCurrentLiabilities": "4205000000",
            "currentDebt": "None",
            "netIncome": "157000000",
            "capitalExpenditures": "61000000",
            "operatingCashflow": "312000000",
            "grossProfit": "1409000000",
            "totalRevenue": "1709000000",
            "sentiment": 0,
            "surprise": "-0.07",
            "closePrice": "10.1488821197709"
        },
        {
            "fiscalDateEnding": "2013-03-31",
            "totalCurrentAssets": "6416000000",
            "cashAndShortTermInvestments": "4747000000",
            "totalCurrentLiabilities": "5567000000",
            "currentDebt": "None",
            "netIncome": "190000000",
            "capitalExpenditures": "91000000",
            "operatingCashflow": "612000000",
            "grossProfit": "1440000000",
            "totalRevenue": "1748000000",
            "sentiment": 0,
            "surprise": "0.06",
            "closePrice": "9.49126721816502"
        },
        {
            "fiscalDateEnding": "2012-12-31",
            "totalCurrentAssets": "5816000000",
            "cashAndShortTermInvestments": "4252000000",
            "totalCurrentLiabilities": "5482000000",
            "currentDebt": "None",
            "netIncome": "216000000",
            "capitalExpenditures": "77000000",
            "operatingCashflow": "463000000",
            "grossProfit": "1492000000",
            "totalRevenue": "1791000000",
            "sentiment": 0,
            "surprise": "-0.03",
            "closePrice": "8.56104740315761"
        },
        {
            "fiscalDateEnding": "2012-09-30",
            "totalCurrentAssets": "5206000000",
            "cashAndShortTermInvestments": "4007000000",
            "totalCurrentLiabilities": "5008000000",
            "currentDebt": "None",
            "netIncome": "189000000",
            "capitalExpenditures": "89000000",
            "operatingCashflow": "178000000",
            "grossProfit": "1415000000",
            "totalRevenue": "1699000000",
            "sentiment": 0,
            "surprise": "0.01",
            "closePrice": "7.07496452796285"
        },
        {
            "fiscalDateEnding": "2012-06-30",
            "totalCurrentAssets": "5219000000",
            "cashAndShortTermInvestments": "4111000000",
            "totalCurrentLiabilities": "5114000000",
            "currentDebt": "None",
            "netIncome": "160000000",
            "capitalExpenditures": "79000000",
            "operatingCashflow": "340000000",
            "grossProfit": "1384000000",
            "totalRevenue": "1668000000",
            "sentiment": 0,
            "surprise": "-0.01",
            "closePrice": "6.46616212871003"
        },
        {
            "fiscalDateEnding": "2012-03-31",
            "totalCurrentAssets": "4633000000",
            "cashAndShortTermInvestments": "3211000000",
            "totalCurrentLiabilities": "4505000000",
            "currentDebt": "None",
            "netIncome": "574000000",
            "capitalExpenditures": "87000000",
            "operatingCashflow": "687000000",
            "grossProfit": "1394000000",
            "totalRevenue": "1681000000",
            "sentiment": 0,
            "surprise": "0",
            "closePrice": "6.21280957746817"
        },
        {
            "fiscalDateEnding": "2011-12-31",
            "totalCurrentAssets": "3886000000",
            "cashAndShortTermInvestments": "51000000",
            "totalCurrentLiabilities": "4169000000",
            "currentDebt": "None",
            "netIncome": "240000000",
            "capitalExpenditures": "75000000",
            "operatingCashflow": "403000000",
            "grossProfit": "1444000000",
            "totalRevenue": "1715000000",
            "sentiment": 0,
            "surprise": "0.04",
            "closePrice": "6.78001678174098"
        },
        {
            "fiscalDateEnding": "2011-09-30",
            "totalCurrentAssets": "3433000000",
            "cashAndShortTermInvestments": "270000000",
            "totalCurrentLiabilities": "3895000000",
            "currentDebt": "None",
            "netIncome": "182000000",
            "capitalExpenditures": "73000000",
            "operatingCashflow": "308000000",
            "grossProfit": "1416000000",
            "totalRevenue": "1681000000",
            "sentiment": 0,
            "surprise": "0.02",
            "closePrice": "6.43212969645366"
        },
        {
            "fiscalDateEnding": "2011-06-30",
            "totalCurrentAssets": "3484000000",
            "cashAndShortTermInvestments": "2297000000",
            "totalCurrentLiabilities": "4051000000",
            "currentDebt": "None",
            "netIncome": "191000000",
            "capitalExpenditures": "51000000",
            "operatingCashflow": "503000000",
            "grossProfit": "1394000000",
            "totalRevenue": "1653000000",
            "sentiment": 0,
            "surprise": "-0.01",
            "closePrice": "7.19785942222195"
        },
        {
            "fiscalDateEnding": "2011-03-31",
            "totalCurrentAssets": "4486000000",
            "cashAndShortTermInvestments": "8000000000",
            "totalCurrentLiabilities": "4893000000",
            "currentDebt": "None",
            "netIncome": "168000000",
            "capitalExpenditures": "83000000",
            "operatingCashflow": "689000000",
            "grossProfit": "1403000000",
            "totalRevenue": "1673000000",
            "sentiment": 0,
            "surprise": "0.02",
            "closePrice": "7.33966122329016"
        },
        {
            "fiscalDateEnding": "2010-12-31",
            "totalCurrentAssets": "3893000000",
            "cashAndShortTermInvestments": "2452000000",
            "totalCurrentLiabilities": "4584000000",
            "currentDebt": "None",
            "netIncome": "132000000",
            "capitalExpenditures": "69000000",
            "operatingCashflow": "460000000",
            "grossProfit": "1340000000",
            "totalRevenue": "1604000000",
            "sentiment": 0,
            "surprise": "0.03",
            "closePrice": "6.9653044684701"
        },
        {
            "fiscalDateEnding": "2010-09-30",
            "totalCurrentAssets": "3443000000",
            "cashAndShortTermInvestments": "2264000000",
            "totalCurrentLiabilities": "4234000000",
            "currentDebt": "None",
            "netIncome": "136000000",
            "capitalExpenditures": "64000000",
            "operatingCashflow": "310000000",
            "grossProfit": "1234000000",
            "totalRevenue": "1480000000",
            "sentiment": 0,
            "surprise": "0.05",
            "closePrice": "6.19390267065908"
        },
        {
            "fiscalDateEnding": "2010-06-30",
            "totalCurrentAssets": "3755000000",
            "cashAndShortTermInvestments": "2739000000",
            "totalCurrentLiabilities": "4530000000",
            "currentDebt": "None",
            "netIncome": "161000000",
            "capitalExpenditures": "52000000",
            "operatingCashflow": "335000000",
            "grossProfit": "1168000000",
            "totalRevenue": "1433000000",
            "sentiment": 0,
            "surprise": "0.02",
            "closePrice": "4.94982820262072"
        },
        {
            "fiscalDateEnding": "2010-03-31",
            "totalCurrentAssets": "4351000000",
            "cashAndShortTermInvestments": "3044000000",
            "totalCurrentLiabilities": "3771000000",
            "currentDebt": "None",
            "netIncome": "184000000",
            "capitalExpenditures": "99000000",
            "operatingCashflow": "703000000",
            "grossProfit": "1255000000",
            "totalRevenue": "1531000000",
            "sentiment": 0.20558341797940252,
            "surprise": "0.03",
            "closePrice": "6.14474471295544"
        },
        {
            "fiscalDateEnding": "2010-12-31",
            "totalCurrentAssets": "3944000000",
            "cashAndShortTermInvestments": "2611000000",
            "totalCurrentLiabilities": "3600000000",
            "currentDebt": "None",
            "netIncome": "301000000",
            "capitalExpenditures": "41000000",
            "operatingCashflow": "393000000",
            "grossProfit": "1290000000",
            "totalRevenue": "1548000000",
            "sentiment": 0,
            "surprise": "0.03",
            "closePrice": "6.9653044684701"
        },
        {
            "fiscalDateEnding": "2009-09-30",
            "totalCurrentAssets": "3493000000",
            "cashAndShortTermInvestments": "2332000000",
            "totalCurrentLiabilities": "3373000000",
            "currentDebt": "None",
            "netIncome": "155000000",
            "capitalExpenditures": "54000000",
            "operatingCashflow": "226000000",
            "grossProfit": "1215000000",
            "totalRevenue": "1474000000",
            "sentiment": 0,
            "surprise": "0.03",
            "closePrice": "6.52288284913731"
        },
        {
            "fiscalDateEnding": "2009-06-30",
            "totalCurrentAssets": "3306000000",
            "cashAndShortTermInvestments": "2216000000",
            "totalCurrentLiabilities": "3392000000",
            "currentDebt": "None",
            "netIncome": "74000000",
            "capitalExpenditures": "54000000",
            "operatingCashflow": "371000000",
            "grossProfit": "1120000000",
            "totalRevenue": "1432000000",
            "sentiment": 0,
            "surprise": "0",
            "closePrice": "5.88761078035176"
        }
    ]
}