{
    "GIB": [
        {
            "fiscalDateEnding": "2023-12-31",
            "totalCurrentAssets": "4536113000",
            "cashAndShortTermInvestments": "1132661000",
            "totalCurrentLiabilities": "4094058000",
            "currentDebt": "None",
            "netIncome": "389796000",
            "capitalExpenditures": "63452000",
            "operatingCashflow": "577172000",
            "grossProfit": "583855000",
            "totalRevenue": "3602970000",
            "sentiment": 0.41663407802220287,
            "surprise": "0.01",
            "closePrice": "111.82"
        },
        {
            "fiscalDateEnding": "2023-09-30",
            "totalCurrentAssets": "4933727000",
            "cashAndShortTermInvestments": "1568291000",
            "totalCurrentLiabilities": "4645799000",
            "currentDebt": "None",
            "netIncome": "414476000",
            "capitalExpenditures": "82420000",
            "operatingCashflow": "628734000",
            "grossProfit": "574923000",
            "totalRevenue": "3507336000",
            "sentiment": 0.4507093492372562,
            "surprise": "0.02",
            "closePrice": "99.27"
        },
        {
            "fiscalDateEnding": "2023-06-30",
            "totalCurrentAssets": "5133232000",
            "cashAndShortTermInvestments": "1468832000",
            "totalCurrentLiabilities": "4444551000",
            "currentDebt": "None",
            "netIncome": "414979000",
            "capitalExpenditures": "75270000",
            "operatingCashflow": "409110000",
            "grossProfit": "586345000",
            "totalRevenue": "3623428000",
            "sentiment": 0.48919674713255895,
            "surprise": "0.01",
            "closePrice": "97.96"
        },
        {
            "fiscalDateEnding": "2023-03-31",
            "totalCurrentAssets": "4959565000",
            "cashAndShortTermInvestments": "1280800000",
            "totalCurrentLiabilities": "4591680000",
            "currentDebt": "None",
            "netIncome": "419415000",
            "capitalExpenditures": "76663000",
            "operatingCashflow": "469131000",
            "grossProfit": "602007000",
            "totalRevenue": "3715324000",
            "sentiment": 0.4079986441806515,
            "surprise": "0.1",
            "closePrice": "101.31"
        },
        {
            "fiscalDateEnding": "2022-12-31",
            "totalCurrentAssets": "4862702000",
            "cashAndShortTermInvestments": "1324835000",
            "totalCurrentLiabilities": "4511983000",
            "currentDebt": "None",
            "netIncome": "382379000",
            "capitalExpenditures": "72616000",
            "operatingCashflow": "605274000",
            "grossProfit": "550664000",
            "totalRevenue": "3450272000",
            "sentiment": 0.5178265799349755,
            "surprise": "0.06",
            "closePrice": "89.33"
        },
        {
            "fiscalDateEnding": "2022-09-30",
            "totalCurrentAssets": "4349047000",
            "cashAndShortTermInvestments": "966458000",
            "totalCurrentLiabilities": "3649331000",
            "currentDebt": "None",
            "netIncome": "362362000",
            "capitalExpenditures": "78993000",
            "operatingCashflow": "488861000",
            "grossProfit": "1253496000",
            "totalRevenue": "3247221000",
            "sentiment": 0.4346307691763561,
            "surprise": "0.01",
            "closePrice": "80.35"
        },
        {
            "fiscalDateEnding": "2022-06-30",
            "totalCurrentAssets": "4310252000",
            "cashAndShortTermInvestments": "779623000",
            "totalCurrentLiabilities": "3840978000",
            "currentDebt": "None",
            "netIncome": "364344000",
            "capitalExpenditures": "82028000",
            "operatingCashflow": "419183000",
            "grossProfit": "520597000",
            "totalRevenue": "3258638000",
            "sentiment": 0.10674879147558354,
            "surprise": "0",
            "closePrice": "85.21"
        },
        {
            "fiscalDateEnding": "2022-03-31",
            "totalCurrentAssets": "4332801000",
            "cashAndShortTermInvestments": "1056252000",
            "totalCurrentLiabilities": "3643974000",
            "currentDebt": "None",
            "netIncome": "371988000",
            "capitalExpenditures": "64650000",
            "operatingCashflow": "472629000",
            "grossProfit": "523170000",
            "totalRevenue": "3268946000",
            "sentiment": 0.1545022402041962,
            "surprise": "0.03",
            "closePrice": "80.38"
        },
        {
            "fiscalDateEnding": "2021-12-31",
            "totalCurrentAssets": "4363698000",
            "cashAndShortTermInvestments": "1184641000",
            "totalCurrentLiabilities": "3583558000",
            "currentDebt": "None",
            "netIncome": "367448000",
            "capitalExpenditures": "68086000",
            "operatingCashflow": "484325000",
            "grossProfit": "521789000",
            "totalRevenue": "3092396000",
            "sentiment": 0,
            "surprise": "0.05",
            "closePrice": "88.59"
        },
        {
            "fiscalDateEnding": "2021-09-30",
            "totalCurrentAssets": "4765138000",
            "cashAndShortTermInvestments": "1699206000",
            "totalCurrentLiabilities": "3803472000",
            "currentDebt": "None",
            "netIncome": "345934000",
            "capitalExpenditures": "60628000",
            "operatingCashflow": "526934000",
            "grossProfit": "1260373000",
            "totalRevenue": "3007458000",
            "sentiment": 0,
            "surprise": "0.05",
            "closePrice": "87.89"
        },
        {
            "fiscalDateEnding": "2021-06-30",
            "totalCurrentAssets": "4345254000",
            "cashAndShortTermInvestments": "1266957000",
            "totalCurrentLiabilities": "3985967000",
            "currentDebt": "None",
            "netIncome": "338474000",
            "capitalExpenditures": "69635000",
            "operatingCashflow": "418904000",
            "grossProfit": "478685000",
            "totalRevenue": "3021354000",
            "sentiment": 0,
            "surprise": "0.01",
            "closePrice": "89.93"
        },
        {
            "fiscalDateEnding": "2021-03-31",
            "totalCurrentAssets": "4471077000",
            "cashAndShortTermInvestments": "1339794000",
            "totalCurrentLiabilities": "4116337000",
            "currentDebt": "None",
            "netIncome": "341213000",
            "capitalExpenditures": "63764000",
            "operatingCashflow": "572617000",
            "grossProfit": "484797000",
            "totalRevenue": "3078540000",
            "sentiment": 0,
            "surprise": "0.02",
            "closePrice": "86.82"
        },
        {
            "fiscalDateEnding": "2020-12-31",
            "totalCurrentAssets": "4709217000",
            "cashAndShortTermInvestments": "1675099000",
            "totalCurrentLiabilities": "3900224000",
            "currentDebt": "None",
            "netIncome": "343451000",
            "capitalExpenditures": "41713000",
            "operatingCashflow": "597473000",
            "grossProfit": "492967000",
            "totalRevenue": "3019441000",
            "sentiment": 0,
            "surprise": "0.09",
            "closePrice": "77.37"
        },
        {
            "fiscalDateEnding": "2020-09-30",
            "totalCurrentAssets": "4935986000",
            "cashAndShortTermInvestments": "1707985000",
            "totalCurrentLiabilities": "3655825000",
            "currentDebt": "None",
            "netIncome": "251914000",
            "capitalExpenditures": "80089000",
            "operatingCashflow": "492000000",
            "grossProfit": "1077363000",
            "totalRevenue": "2925560000",
            "sentiment": 0,
            "surprise": "0.05",
            "closePrice": "71.09"
        },
        {
            "fiscalDateEnding": "2020-06-30",
            "totalCurrentAssets": "4673124000",
            "cashAndShortTermInvestments": "1365279000",
            "totalCurrentLiabilities": "3516546000",
            "currentDebt": "None",
            "netIncome": "260907000",
            "capitalExpenditures": "61294000",
            "operatingCashflow": "584798000",
            "grossProfit": "446532000",
            "totalRevenue": "3052667000",
            "sentiment": 0,
            "surprise": "0.05",
            "closePrice": "69.91"
        },
        {
            "fiscalDateEnding": "2020-03-31",
            "totalCurrentAssets": "3730514000",
            "cashAndShortTermInvestments": "302487000",
            "totalCurrentLiabilities": "3447803000",
            "currentDebt": "None",
            "netIncome": "314848000",
            "capitalExpenditures": "66988000",
            "operatingCashflow": "396492000",
            "grossProfit": "485541000",
            "totalRevenue": "3131141000",
            "sentiment": 0,
            "surprise": "0.04",
            "closePrice": "63.44"
        },
        {
            "fiscalDateEnding": "2019-12-31",
            "totalCurrentAssets": "3659890000",
            "cashAndShortTermInvestments": "213078000",
            "totalCurrentLiabilities": "3508652000",
            "currentDebt": "None",
            "netIncome": "290193000",
            "capitalExpenditures": "53385000",
            "operatingCashflow": "465266000",
            "grossProfit": "474973000",
            "totalRevenue": "3054747000",
            "sentiment": 0,
            "surprise": "-0.02",
            "closePrice": "78.81"
        },
        {
            "fiscalDateEnding": "2019-09-30",
            "totalCurrentAssets": "3257383000",
            "cashAndShortTermInvestments": "213831000",
            "totalCurrentLiabilities": "2884123000",
            "currentDebt": "None",
            "netIncome": "324089000",
            "capitalExpenditures": "68013000",
            "operatingCashflow": "405214000",
            "grossProfit": "1269599000",
            "totalRevenue": "2959230000",
            "sentiment": 0,
            "surprise": "0",
            "closePrice": "79.44"
        },
        {
            "fiscalDateEnding": "2019-06-30",
            "totalCurrentAssets": "3390412000",
            "cashAndShortTermInvestments": "225151000",
            "totalCurrentLiabilities": "3110019000",
            "currentDebt": "None",
            "netIncome": "309363000",
            "capitalExpenditures": "70512000",
            "operatingCashflow": "375171000",
            "grossProfit": "475435000",
            "totalRevenue": "3119797000",
            "sentiment": 0,
            "surprise": "0",
            "closePrice": "76.93"
        },
        {
            "fiscalDateEnding": "2019-03-31",
            "totalCurrentAssets": "3651598000",
            "cashAndShortTermInvestments": "543958000",
            "totalCurrentLiabilities": "3136494000",
            "currentDebt": "None",
            "netIncome": "318281000",
            "capitalExpenditures": "68345000",
            "operatingCashflow": "462005000",
            "grossProfit": "457384000",
            "totalRevenue": "3068263000",
            "sentiment": 0,
            "surprise": "0",
            "closePrice": "71.55"
        },
        {
            "fiscalDateEnding": "2018-12-31",
            "totalCurrentAssets": "3733463000",
            "cashAndShortTermInvestments": "406132000",
            "totalCurrentLiabilities": "3266068000",
            "currentDebt": "None",
            "netIncome": "311474000",
            "capitalExpenditures": "61167000",
            "operatingCashflow": "391529000",
            "grossProfit": "437157000",
            "totalRevenue": "2963946000",
            "sentiment": 0,
            "surprise": "0.01",
            "closePrice": "65.42"
        },
        {
            "fiscalDateEnding": "2018-09-30",
            "totalCurrentAssets": "3104432000",
            "cashAndShortTermInvestments": "184091000",
            "totalCurrentLiabilities": "3119667000",
            "currentDebt": "None",
            "netIncome": "293485000",
            "capitalExpenditures": "62687000",
            "operatingCashflow": "340363000",
            "grossProfit": "1193532000",
            "totalRevenue": "2798960000",
            "sentiment": 0,
            "surprise": "0.02",
            "closePrice": "62.16"
        },
        {
            "fiscalDateEnding": "2018-06-30",
            "totalCurrentAssets": "3196477000",
            "cashAndShortTermInvestments": "171096000",
            "totalCurrentLiabilities": "3244674000",
            "currentDebt": "None",
            "netIncome": "288280000",
            "capitalExpenditures": "55702000",
            "operatingCashflow": "317303000",
            "grossProfit": "437004000",
            "totalRevenue": "2940712000",
            "sentiment": 0,
            "surprise": "0",
            "closePrice": "62.49"
        },
        {
            "fiscalDateEnding": "2018-03-31",
            "totalCurrentAssets": "3298000000",
            "cashAndShortTermInvestments": "288000000",
            "totalCurrentLiabilities": "3343000000",
            "currentDebt": "None",
            "netIncome": "274372000",
            "capitalExpenditures": "66886000",
            "operatingCashflow": "425652000",
            "grossProfit": "424366000",
            "totalRevenue": "2950258000",
            "sentiment": 0,
            "surprise": "0",
            "closePrice": "59.16"
        },
        {
            "fiscalDateEnding": "2017-12-31",
            "totalCurrentAssets": "3192977000",
            "cashAndShortTermInvestments": "238942000",
            "totalCurrentLiabilities": "3215021000",
            "currentDebt": "None",
            "netIncome": "285265000",
            "capitalExpenditures": "53426000",
            "operatingCashflow": "410090000",
            "grossProfit": "406263000",
            "totalRevenue": "2816895000",
            "sentiment": 0,
            "surprise": "0.02",
            "closePrice": "57.14"
        },
        {
            "fiscalDateEnding": "2017-09-30",
            "totalCurrentAssets": "2863019000",
            "cashAndShortTermInvestments": "165872000",
            "totalCurrentLiabilities": "2701550000",
            "currentDebt": "None",
            "netIncome": "208462000",
            "capitalExpenditures": "52188000",
            "operatingCashflow": "352077000",
            "grossProfit": "1149772000",
            "totalRevenue": "2608099000",
            "sentiment": 0,
            "surprise": "-0.01",
            "closePrice": "52.13"
        },
        {
            "fiscalDateEnding": "2017-06-30",
            "totalCurrentAssets": "3202935000",
            "cashAndShortTermInvestments": "302937000",
            "totalCurrentLiabilities": "2813294000",
            "currentDebt": "None",
            "netIncome": "276644000",
            "capitalExpenditures": "50474000",
            "operatingCashflow": "290602000",
            "grossProfit": "399975000",
            "totalRevenue": "2836817000",
            "sentiment": 0,
            "surprise": "-0.01",
            "closePrice": "51.1"
        },
        {
            "fiscalDateEnding": "2017-03-31",
            "totalCurrentAssets": "3007978000",
            "cashAndShortTermInvestments": "282038000",
            "totalCurrentLiabilities": "2744134000",
            "currentDebt": "None",
            "netIncome": "274438000",
            "capitalExpenditures": "62087000",
            "operatingCashflow": "366219000",
            "grossProfit": "395479000",
            "totalRevenue": "2724431000",
            "sentiment": 0,
            "surprise": "-0.02",
            "closePrice": "47.78"
        },
        {
            "fiscalDateEnding": "2016-12-31",
            "totalCurrentAssets": "3021707000",
            "cashAndShortTermInvestments": "313909000",
            "totalCurrentLiabilities": "2780977000",
            "currentDebt": "None",
            "netIncome": "275651000",
            "capitalExpenditures": "54185000",
            "operatingCashflow": "349654000",
            "grossProfit": "399015000",
            "totalRevenue": "2675719000",
            "sentiment": 0,
            "surprise": "0",
            "closePrice": "48.95"
        },
        {
            "fiscalDateEnding": "2016-09-30",
            "totalCurrentAssets": "3203656000",
            "cashAndShortTermInvestments": "596529000",
            "totalCurrentLiabilities": "2778664000",
            "currentDebt": "None",
            "netIncome": "274435000",
            "capitalExpenditures": "70380000",
            "operatingCashflow": "401806000",
            "grossProfit": "1222858000",
            "totalRevenue": "2582429000",
            "sentiment": 0,
            "surprise": "-0.01",
            "closePrice": "50.14"
        },
        {
            "fiscalDateEnding": "2016-06-30",
            "totalCurrentAssets": "2981656000",
            "cashAndShortTermInvestments": "283681000",
            "totalCurrentLiabilities": "2897294000",
            "currentDebt": "None",
            "netIncome": "273833000",
            "capitalExpenditures": "67471000",
            "operatingCashflow": "351678000",
            "grossProfit": "389127000",
            "totalRevenue": "2667109000",
            "sentiment": 0,
            "surprise": "0.01",
            "closePrice": "47.82"
        },
        {
            "fiscalDateEnding": "2016-03-31",
            "totalCurrentAssets": "2786228000",
            "cashAndShortTermInvestments": "168919000",
            "totalCurrentLiabilities": "2850797000",
            "currentDebt": "None",
            "netIncome": "282735000",
            "capitalExpenditures": "75077000",
            "operatingCashflow": "251381000",
            "grossProfit": "392222000",
            "totalRevenue": "2750049000",
            "sentiment": 0,
            "surprise": "-0.02",
            "closePrice": "47.0"
        },
        {
            "fiscalDateEnding": "2015-12-31",
            "totalCurrentAssets": "3229027000",
            "cashAndShortTermInvestments": "552354000",
            "totalCurrentLiabilities": "3173631000",
            "currentDebt": "None",
            "netIncome": "237713000",
            "capitalExpenditures": "53551000",
            "operatingCashflow": "328209000",
            "grossProfit": "385650000",
            "totalRevenue": "2683677000",
            "sentiment": 0,
            "surprise": "0.02",
            "closePrice": "40.93"
        },
        {
            "fiscalDateEnding": "2015-09-30",
            "totalCurrentAssets": "2965528000",
            "cashAndShortTermInvestments": "305262000",
            "totalCurrentLiabilities": "3107785000",
            "currentDebt": "None",
            "netIncome": "232889000",
            "capitalExpenditures": "53178000",
            "operatingCashflow": "451310000",
            "grossProfit": "1221373000",
            "totalRevenue": "2585275000",
            "sentiment": 0,
            "surprise": "0.02",
            "closePrice": "40.61"
        },
        {
            "fiscalDateEnding": "2015-06-30",
            "totalCurrentAssets": "2762585000",
            "cashAndShortTermInvestments": "264695000",
            "totalCurrentLiabilities": "2964768000",
            "currentDebt": "None",
            "netIncome": "257237000",
            "capitalExpenditures": "37905000",
            "operatingCashflow": "214090000",
            "grossProfit": "369896000",
            "totalRevenue": "2559358000",
            "sentiment": 0,
            "surprise": "-0.01",
            "closePrice": "37.28"
        },
        {
            "fiscalDateEnding": "2015-03-31",
            "totalCurrentAssets": "2554990000",
            "cashAndShortTermInvestments": "223506000",
            "totalCurrentLiabilities": "2692166000",
            "currentDebt": "None",
            "netIncome": "251174000",
            "capitalExpenditures": "41290000",
            "operatingCashflow": "284705000",
            "grossProfit": "369772000",
            "totalRevenue": "2601208000",
            "sentiment": 0,
            "surprise": "-0.02",
            "closePrice": "43.0"
        },
        {
            "fiscalDateEnding": "2014-12-31",
            "totalCurrentAssets": "2859048000",
            "cashAndShortTermInvestments": "489577000",
            "totalCurrentLiabilities": "2800286000",
            "currentDebt": "None",
            "netIncome": "236256000",
            "capitalExpenditures": "61476000",
            "operatingCashflow": "339205000",
            "grossProfit": "345870000",
            "totalRevenue": "2541255000",
            "sentiment": 0,
            "surprise": "-0.01",
            "closePrice": "38.68"
        },
        {
            "fiscalDateEnding": "2014-09-30",
            "totalCurrentAssets": "2867584000",
            "cashAndShortTermInvestments": "535715000",
            "totalCurrentLiabilities": "2778219000",
            "currentDebt": "None",
            "netIncome": "213708000",
            "capitalExpenditures": "57349000",
            "operatingCashflow": "412000000",
            "grossProfit": "1244814000",
            "totalRevenue": "2483669000",
            "sentiment": 0,
            "surprise": "0",
            "closePrice": "35.59"
        },
        {
            "fiscalDateEnding": "2014-06-30",
            "totalCurrentAssets": "2732547000",
            "cashAndShortTermInvestments": "131292000",
            "totalCurrentLiabilities": "3468874000",
            "currentDebt": "None",
            "netIncome": "225094000",
            "capitalExpenditures": "72114000",
            "operatingCashflow": "345876000",
            "grossProfit": "346684000",
            "totalRevenue": "2667047000",
            "sentiment": 0,
            "surprise": "-0.01",
            "closePrice": "35.63"
        },
        {
            "fiscalDateEnding": "2014-03-31",
            "totalCurrentAssets": "2848913000",
            "cashAndShortTermInvestments": "133436000",
            "totalCurrentLiabilities": "3509500000",
            "currentDebt": "None",
            "netIncome": "230851000",
            "capitalExpenditures": "64029000",
            "operatingCashflow": "350655000",
            "grossProfit": "341492000",
            "totalRevenue": "2704266000",
            "sentiment": 0,
            "surprise": "0.03",
            "closePrice": "36.07"
        },
        {
            "fiscalDateEnding": "2013-12-31",
            "totalCurrentAssets": "3340125000",
            "cashAndShortTermInvestments": "206144000",
            "totalCurrentLiabilities": "3859726000",
            "currentDebt": "None",
            "netIncome": "189790000",
            "capitalExpenditures": "65705000",
            "operatingCashflow": "66304000",
            "grossProfit": "303396000",
            "totalRevenue": "2644710000",
            "sentiment": 0,
            "surprise": "-0.05",
            "closePrice": "29.95"
        },
        {
            "fiscalDateEnding": "2013-09-30",
            "totalCurrentAssets": "2683164000",
            "cashAndShortTermInvestments": "106199000",
            "totalCurrentLiabilities": "3482000000",
            "currentDebt": "None",
            "netIncome": "141022000",
            "capitalExpenditures": "54377000",
            "operatingCashflow": "166350000",
            "grossProfit": "1190869000",
            "totalRevenue": "2458207000",
            "sentiment": 0,
            "surprise": "0.05",
            "closePrice": "37.51"
        },
        {
            "fiscalDateEnding": "2013-06-30",
            "totalCurrentAssets": "2893269000",
            "cashAndShortTermInvestments": "139940000",
            "totalCurrentLiabilities": "3602508000",
            "currentDebt": "None",
            "netIncome": "178165000",
            "capitalExpenditures": "32317000",
            "operatingCashflow": "133200000",
            "grossProfit": "291480000",
            "totalRevenue": "2567263000",
            "sentiment": 0,
            "surprise": "0.05",
            "closePrice": "34.61"
        },
        {
            "fiscalDateEnding": "2013-03-31",
            "totalCurrentAssets": "2904990000",
            "cashAndShortTermInvestments": "154433000",
            "totalCurrentLiabilities": "3074902000",
            "currentDebt": "None",
            "netIncome": "114188000",
            "capitalExpenditures": "76954000",
            "operatingCashflow": "147177000",
            "grossProfit": "260226000",
            "totalRevenue": "2526225000",
            "sentiment": 0,
            "surprise": "0.06",
            "closePrice": "31.66"
        },
        {
            "fiscalDateEnding": "2012-12-31",
            "totalCurrentAssets": "2956279000",
            "cashAndShortTermInvestments": "147024000",
            "totalCurrentLiabilities": "3020245000",
            "currentDebt": "None",
            "netIncome": "22445000",
            "capitalExpenditures": "49764000",
            "operatingCashflow": "224530000",
            "grossProfit": "212007000",
            "totalRevenue": "2532929000",
            "sentiment": 0,
            "surprise": "-0.02",
            "closePrice": "26.27"
        },
        {
            "fiscalDateEnding": "2012-09-30",
            "totalCurrentAssets": "2790055000",
            "cashAndShortTermInvestments": "113103000",
            "totalCurrentLiabilities": "2728100000",
            "currentDebt": "None",
            "netIncome": "-167968000",
            "capitalExpenditures": "16534000",
            "operatingCashflow": "109346000",
            "grossProfit": "-2154530000",
            "totalRevenue": "1609661000",
            "sentiment": 0,
            "surprise": "-0.02",
            "closePrice": "23.29"
        },
        {
            "fiscalDateEnding": "2012-06-30",
            "totalCurrentAssets": "1335816000",
            "cashAndShortTermInvestments": "77418000",
            "totalCurrentLiabilities": "1017726000",
            "currentDebt": "None",
            "netIncome": "87228000",
            "capitalExpenditures": "47132000",
            "operatingCashflow": "250985000",
            "grossProfit": "1064863000",
            "totalRevenue": "1064863000",
            "sentiment": 0,
            "surprise": "-0.05",
            "closePrice": "23.08"
        },
        {
            "fiscalDateEnding": "2012-03-31",
            "totalCurrentAssets": "1369306000",
            "cashAndShortTermInvestments": "64324000",
            "totalCurrentLiabilities": "991067000",
            "currentDebt": "None",
            "netIncome": "105726000",
            "capitalExpenditures": "23536000",
            "operatingCashflow": "104217000",
            "grossProfit": "155872000",
            "totalRevenue": "1065791000",
            "sentiment": 0,
            "surprise": "-0.01",
            "closePrice": "21.97"
        },
        {
            "fiscalDateEnding": "2011-12-31",
            "totalCurrentAssets": "1360092000",
            "cashAndShortTermInvestments": "57359000",
            "totalCurrentLiabilities": "1004155000",
            "currentDebt": "None",
            "netIncome": "106543000",
            "capitalExpenditures": "21011000",
            "operatingCashflow": "148714000",
            "grossProfit": "138841000",
            "totalRevenue": "1032139000",
            "sentiment": 0,
            "surprise": "0",
            "closePrice": "20.89"
        },
        {
            "fiscalDateEnding": "2011-09-30",
            "totalCurrentAssets": "1422451000",
            "cashAndShortTermInvestments": "157761000",
            "totalCurrentLiabilities": "1463489000",
            "currentDebt": "None",
            "netIncome": "73092000",
            "capitalExpenditures": "24912000",
            "operatingCashflow": "192782000",
            "grossProfit": "164603000",
            "totalRevenue": "1031565000",
            "sentiment": 0,
            "surprise": "0",
            "closePrice": "19.76"
        },
        {
            "fiscalDateEnding": "2011-06-30",
            "totalCurrentAssets": "1236321000",
            "cashAndShortTermInvestments": "23861000",
            "totalCurrentLiabilities": "973495000",
            "currentDebt": "None",
            "netIncome": "123203000",
            "capitalExpenditures": "18320000",
            "operatingCashflow": "93152000",
            "grossProfit": "191329000",
            "totalRevenue": "1037913000",
            "sentiment": 0,
            "surprise": "0",
            "closePrice": "22.78"
        },
        {
            "fiscalDateEnding": "2011-03-31",
            "totalCurrentAssets": "1340767000",
            "cashAndShortTermInvestments": "74966000",
            "totalCurrentLiabilities": "1091873000",
            "currentDebt": "None",
            "netIncome": "116961000",
            "capitalExpenditures": "38913000",
            "operatingCashflow": "193147000",
            "grossProfit": "205035000",
            "totalRevenue": "1133071000",
            "sentiment": 0,
            "surprise": "0.03",
            "closePrice": "21.75"
        },
        {
            "fiscalDateEnding": "2010-12-31",
            "totalCurrentAssets": "1269728000",
            "cashAndShortTermInvestments": "79997000",
            "totalCurrentLiabilities": "1095387000",
            "currentDebt": "None",
            "netIncome": "126574000",
            "capitalExpenditures": "34463000",
            "operatingCashflow": "95210000",
            "grossProfit": "209078000",
            "totalRevenue": "1120688000",
            "sentiment": 0,
            "surprise": "0.05",
            "closePrice": "19.74"
        },
        {
            "fiscalDateEnding": "2010-09-30",
            "totalCurrentAssets": "1273147000",
            "cashAndShortTermInvestments": "127824000",
            "totalCurrentLiabilities": "1118227000",
            "currentDebt": "None",
            "netIncome": "84076000",
            "capitalExpenditures": "35068000",
            "operatingCashflow": "158473000",
            "grossProfit": "202884000",
            "totalRevenue": "1007056000",
            "sentiment": 0,
            "surprise": "-0.01",
            "closePrice": "16.93"
        },
        {
            "fiscalDateEnding": "2010-06-30",
            "totalCurrentAssets": "1169711000",
            "cashAndShortTermInvestments": "394598000",
            "totalCurrentLiabilities": "806002000",
            "currentDebt": "None",
            "netIncome": "85880000",
            "capitalExpenditures": "20394000",
            "operatingCashflow": "102750000",
            "grossProfit": "169678000",
            "totalRevenue": "901614000",
            "sentiment": 0,
            "surprise": "0.01",
            "closePrice": "14.91"
        },
        {
            "fiscalDateEnding": "2010-03-31",
            "totalCurrentAssets": "1168103000",
            "cashAndShortTermInvestments": "408272000",
            "totalCurrentLiabilities": "798107000",
            "currentDebt": "None",
            "netIncome": "81591000",
            "capitalExpenditures": "35579000",
            "operatingCashflow": "125016000",
            "grossProfit": "171111000",
            "totalRevenue": "910441000",
            "sentiment": 0,
            "surprise": "0.01",
            "closePrice": "14.71"
        },
        {
            "fiscalDateEnding": "2009-12-31",
            "totalCurrentAssets": "1162914000",
            "cashAndShortTermInvestments": "337425000",
            "totalCurrentLiabilities": "790651000",
            "currentDebt": "None",
            "netIncome": "110852000",
            "capitalExpenditures": "26365000",
            "operatingCashflow": "166128000",
            "grossProfit": "162621000",
            "totalRevenue": "913006000",
            "sentiment": 0,
            "surprise": "0.1",
            "closePrice": "13.89"
        },
        {
            "fiscalDateEnding": "2009-09-30",
            "totalCurrentAssets": "1153846000",
            "cashAndShortTermInvestments": "343427000",
            "totalCurrentLiabilities": "764896000",
            "currentDebt": "None",
            "netIncome": "82550000",
            "capitalExpenditures": "37773000",
            "operatingCashflow": "192614000",
            "grossProfit": "180498000",
            "totalRevenue": "926051000",
            "sentiment": 0,
            "surprise": "0.03",
            "closePrice": "12.24"
        },
        {
            "fiscalDateEnding": "2009-06-30",
            "totalCurrentAssets": "1135285000",
            "cashAndShortTermInvestments": "271974000",
            "totalCurrentLiabilities": "777560000",
            "currentDebt": "None",
            "netIncome": "76817000",
            "capitalExpenditures": "35065000",
            "operatingCashflow": "170894000",
            "grossProfit": "158529000",
            "totalRevenue": "950419000",
            "sentiment": 0,
            "surprise": "0.02",
            "closePrice": "9.74"
        },
        {
            "fiscalDateEnding": "2009-03-31",
            "totalCurrentAssets": "1029022000",
            "cashAndShortTermInvestments": "186427000",
            "totalCurrentLiabilities": "721279000",
            "currentDebt": "None",
            "netIncome": "76293671",
            "capitalExpenditures": "31072229",
            "operatingCashflow": "187499806",
            "grossProfit": "152433000",
            "totalRevenue": "948319000",
            "sentiment": 0,
            "surprise": "0.01",
            "closePrice": "9.06"
        },
        {
            "fiscalDateEnding": "2008-12-31",
            "totalCurrentAssets": "1152699126",
            "cashAndShortTermInvestments": "216034483",
            "totalCurrentLiabilities": "825361826",
            "currentDebt": "None",
            "netIncome": "79497329",
            "capitalExpenditures": "27668771",
            "operatingCashflow": "79400194",
            "grossProfit": "163294075",
            "totalRevenue": "1000371540",
            "sentiment": 0,
            "surprise": "0.02",
            "closePrice": "8.17"
        },
        {
            "fiscalDateEnding": "2008-09-30",
            "totalCurrentAssets": "888817330",
            "cashAndShortTermInvestments": "50134128",
            "totalCurrentLiabilities": "806967213",
            "currentDebt": "None",
            "netIncome": "75168101",
            "capitalExpenditures": "17796630",
            "operatingCashflow": "83697531",
            "grossProfit": "147669860",
            "totalRevenue": "929198347",
            "sentiment": 0,
            "surprise": "0.04",
            "closePrice": "7.95"
        },
        {
            "fiscalDateEnding": "2008-06-30",
            "totalCurrentAssets": "913267861",
            "cashAndShortTermInvestments": "67631793",
            "totalCurrentLiabilities": "832694891",
            "currentDebt": "None",
            "netIncome": "81356177",
            "capitalExpenditures": "35814300",
            "operatingCashflow": "106647442",
            "grossProfit": "151585590",
            "totalRevenue": "950468146",
            "sentiment": 0,
            "surprise": "0.04",
            "closePrice": "10.83"
        },
        {
            "fiscalDateEnding": "2008-03-31",
            "totalCurrentAssets": "844409011",
            "cashAndShortTermInvestments": "82001852",
            "totalCurrentLiabilities": "784784487",
            "currentDebt": "None",
            "netIncome": "68785174",
            "capitalExpenditures": "27073671",
            "operatingCashflow": "45759770",
            "grossProfit": "149324144",
            "totalRevenue": "949137949",
            "sentiment": 0,
            "surprise": "0",
            "closePrice": "11.5"
        },
        {
            "fiscalDateEnding": "2007-12-31",
            "totalCurrentAssets": "890939517",
            "cashAndShortTermInvestments": "107122852",
            "totalCurrentLiabilities": "788621512",
            "currentDebt": "None",
            "netIncome": "72588142",
            "capitalExpenditures": "28342438",
            "operatingCashflow": "118737710",
            "grossProfit": "146758367",
            "totalRevenue": "914661833",
            "sentiment": 0,
            "surprise": "0.02",
            "closePrice": "10.19"
        },
        {
            "fiscalDateEnding": "2007-09-30",
            "totalCurrentAssets": "862005366",
            "cashAndShortTermInvestments": "88879062",
            "totalCurrentLiabilities": "756721654",
            "currentDebt": "None",
            "netIncome": "65577014",
            "capitalExpenditures": "28786157",
            "operatingCashflow": "120396354",
            "grossProfit": "155065205",
            "totalRevenue": "922845623",
            "sentiment": 0,
            "surprise": "0",
            "closePrice": "10.82"
        },
        {
            "fiscalDateEnding": "2007-06-30",
            "totalCurrentAssets": "887917109",
            "cashAndShortTermInvestments": "96698193",
            "totalCurrentLiabilities": "756105207",
            "currentDebt": "None",
            "netIncome": "64432819",
            "capitalExpenditures": "35199270",
            "operatingCashflow": "134636512",
            "grossProfit": "144550478",
            "totalRevenue": "933317747",
            "sentiment": 0,
            "surprise": "0",
            "closePrice": "10.09"
        },
        {
            "fiscalDateEnding": "2007-03-31",
            "totalCurrentAssets": "894618312",
            "cashAndShortTermInvestments": "93823801",
            "totalCurrentLiabilities": "756090867",
            "currentDebt": "None",
            "netIncome": "62710569",
            "capitalExpenditures": "27302906",
            "operatingCashflow": "128719481",
            "grossProfit": "951342251",
            "totalRevenue": "951342251",
            "sentiment": 0,
            "surprise": "0.01",
            "closePrice": "9.91"
        },
        {
            "fiscalDateEnding": "2006-12-31",
            "totalCurrentAssets": "945682665",
            "cashAndShortTermInvestments": "146561044",
            "totalCurrentLiabilities": "736048462",
            "currentDebt": "None",
            "netIncome": "43681267",
            "capitalExpenditures": "28286347",
            "operatingCashflow": "166416589",
            "grossProfit": "140022134",
            "totalRevenue": "904059879",
            "sentiment": 0,
            "surprise": "0.03",
            "closePrice": "7.59"
        },
        {
            "fiscalDateEnding": "2006-09-30",
            "totalCurrentAssets": "916244551",
            "cashAndShortTermInvestments": "115729295",
            "totalCurrentLiabilities": "667550017",
            "currentDebt": "None",
            "netIncome": "39532358",
            "capitalExpenditures": "35749260",
            "operatingCashflow": "55855226",
            "grossProfit": "132247612",
            "totalRevenue": "845820101",
            "sentiment": 0,
            "surprise": "0.01",
            "closePrice": "6.49"
        },
        {
            "fiscalDateEnding": "2006-06-30",
            "totalCurrentAssets": "974364752",
            "cashAndShortTermInvestments": "154494144",
            "totalCurrentLiabilities": "725045176",
            "currentDebt": "None",
            "netIncome": "35943809",
            "capitalExpenditures": "5526672",
            "operatingCashflow": "108309678",
            "grossProfit": "120109314",
            "totalRevenue": "866504183",
            "sentiment": 0,
            "surprise": "0.02",
            "closePrice": "6.17"
        },
        {
            "fiscalDateEnding": "2006-03-31",
            "totalCurrentAssets": "1002837459",
            "cashAndShortTermInvestments": "197990425",
            "totalCurrentLiabilities": "692691499",
            "currentDebt": "None",
            "netIncome": "14148969",
            "capitalExpenditures": "62521678",
            "operatingCashflow": "82022195",
            "grossProfit": "866835591",
            "totalRevenue": "866835591",
            "sentiment": 0,
            "surprise": "-0.01",
            "closePrice": "7.08"
        },
        {
            "fiscalDateEnding": "2005-12-31",
            "totalCurrentAssets": "1142260728",
            "cashAndShortTermInvestments": "262948017",
            "totalCurrentLiabilities": "715371555",
            "currentDebt": "None",
            "netIncome": "56907780",
            "capitalExpenditures": "11875800",
            "operatingCashflow": "63373648",
            "grossProfit": "121615304",
            "totalRevenue": "898462612",
            "sentiment": 0,
            "surprise": "-0.01",
            "closePrice": "7.77"
        },
        {
            "fiscalDateEnding": "2005-09-30",
            "totalCurrentAssets": "1040308943",
            "cashAndShortTermInvestments": "240458769",
            "totalCurrentLiabilities": "707672474",
            "currentDebt": "None",
            "netIncome": "56414609",
            "capitalExpenditures": "59356842",
            "operatingCashflow": "122498876",
            "grossProfit": "126397395",
            "totalRevenue": "864109299",
            "sentiment": 0,
            "surprise": "0.01",
            "closePrice": "7.19"
        },
        {
            "fiscalDateEnding": "2005-06-30",
            "totalCurrentAssets": "1062113661",
            "cashAndShortTermInvestments": "212026513",
            "totalCurrentLiabilities": "758457101",
            "currentDebt": "None",
            "netIncome": "56621990",
            "capitalExpenditures": "69720008",
            "operatingCashflow": "177452988",
            "grossProfit": "139869890",
            "totalRevenue": "951179575",
            "sentiment": 0,
            "surprise": "-0.01",
            "closePrice": "6.13"
        },
        {
            "fiscalDateEnding": "2005-03-31",
            "totalCurrentAssets": "1051779927",
            "cashAndShortTermInvestments": "142923821",
            "totalCurrentLiabilities": "752008464",
            "currentDebt": "None",
            "netIncome": "53318494",
            "capitalExpenditures": "6309914",
            "operatingCashflow": "76772373",
            "grossProfit": "131567110",
            "totalRevenue": "929696493",
            "sentiment": 0,
            "surprise": "-0.01",
            "closePrice": "5.65"
        },
        {
            "fiscalDateEnding": "2004-12-31",
            "totalCurrentAssets": "1181709863",
            "cashAndShortTermInvestments": "229558435",
            "totalCurrentLiabilities": "810490761",
            "currentDebt": "None",
            "netIncome": "53342933",
            "capitalExpenditures": "8640509",
            "operatingCashflow": "103711303",
            "grossProfit": "137404608",
            "totalRevenue": "950274778",
            "sentiment": 0,
            "surprise": "-0.01",
            "closePrice": "6.43"
        },
        {
            "fiscalDateEnding": "2004-09-30",
            "totalCurrentAssets": "1143387930",
            "cashAndShortTermInvestments": "200622401",
            "totalCurrentLiabilities": "789669900",
            "currentDebt": "None",
            "netIncome": "58472572",
            "capitalExpenditures": "13711751",
            "operatingCashflow": "-2139089",
            "grossProfit": "151899305",
            "totalRevenue": "959211929",
            "sentiment": 0,
            "surprise": "0",
            "closePrice": "6.69"
        },
        {
            "fiscalDateEnding": "2004-06-30",
            "totalCurrentAssets": "1273370247",
            "cashAndShortTermInvestments": "230596398",
            "totalCurrentLiabilities": "1023407605",
            "currentDebt": "None",
            "netIncome": "51912584",
            "capitalExpenditures": "16563050",
            "operatingCashflow": "64390103",
            "grossProfit": "133526351",
            "totalRevenue": "867114076",
            "sentiment": 0,
            "surprise": "-0.01",
            "closePrice": "6.61"
        },
        {
            "fiscalDateEnding": "2004-03-31",
            "totalCurrentAssets": "902699370",
            "cashAndShortTermInvestments": "172273085",
            "totalCurrentLiabilities": "588162382",
            "currentDebt": "None",
            "netIncome": "50932510",
            "capitalExpenditures": "11304067",
            "operatingCashflow": "75560926",
            "grossProfit": "121180482",
            "totalRevenue": "725727964",
            "sentiment": 0,
            "surprise": "0",
            "closePrice": "5.88"
        },
        {
            "fiscalDateEnding": "2003-12-31",
            "totalCurrentAssets": "779460260",
            "cashAndShortTermInvestments": "96537421",
            "totalCurrentLiabilities": "582448796",
            "currentDebt": "None",
            "netIncome": "49492464",
            "capitalExpenditures": "13037486",
            "operatingCashflow": "94003607",
            "grossProfit": "120841170",
            "totalRevenue": "700470179",
            "sentiment": 0,
            "surprise": "0.01",
            "closePrice": "6.77"
        }
    ]
}