{
    "GLW": [
        {
            "fiscalDateEnding": "2023-12-31",
            "totalCurrentAssets": "7212000000",
            "cashAndShortTermInvestments": "1779000000",
            "totalCurrentLiabilities": "4319000000",
            "currentDebt": "320000000",
            "netIncome": "-40000000",
            "capitalExpenditures": "279000000",
            "operatingCashflow": "713000000",
            "grossProfit": "911000000",
            "totalRevenue": "2994000000",
            "sentiment": 0.12595684377371297,
            "surprise": "0",
            "closePrice": "33.0119555143651"
        },
        {
            "fiscalDateEnding": "2023-09-30",
            "totalCurrentAssets": "7298000000",
            "cashAndShortTermInvestments": "1639000000",
            "totalCurrentLiabilities": "4285000000",
            "currentDebt": "297000000",
            "netIncome": "164000000",
            "capitalExpenditures": "341000000",
            "operatingCashflow": "722000000",
            "grossProfit": "1004000000",
            "totalRevenue": "3173000000",
            "sentiment": 0.10916975006118365,
            "surprise": "-0.02",
            "closePrice": "26.3675167813883"
        },
        {
            "fiscalDateEnding": "2023-06-30",
            "totalCurrentAssets": "7293000000",
            "cashAndShortTermInvestments": "1538000000",
            "totalCurrentLiabilities": "4411000000",
            "currentDebt": "187000000",
            "netIncome": "281000000",
            "capitalExpenditures": "388000000",
            "operatingCashflow": "619000000",
            "grossProfit": "1013000000",
            "totalRevenue": "3243000000",
            "sentiment": 0.15326804646013506,
            "surprise": "-0.01",
            "closePrice": "33.0937509485349"
        },
        {
            "fiscalDateEnding": "2023-03-31",
            "totalCurrentAssets": "6877000000",
            "cashAndShortTermInvestments": "1146000000",
            "totalCurrentLiabilities": "4773000000",
            "currentDebt": "197000000",
            "netIncome": "176000000",
            "capitalExpenditures": "382000000",
            "operatingCashflow": "-49000000",
            "grossProfit": "1003000000",
            "totalRevenue": "3178000000",
            "sentiment": 0.20854037268168735,
            "surprise": "0.02",
            "closePrice": "31.7282312571175"
        },
        {
            "fiscalDateEnding": "2022-12-31",
            "totalCurrentAssets": "7453000000",
            "cashAndShortTermInvestments": "1671000000",
            "totalCurrentLiabilities": "5175000000",
            "currentDebt": "224000000",
            "netIncome": "-36000000",
            "capitalExpenditures": "403000000",
            "operatingCashflow": "617000000",
            "grossProfit": "915000000",
            "totalRevenue": "3406000000",
            "sentiment": 0.15795563175670208,
            "surprise": "0.03",
            "closePrice": "33.1172101662266"
        },
        {
            "fiscalDateEnding": "2022-09-30",
            "totalCurrentAssets": "7804000000",
            "cashAndShortTermInvestments": "1630000000",
            "totalCurrentLiabilities": "5167000000",
            "currentDebt": "208000000",
            "netIncome": "208000000",
            "capitalExpenditures": "465000000",
            "operatingCashflow": "706000000",
            "grossProfit": "1062000000",
            "totalRevenue": "3488000000",
            "sentiment": 0.20902099196896912,
            "surprise": "0",
            "closePrice": "30.1171630362889"
        },
        {
            "fiscalDateEnding": "2022-06-30",
            "totalCurrentAssets": "7883000000",
            "cashAndShortTermInvestments": "1629000000",
            "totalCurrentLiabilities": "5530000000",
            "currentDebt": "121000000",
            "netIncome": "563000000",
            "capitalExpenditures": "353000000",
            "operatingCashflow": "758000000",
            "grossProfit": "1246000000",
            "totalRevenue": "3615000000",
            "sentiment": 0.03513497034986789,
            "surprise": "0.01",
            "closePrice": "32.906617782752"
        },
        {
            "fiscalDateEnding": "2022-03-31",
            "totalCurrentAssets": "7861000000",
            "cashAndShortTermInvestments": "2016000000",
            "totalCurrentLiabilities": "5061000000",
            "currentDebt": "120000000",
            "netIncome": "581000000",
            "capitalExpenditures": "383000000",
            "operatingCashflow": "534000000",
            "grossProfit": "1283000000",
            "totalRevenue": "3680000000",
            "sentiment": -0.015908074962992354,
            "surprise": "0.04",
            "closePrice": "33.1827141153897"
        },
        {
            "fiscalDateEnding": "2021-12-31",
            "totalCurrentAssets": "7659000000",
            "cashAndShortTermInvestments": "2148000000",
            "totalCurrentLiabilities": "4806000000",
            "currentDebt": "55000000",
            "netIncome": "487000000",
            "capitalExpenditures": "623000000",
            "operatingCashflow": "1023000000",
            "grossProfit": "1271000000",
            "totalRevenue": "3676000000",
            "sentiment": 0,
            "surprise": "0.02",
            "closePrice": "36.4392015358427"
        },
        {
            "fiscalDateEnding": "2021-09-30",
            "totalCurrentAssets": "7679000000",
            "cashAndShortTermInvestments": "2212000000",
            "totalCurrentLiabilities": "4337000000",
            "currentDebt": "50000000",
            "netIncome": "371000000",
            "capitalExpenditures": "401000000",
            "operatingCashflow": "895000000",
            "grossProfit": "1321000000",
            "totalRevenue": "3615000000",
            "sentiment": 0,
            "surprise": "-0.02",
            "closePrice": "33.7551397865527"
        },
        {
            "fiscalDateEnding": "2021-06-30",
            "totalCurrentAssets": "7648000000",
            "cashAndShortTermInvestments": "2320000000",
            "totalCurrentLiabilities": "4624000000",
            "currentDebt": "353000000",
            "netIncome": "449000000",
            "capitalExpenditures": "324000000",
            "operatingCashflow": "771000000",
            "grossProfit": "1315000000",
            "totalRevenue": "3501000000",
            "sentiment": 0,
            "surprise": "0.02",
            "closePrice": "37.1682013533638"
        },
        {
            "fiscalDateEnding": "2021-03-31",
            "totalCurrentAssets": "8103000000",
            "cashAndShortTermInvestments": "2868000000",
            "totalCurrentLiabilities": "3513000000",
            "currentDebt": "154000000",
            "netIncome": "599000000",
            "capitalExpenditures": "289000000",
            "operatingCashflow": "723000000",
            "grossProfit": "1156000000",
            "totalRevenue": "3290000000",
            "sentiment": 0,
            "surprise": "0.02",
            "closePrice": "40.6032016191711"
        },
        {
            "fiscalDateEnding": "2020-12-31",
            "totalCurrentAssets": "8004000000",
            "cashAndShortTermInvestments": "2672000000",
            "totalCurrentLiabilities": "3767000000",
            "currentDebt": "156000000",
            "netIncome": "252000000",
            "capitalExpenditures": "391000000",
            "operatingCashflow": "774000000",
            "grossProfit": "1213000000",
            "totalRevenue": "3350000000",
            "sentiment": 0,
            "surprise": "0.03",
            "closePrice": "31.9343898877715"
        },
        {
            "fiscalDateEnding": "2020-09-30",
            "totalCurrentAssets": "8058000000",
            "cashAndShortTermInvestments": "2514000000",
            "totalCurrentLiabilities": "3849000000",
            "currentDebt": "256000000",
            "netIncome": "427000000",
            "capitalExpenditures": "153000000",
            "operatingCashflow": "608000000",
            "grossProfit": "1001000000",
            "totalRevenue": "3001000000",
            "sentiment": 0,
            "surprise": "0.05",
            "closePrice": "29.5905510603469"
        },
        {
            "fiscalDateEnding": "2020-06-30",
            "totalCurrentAssets": "6846000000",
            "cashAndShortTermInvestments": "2158000000",
            "totalCurrentLiabilities": "3020000000",
            "currentDebt": "12000000",
            "netIncome": "-71000000",
            "capitalExpenditures": "288000000",
            "operatingCashflow": "550000000",
            "grossProfit": "756000000",
            "totalRevenue": "2561000000",
            "sentiment": 0,
            "surprise": "0.13",
            "closePrice": "27.0542753929551"
        },
        {
            "fiscalDateEnding": "2020-03-31",
            "totalCurrentAssets": "6946000000",
            "cashAndShortTermInvestments": "2025000000",
            "totalCurrentLiabilities": "3191000000",
            "currentDebt": "12000000",
            "netIncome": "-96000000",
            "capitalExpenditures": "545000000",
            "operatingCashflow": "248000000",
            "grossProfit": "561000000",
            "totalRevenue": "2391000000",
            "sentiment": 0,
            "surprise": "0.03",
            "closePrice": "19.6203288723312"
        },
        {
            "fiscalDateEnding": "2019-12-31",
            "totalCurrentAssets": "7463000000",
            "cashAndShortTermInvestments": "2434000000",
            "totalCurrentLiabilities": "3521000000",
            "currentDebt": "11000000",
            "netIncome": "32000000",
            "capitalExpenditures": "-1593000000",
            "operatingCashflow": "1018000000",
            "grossProfit": "854000000",
            "totalRevenue": "2817000000",
            "sentiment": 0,
            "surprise": "0.02",
            "closePrice": "24.8956664793676"
        },
        {
            "fiscalDateEnding": "2019-09-30",
            "totalCurrentAssets": "6156000000",
            "cashAndShortTermInvestments": "971000000",
            "totalCurrentLiabilities": "3600000000",
            "currentDebt": "305000000",
            "netIncome": "337000000",
            "capitalExpenditures": "508000000",
            "operatingCashflow": "889000000",
            "grossProfit": "1017000000",
            "totalRevenue": "2934000000",
            "sentiment": 0,
            "surprise": "0.04",
            "closePrice": "26.3906220260962"
        },
        {
            "fiscalDateEnding": "2019-06-30",
            "totalCurrentAssets": "6311000000",
            "cashAndShortTermInvestments": "1178000000",
            "totalCurrentLiabilities": "3416000000",
            "currentDebt": "455000000",
            "netIncome": "92000000",
            "capitalExpenditures": "570000000",
            "operatingCashflow": "153000000",
            "grossProfit": "1065000000",
            "totalRevenue": "2940000000",
            "sentiment": 0,
            "surprise": "0.01",
            "closePrice": "27.1886824887394"
        },
        {
            "fiscalDateEnding": "2019-03-31",
            "totalCurrentAssets": "6349000000",
            "cashAndShortTermInvestments": "1456000000",
            "totalCurrentLiabilities": "3059000000",
            "currentDebt": "7000000",
            "netIncome": "499000000",
            "capitalExpenditures": "524000000",
            "operatingCashflow": "-29000000",
            "grossProfit": "1099000000",
            "totalRevenue": "2812000000",
            "sentiment": 0,
            "surprise": "0",
            "closePrice": "27.3905938194362"
        },
        {
            "fiscalDateEnding": "2018-12-31",
            "totalCurrentAssets": "7034000000",
            "cashAndShortTermInvestments": "2355000000",
            "totalCurrentLiabilities": "3311000000",
            "currentDebt": "4000000",
            "netIncome": "292000000",
            "capitalExpenditures": "613000000",
            "operatingCashflow": "941000000",
            "grossProfit": "1202000000",
            "totalRevenue": "3035000000",
            "sentiment": 0,
            "surprise": "0.02",
            "closePrice": "28.8325402783138"
        },
        {
            "fiscalDateEnding": "2018-09-30",
            "totalCurrentAssets": "6632000000",
            "cashAndShortTermInvestments": "1903000000",
            "totalCurrentLiabilities": "3112000000",
            "currentDebt": "252000000",
            "netIncome": "625000000",
            "capitalExpenditures": "515000000",
            "operatingCashflow": "943000000",
            "grossProfit": "1232000000",
            "totalRevenue": "3008000000",
            "sentiment": 0,
            "surprise": "0.02",
            "closePrice": "26.7073628095714"
        },
        {
            "fiscalDateEnding": "2018-06-30",
            "totalCurrentAssets": "6484000000",
            "cashAndShortTermInvestments": "2023000000",
            "totalCurrentLiabilities": "2908000000",
            "currentDebt": "252000000",
            "netIncome": "738000000",
            "capitalExpenditures": "522000000",
            "operatingCashflow": "715000000",
            "grossProfit": "1072000000",
            "totalRevenue": "2747000000",
            "sentiment": 0,
            "surprise": "0.01",
            "closePrice": "28.0868211756975"
        },
        {
            "fiscalDateEnding": "2018-03-31",
            "totalCurrentAssets": "7663000000",
            "cashAndShortTermInvestments": "3096000000",
            "totalCurrentLiabilities": "2995000000",
            "currentDebt": "380000000",
            "netIncome": "-589000000",
            "capitalExpenditures": "655000000",
            "operatingCashflow": "320000000",
            "grossProfit": "955000000",
            "totalRevenue": "2500000000",
            "sentiment": 0,
            "surprise": "0.01",
            "closePrice": "22.4530861089864"
        },
        {
            "fiscalDateEnding": "2017-12-31",
            "totalCurrentAssets": "8827000000",
            "cashAndShortTermInvestments": "4317000000",
            "totalCurrentLiabilities": "3209000000",
            "currentDebt": "379000000",
            "netIncome": "-1412000000",
            "capitalExpenditures": "557000000",
            "operatingCashflow": "888000000",
            "grossProfit": "1032000000",
            "totalRevenue": "2637000000",
            "sentiment": 0,
            "surprise": "0.02",
            "closePrice": "26.9914142917567"
        },
        {
            "fiscalDateEnding": "2017-09-30",
            "totalCurrentAssets": "8254000000",
            "cashAndShortTermInvestments": "3865000000",
            "totalCurrentLiabilities": "3065000000",
            "currentDebt": "631000000",
            "netIncome": "390000000",
            "capitalExpenditures": "486000000",
            "operatingCashflow": "645000000",
            "grossProfit": "1050000000",
            "totalRevenue": "2607000000",
            "sentiment": 0,
            "surprise": "0.02",
            "closePrice": "26.534497224962"
        },
        {
            "fiscalDateEnding": "2017-06-30",
            "totalCurrentAssets": "8431000000",
            "cashAndShortTermInvestments": "4189000000",
            "totalCurrentLiabilities": "2808000000",
            "currentDebt": "631000000",
            "netIncome": "439000000",
            "capitalExpenditures": "397000000",
            "operatingCashflow": "280000000",
            "grossProfit": "987000000",
            "totalRevenue": "2497000000",
            "sentiment": 0,
            "surprise": "0.02",
            "closePrice": "25.1353747126124"
        },
        {
            "fiscalDateEnding": "2017-03-31",
            "totalCurrentAssets": "8718000000",
            "cashAndShortTermInvestments": "4872000000",
            "totalCurrentLiabilities": "2421000000",
            "currentDebt": "257000000",
            "netIncome": "86000000",
            "capitalExpenditures": "364000000",
            "operatingCashflow": "191000000",
            "grossProfit": "951000000",
            "totalRevenue": "2375000000",
            "sentiment": 0,
            "surprise": "0.04",
            "closePrice": "23.4578776246789"
        },
        {
            "fiscalDateEnding": "2016-12-31",
            "totalCurrentAssets": "9048000000",
            "cashAndShortTermInvestments": "5291000000",
            "totalCurrentLiabilities": "2751000000",
            "currentDebt": "256000000",
            "netIncome": "1572000000",
            "capitalExpenditures": "294000000",
            "operatingCashflow": "1423000000",
            "grossProfit": "990000000",
            "totalRevenue": "2459000000",
            "sentiment": 0,
            "surprise": "0.06",
            "closePrice": "21.3985137679631"
        },
        {
            "fiscalDateEnding": "2016-09-30",
            "totalCurrentAssets": "8479000000",
            "cashAndShortTermInvestments": "4821000000",
            "totalCurrentLiabilities": "2294000000",
            "currentDebt": "7000000",
            "netIncome": "284000000",
            "capitalExpenditures": "282000000",
            "operatingCashflow": "284000000",
            "grossProfit": "1041000000",
            "totalRevenue": "2507000000",
            "sentiment": 0,
            "surprise": "0.04",
            "closePrice": "18.6682218276779"
        },
        {
            "fiscalDateEnding": "2016-06-30",
            "totalCurrentAssets": "10747000000",
            "cashAndShortTermInvestments": "7144000000",
            "totalCurrentLiabilities": "2448000000",
            "currentDebt": "279000000",
            "netIncome": "2207000000",
            "capitalExpenditures": "263000000",
            "operatingCashflow": "-469000000",
            "grossProfit": "951000000",
            "totalRevenue": "2360000000",
            "sentiment": 0,
            "surprise": "0.05",
            "closePrice": "17.3620931836374"
        },
        {
            "fiscalDateEnding": "2016-03-31",
            "totalCurrentAssets": "7178000000",
            "cashAndShortTermInvestments": "3540000000",
            "totalCurrentLiabilities": "2564000000",
            "currentDebt": "527000000",
            "netIncome": "-368000000",
            "capitalExpenditures": "270000000",
            "operatingCashflow": "297000000",
            "grossProfit": "764000000",
            "totalRevenue": "2047000000",
            "sentiment": 0,
            "surprise": "0",
            "closePrice": "15.4246819355473"
        },
        {
            "fiscalDateEnding": "2015-12-31",
            "totalCurrentAssets": "8269000000",
            "cashAndShortTermInvestments": "4600000000",
            "totalCurrentLiabilities": "2814000000",
            "currentDebt": "572000000",
            "netIncome": "224000000",
            "capitalExpenditures": "311000000",
            "operatingCashflow": "-511000000",
            "grossProfit": "857000000",
            "totalRevenue": "2231000000",
            "sentiment": 0,
            "surprise": "0.02",
            "closePrice": "14.1082655337964"
        },
        {
            "fiscalDateEnding": "2015-09-30",
            "totalCurrentAssets": "9253000000",
            "cashAndShortTermInvestments": "5013000000",
            "totalCurrentLiabilities": "1966000000",
            "currentDebt": "101000000",
            "netIncome": "212000000",
            "capitalExpenditures": "298000000",
            "operatingCashflow": "366000000",
            "grossProfit": "892000000",
            "totalRevenue": "2272000000",
            "sentiment": 0,
            "surprise": "0",
            "closePrice": "14.4540522647145"
        },
        {
            "fiscalDateEnding": "2015-06-30",
            "totalCurrentAssets": "9868000000",
            "cashAndShortTermInvestments": "5473000000",
            "totalCurrentLiabilities": "2022000000",
            "currentDebt": "102000000",
            "netIncome": "496000000",
            "capitalExpenditures": "308000000",
            "operatingCashflow": "337000000",
            "grossProfit": "975000000",
            "totalRevenue": "2343000000",
            "sentiment": 0,
            "surprise": "0.01",
            "closePrice": "14.4389623989151"
        },
        {
            "fiscalDateEnding": "2015-03-31",
            "totalCurrentAssets": "9238000000",
            "cashAndShortTermInvestments": "5067000000",
            "totalCurrentLiabilities": "1895000000",
            "currentDebt": "106000000",
            "netIncome": "407000000",
            "capitalExpenditures": "333000000",
            "operatingCashflow": "996000000",
            "grossProfit": "929000000",
            "totalRevenue": "2265000000",
            "sentiment": 0,
            "surprise": "0.01",
            "closePrice": "17.2492304717895"
        },
        {
            "fiscalDateEnding": "2014-12-31",
            "totalCurrentAssets": "10238000000",
            "cashAndShortTermInvestments": "6068000000",
            "totalCurrentLiabilities": "2324000000",
            "currentDebt": "36000000",
            "netIncome": "988000000",
            "capitalExpenditures": "336000000",
            "operatingCashflow": "690000000",
            "grossProfit": "996000000",
            "totalRevenue": "2404000000",
            "sentiment": 0,
            "surprise": "0.07",
            "closePrice": "19.2343780955801"
        },
        {
            "fiscalDateEnding": "2014-09-30",
            "totalCurrentAssets": "10013000000",
            "cashAndShortTermInvestments": "6104000000",
            "totalCurrentLiabilities": "2138000000",
            "currentDebt": "455000000",
            "netIncome": "1014000000",
            "capitalExpenditures": "262000000",
            "operatingCashflow": "1036000000",
            "grossProfit": "1089000000",
            "totalRevenue": "2540000000",
            "sentiment": 0,
            "surprise": "0.03",
            "closePrice": "15.171136732347"
        },
        {
            "fiscalDateEnding": "2014-06-30",
            "totalCurrentAssets": "9864000000",
            "cashAndShortTermInvestments": "5886000000",
            "totalCurrentLiabilities": "2177000000",
            "currentDebt": "450000000",
            "netIncome": "169000000",
            "capitalExpenditures": "232000000",
            "operatingCashflow": "187000000",
            "grossProfit": "1032000000",
            "totalRevenue": "2482000000",
            "sentiment": 0,
            "surprise": "-0.01",
            "closePrice": "15.4055659893246"
        },
        {
            "fiscalDateEnding": "2014-03-31",
            "totalCurrentAssets": "9613000000",
            "cashAndShortTermInvestments": "5612000000",
            "totalCurrentLiabilities": "2046000000",
            "currentDebt": "468000000",
            "netIncome": "301000000",
            "capitalExpenditures": "246000000",
            "operatingCashflow": "1737000000",
            "grossProfit": "935000000",
            "totalRevenue": "2289000000",
            "sentiment": 0,
            "surprise": "0.01",
            "closePrice": "16.0771145168677"
        },
        {
            "fiscalDateEnding": "2013-12-31",
            "totalCurrentAssets": "8891000000",
            "cashAndShortTermInvestments": "5235000000",
            "totalCurrentLiabilities": "1746000000",
            "currentDebt": "21000000",
            "netIncome": "421000000",
            "capitalExpenditures": "337000000",
            "operatingCashflow": "175000000",
            "grossProfit": "770000000",
            "totalRevenue": "1956000000",
            "sentiment": 0,
            "surprise": "0.02",
            "closePrice": "13.042410918306"
        },
        {
            "fiscalDateEnding": "2013-09-30",
            "totalCurrentAssets": "9128000000",
            "cashAndShortTermInvestments": "5446000000",
            "totalCurrentLiabilities": "1578000000",
            "currentDebt": "23000000",
            "netIncome": "408000000",
            "capitalExpenditures": "244000000",
            "operatingCashflow": "492000000",
            "grossProfit": "901000000",
            "totalRevenue": "2067000000",
            "sentiment": 0,
            "surprise": "0.01",
            "closePrice": "12.8896431111413"
        },
        {
            "fiscalDateEnding": "2013-06-30",
            "totalCurrentAssets": "9053000000",
            "cashAndShortTermInvestments": "5471000000",
            "totalCurrentLiabilities": "1597000000",
            "currentDebt": "72000000",
            "netIncome": "638000000",
            "capitalExpenditures": "244000000",
            "operatingCashflow": "528000000",
            "grossProfit": "883000000",
            "totalRevenue": "1982000000",
            "sentiment": 0,
            "surprise": "0.01",
            "closePrice": "11.4365655196884"
        },
        {
            "fiscalDateEnding": "2013-03-31",
            "totalCurrentAssets": "9269000000",
            "cashAndShortTermInvestments": "5775000000",
            "totalCurrentLiabilities": "1795000000",
            "currentDebt": "74000000",
            "netIncome": "494000000",
            "capitalExpenditures": "194000000",
            "operatingCashflow": "623000000",
            "grossProfit": "770000000",
            "totalRevenue": "1814000000",
            "sentiment": 0,
            "surprise": "0.06",
            "closePrice": "10.3612175744559"
        },
        {
            "fiscalDateEnding": "2012-12-31",
            "totalCurrentAssets": "9695000000",
            "cashAndShortTermInvestments": "6144000000",
            "totalCurrentLiabilities": "1956000000",
            "currentDebt": "76000000",
            "netIncome": "155000000",
            "capitalExpenditures": "526000000",
            "operatingCashflow": "-88000000",
            "grossProfit": "798000000",
            "totalRevenue": "2146000000",
            "sentiment": 0,
            "surprise": "0.02",
            "closePrice": "9.08277833467551"
        },
        {
            "fiscalDateEnding": "2012-09-30",
            "totalCurrentAssets": "9516000000",
            "cashAndShortTermInvestments": "6351000000",
            "totalCurrentLiabilities": "1987000000",
            "currentDebt": "130000000",
            "netIncome": "533000000",
            "capitalExpenditures": "422000000",
            "operatingCashflow": "563000000",
            "grossProfit": "889000000",
            "totalRevenue": "2038000000",
            "sentiment": 0,
            "surprise": "0.02",
            "closePrice": "8.94973849675866"
        },
        {
            "fiscalDateEnding": "2012-06-30",
            "totalCurrentAssets": "9378000000",
            "cashAndShortTermInvestments": "6345000000",
            "totalCurrentLiabilities": "1892000000",
            "currentDebt": "29000000",
            "netIncome": "474000000",
            "capitalExpenditures": "441000000",
            "operatingCashflow": "483000000",
            "grossProfit": "808000000",
            "totalRevenue": "1908000000",
            "sentiment": 0,
            "surprise": "0",
            "closePrice": "8.15376739775315"
        },
        {
            "fiscalDateEnding": "2012-03-31",
            "totalCurrentAssets": "9801000000",
            "cashAndShortTermInvestments": "6836000000",
            "totalCurrentLiabilities": "1781000000",
            "currentDebt": "27000000",
            "netIncome": "474000000",
            "capitalExpenditures": "412000000",
            "operatingCashflow": "762000000",
            "grossProfit": "824000000",
            "totalRevenue": "1920000000",
            "sentiment": 0,
            "surprise": "0.02",
            "closePrice": "10.4071026106998"
        },
        {
            "fiscalDateEnding": "2011-12-31",
            "totalCurrentAssets": "8677000000",
            "cashAndShortTermInvestments": "5825000000",
            "totalCurrentLiabilities": "2097000000",
            "currentDebt": "27000000",
            "netIncome": "503000000",
            "capitalExpenditures": "766000000",
            "operatingCashflow": "-260000000",
            "grossProfit": "835000000",
            "totalRevenue": "1887000000",
            "sentiment": 0,
            "surprise": "0",
            "closePrice": "9.44499626416243"
        },
        {
            "fiscalDateEnding": "2011-09-30",
            "totalCurrentAssets": "9264000000",
            "cashAndShortTermInvestments": "6421000000",
            "totalCurrentLiabilities": "2009000000",
            "currentDebt": "27000000",
            "netIncome": "811000000",
            "capitalExpenditures": "640000000",
            "operatingCashflow": "838000000",
            "grossProfit": "978000000",
            "totalRevenue": "2075000000",
            "sentiment": 0,
            "surprise": "0.07",
            "closePrice": "10.1768944725507"
        },
        {
            "fiscalDateEnding": "2011-06-30",
            "totalCurrentAssets": "9329000000",
            "cashAndShortTermInvestments": "6357000000",
            "totalCurrentLiabilities": "2083000000",
            "currentDebt": "26000000",
            "netIncome": "755000000",
            "capitalExpenditures": "494000000",
            "operatingCashflow": "783000000",
            "grossProfit": "889000000",
            "totalRevenue": "2005000000",
            "sentiment": 0,
            "surprise": "0.01",
            "closePrice": "11.5143874204349"
        },
        {
            "fiscalDateEnding": "2011-03-31",
            "totalCurrentAssets": "9037000000",
            "cashAndShortTermInvestments": "6303000000",
            "totalCurrentLiabilities": "1894000000",
            "currentDebt": "26000000",
            "netIncome": "748000000",
            "capitalExpenditures": "100000000000",
            "operatingCashflow": "573000000",
            "grossProfit": "874000000",
            "totalRevenue": "1923000000",
            "sentiment": 0,
            "surprise": "0.03",
            "closePrice": "15.0941227852172"
        },
        {
            "fiscalDateEnding": "2010-12-31",
            "totalCurrentAssets": "8859000000",
            "cashAndShortTermInvestments": "6350000000",
            "totalCurrentLiabilities": "1986000000",
            "currentDebt": "57000000",
            "netIncome": "1044000000",
            "capitalExpenditures": "473000000",
            "operatingCashflow": "648000000",
            "grossProfit": "767000000",
            "totalRevenue": "1765000000",
            "sentiment": 0,
            "surprise": "-0.01",
            "closePrice": "15.1539173031707"
        },
        {
            "fiscalDateEnding": "2010-09-30",
            "totalCurrentAssets": "7363000000",
            "cashAndShortTermInvestments": "5029000000",
            "totalCurrentLiabilities": "1694000000",
            "currentDebt": "25000000",
            "netIncome": "785000000",
            "capitalExpenditures": "225000000",
            "operatingCashflow": "879000000",
            "grossProfit": "724000000",
            "totalRevenue": "1602000000",
            "sentiment": 0,
            "surprise": "-0.01",
            "closePrice": "13.1813901344279"
        },
        {
            "fiscalDateEnding": "2010-06-30",
            "totalCurrentAssets": "6460000000",
            "cashAndShortTermInvestments": "4259000000",
            "totalCurrentLiabilities": "1457000000",
            "currentDebt": "24000000",
            "netIncome": "913000000",
            "capitalExpenditures": "136000000",
            "operatingCashflow": "998000000",
            "grossProfit": "827000000",
            "totalRevenue": "1712000000",
            "sentiment": 0,
            "surprise": "0.06",
            "closePrice": "12.543215159425"
        },
        {
            "fiscalDateEnding": "2010-03-31",
            "totalCurrentAssets": "6052000000",
            "cashAndShortTermInvestments": "3873000000",
            "totalCurrentLiabilities": "1278000000",
            "currentDebt": "23000000",
            "netIncome": "816000000",
            "capitalExpenditures": "173000000",
            "operatingCashflow": "643000000",
            "grossProfit": "731000000",
            "totalRevenue": "1553000000",
            "sentiment": 0,
            "surprise": "0.1",
            "closePrice": "14.2127456110462"
        },
        {
            "fiscalDateEnding": "2009-12-31",
            "totalCurrentAssets": "5521000000",
            "cashAndShortTermInvestments": "3583000000",
            "totalCurrentLiabilities": "1539000000",
            "currentDebt": "74000000",
            "netIncome": "740000000",
            "capitalExpenditures": "163000000",
            "operatingCashflow": "913000000",
            "grossProfit": "649000000",
            "totalRevenue": "1532000000",
            "sentiment": 0,
            "surprise": "0.02",
            "closePrice": "13.1695329844269"
        },
        {
            "fiscalDateEnding": "2009-09-30",
            "totalCurrentAssets": "4847000000",
            "cashAndShortTermInvestments": "2930000000",
            "totalCurrentLiabilities": "1520000000",
            "currentDebt": "75000000",
            "netIncome": "643000000",
            "capitalExpenditures": "236000000",
            "operatingCashflow": "644000000",
            "grossProfit": "599000000",
            "totalRevenue": "1479000000",
            "sentiment": 0,
            "surprise": "0.03",
            "closePrice": "10.9190409211019"
        },
        {
            "fiscalDateEnding": "2009-06-30",
            "totalCurrentAssets": "5028000000",
            "cashAndShortTermInvestments": "3075000000",
            "totalCurrentLiabilities": "1531000000",
            "currentDebt": "80000000",
            "netIncome": "611000000",
            "capitalExpenditures": "215000000",
            "operatingCashflow": "612000000",
            "grossProfit": "575000000",
            "totalRevenue": "1395000000",
            "sentiment": 0,
            "surprise": "0.07",
            "closePrice": "11.5796099993822"
        }
    ]
}