{
    "GTLB": [
        {
            "fiscalDateEnding": "2024-01-31",
            "totalCurrentAssets": "1280917000",
            "cashAndShortTermInvestments": "287996000",
            "totalCurrentLiabilities": "662073000",
            "currentDebt": "None",
            "netIncome": "-36467000",
            "capitalExpenditures": "329000",
            "operatingCashflow": "24853000",
            "grossProfit": "147790000",
            "totalRevenue": "163779000",
            "sentiment": 0.3621568600134328,
            "surprise": "0.07",
            "closePrice": "58.75"
        },
        {
            "fiscalDateEnding": "2023-10-31",
            "totalCurrentAssets": "1182336000",
            "cashAndShortTermInvestments": "285309000",
            "totalCurrentLiabilities": "585922000",
            "currentDebt": "None",
            "netIncome": "-285158000",
            "capitalExpenditures": "736000",
            "operatingCashflow": "-5961000",
            "grossProfit": "134584000",
            "totalRevenue": "149668000",
            "sentiment": 0.4181403152699762,
            "surprise": "0.1",
            "closePrice": "52.93"
        },
        {
            "fiscalDateEnding": "2023-07-31",
            "totalCurrentAssets": "1143220000",
            "cashAndShortTermInvestments": "273225000",
            "totalCurrentLiabilities": "321195000",
            "currentDebt": "None",
            "netIncome": "-50080000",
            "capitalExpenditures": "277000",
            "operatingCashflow": "27109000",
            "grossProfit": "124885000",
            "totalRevenue": "139581000",
            "sentiment": 0.3511057569804862,
            "surprise": "0.04",
            "closePrice": "49.74"
        },
        {
            "fiscalDateEnding": "2023-04-30",
            "totalCurrentAssets": "1115220000",
            "cashAndShortTermInvestments": "315933000",
            "totalCurrentLiabilities": "311053000",
            "currentDebt": "None",
            "netIncome": "-52469000",
            "capitalExpenditures": "256000",
            "operatingCashflow": "-10961000",
            "grossProfit": "112939000",
            "totalRevenue": "126878000",
            "sentiment": 0.03519422845694248,
            "surprise": "0.08",
            "closePrice": "35.4"
        },
        {
            "fiscalDateEnding": "2023-01-31",
            "totalCurrentAssets": "1117962000",
            "cashAndShortTermInvestments": "295402000",
            "totalCurrentLiabilities": "306296000",
            "currentDebt": "None",
            "netIncome": "-38733000",
            "capitalExpenditures": "1052000",
            "operatingCashflow": "-11720000",
            "grossProfit": "108669000",
            "totalRevenue": "122907000",
            "sentiment": 0.2738963526596555,
            "surprise": "0.11",
            "closePrice": "44.6"
        },
        {
            "fiscalDateEnding": "2022-10-31",
            "totalCurrentAssets": "1069385000",
            "cashAndShortTermInvestments": "372169000",
            "totalCurrentLiabilities": "264479000",
            "currentDebt": "None",
            "netIncome": "-48455000",
            "capitalExpenditures": "1784000",
            "operatingCashflow": "-1197000",
            "grossProfit": "98417000",
            "totalRevenue": "112981000",
            "sentiment": 0.16586707747282473,
            "surprise": "0.05",
            "closePrice": "38.33"
        },
        {
            "fiscalDateEnding": "2022-07-31",
            "totalCurrentAssets": "1063989000",
            "cashAndShortTermInvestments": "414357000",
            "totalCurrentLiabilities": "246704000",
            "currentDebt": "None",
            "netIncome": "-59024000",
            "capitalExpenditures": "1360000",
            "operatingCashflow": "-36335000",
            "grossProfit": "88011000",
            "totalRevenue": "101041000",
            "sentiment": 0.06331090619549212,
            "surprise": "0.08",
            "closePrice": "47.4"
        },
        {
            "fiscalDateEnding": "2022-04-30",
            "totalCurrentAssets": "1044231000",
            "cashAndShortTermInvestments": "887489000",
            "totalCurrentLiabilities": "234600000",
            "currentDebt": "None",
            "netIncome": "-26099000",
            "capitalExpenditures": "1874000",
            "operatingCashflow": "-28156000",
            "grossProfit": "77559000",
            "totalRevenue": "87407000",
            "sentiment": 0.05806459122282674,
            "surprise": "0.09",
            "closePrice": "39.84"
        },
        {
            "fiscalDateEnding": "2022-01-31",
            "totalCurrentAssets": "1051843000",
            "cashAndShortTermInvestments": "934703000",
            "totalCurrentLiabilities": "241599000",
            "currentDebt": "None",
            "netIncome": "-45785000",
            "capitalExpenditures": "3541000",
            "operatingCashflow": "-1094000",
            "grossProfit": "68623000",
            "totalRevenue": "77796000",
            "sentiment": 0,
            "surprise": "0.09",
            "closePrice": "33.1"
        },
        {
            "fiscalDateEnding": "2021-10-31",
            "totalCurrentAssets": "1012350000",
            "cashAndShortTermInvestments": "924714000",
            "totalCurrentLiabilities": "178890000",
            "currentDebt": "None",
            "netIncome": "-41227000",
            "capitalExpenditures": "3541000",
            "operatingCashflow": "-10079000",
            "grossProfit": "59605000",
            "totalRevenue": "66800000",
            "sentiment": 0,
            "surprise": "0.14",
            "closePrice": "89.16"
        }
    ]
}