{
    "GWRE": [
        {
            "fiscalDateEnding": "2024-01-31",
            "totalCurrentAssets": "1060630000",
            "cashAndShortTermInvestments": "777623000",
            "totalCurrentLiabilities": "307076000",
            "currentDebt": "None",
            "netIncome": "9687000",
            "capitalExpenditures": "5358000",
            "operatingCashflow": "69251000",
            "grossProfit": "142406000",
            "totalRevenue": "239205000",
            "sentiment": 0.08206470517260173,
            "surprise": "0.23",
            "closePrice": "116.93"
        },
        {
            "fiscalDateEnding": "2023-10-31",
            "totalCurrentAssets": "976798000",
            "cashAndShortTermInvestments": "712947000",
            "totalCurrentLiabilities": "262375000",
            "currentDebt": "None",
            "netIncome": "-27071000",
            "capitalExpenditures": "4690000",
            "operatingCashflow": "-72083000",
            "grossProfit": "112292000",
            "totalRevenue": "205724000",
            "sentiment": 0.1795500903339095,
            "surprise": "-0.1514",
            "closePrice": "98.85"
        },
        {
            "fiscalDateEnding": "2023-07-31",
            "totalCurrentAssets": "1099603000",
            "cashAndShortTermInvestments": "798685000",
            "totalCurrentLiabilities": "373261000",
            "currentDebt": "None",
            "netIncome": "12220000",
            "capitalExpenditures": "5936000",
            "operatingCashflow": "173237000",
            "grossProfit": "163678000",
            "totalRevenue": "268276000",
            "sentiment": 0.15702574813620707,
            "surprise": "0.36",
            "closePrice": "84.84"
        },
        {
            "fiscalDateEnding": "2023-04-30",
            "totalCurrentAssets": "1006505000",
            "cashAndShortTermInvestments": "687817000",
            "totalCurrentLiabilities": "275428000",
            "currentDebt": "None",
            "netIncome": "-45568000",
            "capitalExpenditures": "3436000",
            "operatingCashflow": "-48627000",
            "grossProfit": "98918000",
            "totalRevenue": "206013000",
            "sentiment": 0.2467945741822634,
            "surprise": "0.06",
            "closePrice": "82.84"
        },
        {
            "fiscalDateEnding": "2023-01-31",
            "totalCurrentAssets": "1006263000",
            "cashAndShortTermInvestments": "714732000",
            "totalCurrentLiabilities": "275209000",
            "currentDebt": "None",
            "netIncome": "-9189000",
            "capitalExpenditures": "3754000",
            "operatingCashflow": "1220000",
            "grossProfit": "123463000",
            "totalRevenue": "230934000",
            "sentiment": 0.152537802594871,
            "surprise": "-0.18",
            "closePrice": "71.52"
        },
        {
            "fiscalDateEnding": "2022-10-31",
            "totalCurrentAssets": "943556000",
            "cashAndShortTermInvestments": "705186000",
            "totalCurrentLiabilities": "252764000",
            "currentDebt": "None",
            "netIncome": "-69318000",
            "capitalExpenditures": "4301000",
            "operatingCashflow": "-87435000",
            "grossProfit": "72152000",
            "totalRevenue": "193608000",
            "sentiment": 0.10103080708349424,
            "surprise": "0.27",
            "closePrice": "56.52"
        },
        {
            "fiscalDateEnding": "2022-07-31",
            "totalCurrentAssets": "1252703000",
            "cashAndShortTermInvestments": "976168000",
            "totalCurrentLiabilities": "337518000",
            "currentDebt": "None",
            "netIncome": "-31030000",
            "capitalExpenditures": "4613000",
            "operatingCashflow": "83592000",
            "grossProfit": "122667000",
            "totalRevenue": "239992000",
            "sentiment": -0.04605885018986743,
            "surprise": "0.04",
            "closePrice": "67.19"
        },
        {
            "fiscalDateEnding": "2022-04-30",
            "totalCurrentAssets": "1056269000",
            "cashAndShortTermInvestments": "807947000",
            "totalCurrentLiabilities": "237098000",
            "currentDebt": "None",
            "netIncome": "-57444000",
            "capitalExpenditures": "3976000",
            "operatingCashflow": "-11480000",
            "grossProfit": "83924000",
            "totalRevenue": "192941000",
            "sentiment": -0.05174849889481828,
            "surprise": "0.02",
            "closePrice": "80.43"
        },
        {
            "fiscalDateEnding": "2022-01-31",
            "totalCurrentAssets": "1077577000",
            "cashAndShortTermInvestments": "820131000",
            "totalCurrentLiabilities": "231151000",
            "currentDebt": "None",
            "netIncome": "-40681000",
            "capitalExpenditures": "6071000",
            "operatingCashflow": "-3010000",
            "grossProfit": "102191000",
            "totalRevenue": "200156000",
            "sentiment": 0,
            "surprise": "0.06",
            "closePrice": "86.74"
        },
        {
            "fiscalDateEnding": "2021-10-31",
            "totalCurrentAssets": "1080663000",
            "cashAndShortTermInvestments": "841782000",
            "totalCurrentLiabilities": "204165000",
            "currentDebt": "None",
            "netIncome": "-51276000",
            "capitalExpenditures": "7116000",
            "operatingCashflow": "-107042000",
            "grossProfit": "68394000",
            "totalRevenue": "161530000",
            "sentiment": 0,
            "surprise": "0.04",
            "closePrice": "117.18"
        },
        {
            "fiscalDateEnding": "2021-07-31",
            "totalCurrentAssets": "1355285000",
            "cashAndShortTermInvestments": "1119427000",
            "totalCurrentLiabilities": "300314000",
            "currentDebt": "None",
            "netIncome": "-1032000",
            "capitalExpenditures": "8823000",
            "operatingCashflow": "108354000",
            "grossProfit": "150662000",
            "totalRevenue": "225091000",
            "sentiment": 0,
            "surprise": "0.12",
            "closePrice": "118.44"
        },
        {
            "fiscalDateEnding": "2021-04-30",
            "totalCurrentAssets": "1307946000",
            "cashAndShortTermInvestments": "1088333000",
            "totalCurrentLiabilities": "214297000",
            "currentDebt": "11502000",
            "netIncome": "-36633000",
            "capitalExpenditures": "9630000",
            "operatingCashflow": "5611000",
            "grossProfit": "71903000",
            "totalRevenue": "159667000",
            "sentiment": 0,
            "surprise": "0.08",
            "closePrice": "97.89"
        },
        {
            "fiscalDateEnding": "2021-01-31",
            "totalCurrentAssets": "1368964000",
            "cashAndShortTermInvestments": "1146232000",
            "totalCurrentLiabilities": "210723000",
            "currentDebt": "11243000",
            "netIncome": "-8652000",
            "capitalExpenditures": "5913000",
            "operatingCashflow": "13329000",
            "grossProfit": "88160000",
            "totalRevenue": "175808000",
            "sentiment": 0,
            "surprise": "0.12",
            "closePrice": "106.95"
        },
        {
            "fiscalDateEnding": "2020-10-31",
            "totalCurrentAssets": "1349095000",
            "cashAndShortTermInvestments": "1150212000",
            "totalCurrentLiabilities": "185623000",
            "currentDebt": "11580000",
            "netIncome": "-20190000",
            "capitalExpenditures": "4488000",
            "operatingCashflow": "-15707000",
            "grossProfit": "78835000",
            "totalRevenue": "165577000",
            "sentiment": 0,
            "surprise": "0.22",
            "closePrice": "126.43"
        },
        {
            "fiscalDateEnding": "2020-07-31",
            "totalCurrentAssets": "1343218000",
            "cashAndShortTermInvestments": "1133496000",
            "totalCurrentLiabilities": "225198000",
            "currentDebt": "10936000",
            "netIncome": "38775000",
            "capitalExpenditures": "3421000",
            "operatingCashflow": "107159000",
            "grossProfit": "155863000",
            "totalRevenue": "239411000",
            "sentiment": 0,
            "surprise": "0.38",
            "closePrice": "118.38"
        },
        {
            "fiscalDateEnding": "2020-04-30",
            "totalCurrentAssets": "1224299000",
            "cashAndShortTermInvestments": "1034201000",
            "totalCurrentLiabilities": "176717000",
            "currentDebt": "9922000",
            "netIncome": "-31038000",
            "capitalExpenditures": "8775000",
            "operatingCashflow": "4571000",
            "grossProfit": "82413000",
            "totalRevenue": "164042000",
            "sentiment": 0,
            "surprise": "0.14",
            "closePrice": "110.17"
        },
        {
            "fiscalDateEnding": "2020-01-31",
            "totalCurrentAssets": "1247984000",
            "cashAndShortTermInvestments": "1055402000",
            "totalCurrentLiabilities": "182586000",
            "currentDebt": "9824000",
            "netIncome": "-19944000",
            "capitalExpenditures": "2493000",
            "operatingCashflow": "19474000",
            "grossProfit": "89862000",
            "totalRevenue": "169378000",
            "sentiment": 0,
            "surprise": "0.08",
            "closePrice": "112.48"
        },
        {
            "fiscalDateEnding": "2019-10-31",
            "totalCurrentAssets": "1189725000",
            "cashAndShortTermInvestments": "1011216000",
            "totalCurrentLiabilities": "164686000",
            "currentDebt": "6327000",
            "netIncome": "-14991000",
            "capitalExpenditures": "10971000",
            "operatingCashflow": "-18138000",
            "grossProfit": "76154000",
            "totalRevenue": "152961000",
            "sentiment": 0,
            "surprise": "0.1",
            "closePrice": "119.33"
        },
        {
            "fiscalDateEnding": "2019-07-31",
            "totalCurrentAssets": "1334974000",
            "cashAndShortTermInvestments": "1124237000",
            "totalCurrentLiabilities": "232272000",
            "currentDebt": "None",
            "netIncome": "23005000",
            "capitalExpenditures": "17868000",
            "operatingCashflow": "102874000",
            "grossProfit": "125074000",
            "totalRevenue": "207858000",
            "sentiment": 0,
            "surprise": "0.06",
            "closePrice": "95.41"
        },
        {
            "fiscalDateEnding": "2019-04-30",
            "totalCurrentAssets": "1209235000",
            "cashAndShortTermInvestments": "1005202000",
            "totalCurrentLiabilities": "189404000",
            "currentDebt": "None",
            "netIncome": "-8581000",
            "capitalExpenditures": "18880000",
            "operatingCashflow": "26211000",
            "grossProfit": "82589000",
            "totalRevenue": "162867000",
            "sentiment": 0,
            "surprise": "0.1",
            "closePrice": "98.1"
        },
        {
            "fiscalDateEnding": "2019-01-31",
            "totalCurrentAssets": "1263798000",
            "cashAndShortTermInvestments": "1066372000",
            "totalCurrentLiabilities": "169670000",
            "currentDebt": "None",
            "netIncome": "756000",
            "capitalExpenditures": "8705000",
            "operatingCashflow": "14288000",
            "grossProfit": "88854000",
            "totalRevenue": "169266000",
            "sentiment": 0,
            "surprise": "0.15",
            "closePrice": "86.46"
        },
        {
            "fiscalDateEnding": "2018-10-31",
            "totalCurrentAssets": "1251962000",
            "cashAndShortTermInvestments": "1084587000",
            "totalCurrentLiabilities": "149118000",
            "currentDebt": "None",
            "netIncome": "5489000",
            "capitalExpenditures": "3404000",
            "operatingCashflow": "-27247000",
            "grossProfit": "98647000",
            "totalRevenue": "179683000",
            "sentiment": 0,
            "surprise": "0.16",
            "closePrice": "89.72"
        },
        {
            "fiscalDateEnding": "2018-07-31",
            "totalCurrentAssets": "1222461000",
            "cashAndShortTermInvestments": "1067148000",
            "totalCurrentLiabilities": "238157000",
            "currentDebt": "None",
            "netIncome": "83426000",
            "capitalExpenditures": "5451000",
            "operatingCashflow": "103844000",
            "grossProfit": "149780000",
            "totalRevenue": "240260000",
            "sentiment": 0,
            "surprise": "0.06",
            "closePrice": "96.93"
        },
        {
            "fiscalDateEnding": "2018-04-30",
            "totalCurrentAssets": "1126627000",
            "cashAndShortTermInvestments": "994252000",
            "totalCurrentLiabilities": "188694000",
            "currentDebt": "None",
            "netIncome": "-48622000",
            "capitalExpenditures": "1171000",
            "operatingCashflow": "20169000",
            "grossProfit": "66468000",
            "totalRevenue": "142149000",
            "sentiment": 0,
            "surprise": "0.06",
            "closePrice": "93.92"
        },
        {
            "fiscalDateEnding": "2018-01-31",
            "totalCurrentAssets": "638938000",
            "cashAndShortTermInvestments": "505178000",
            "totalCurrentLiabilities": "172729000",
            "currentDebt": "None",
            "netIncome": "-45555000",
            "capitalExpenditures": "2973000",
            "operatingCashflow": "47694000",
            "grossProfit": "96019000",
            "totalRevenue": "163788000",
            "sentiment": 0,
            "surprise": "0.14",
            "closePrice": "85.23"
        },
        {
            "fiscalDateEnding": "2017-10-31",
            "totalCurrentAssets": "667634000",
            "cashAndShortTermInvestments": "561084000",
            "totalCurrentLiabilities": "135432000",
            "currentDebt": "None",
            "netIncome": "-8914000",
            "capitalExpenditures": "2416000",
            "operatingCashflow": "-31248000",
            "grossProfit": "45277000",
            "totalRevenue": "108171000",
            "sentiment": 0,
            "surprise": "0.08",
            "closePrice": "76.96"
        },
        {
            "fiscalDateEnding": "2017-07-31",
            "totalCurrentAssets": "679240000",
            "cashAndShortTermInvestments": "573203000",
            "totalCurrentLiabilities": "168367000",
            "currentDebt": "None",
            "netIncome": "26927000",
            "capitalExpenditures": "3060000",
            "operatingCashflow": "87222000",
            "grossProfit": "119088000",
            "totalRevenue": "176349000",
            "sentiment": 0,
            "surprise": "0.2",
            "closePrice": "73.23"
        },
        {
            "fiscalDateEnding": "2017-04-30",
            "totalCurrentAssets": "603171000",
            "cashAndShortTermInvestments": "477473000",
            "totalCurrentLiabilities": "164065000",
            "currentDebt": "None",
            "netIncome": "-1819000",
            "capitalExpenditures": "993000",
            "operatingCashflow": "21888000",
            "grossProfit": "71968000",
            "totalRevenue": "123436000",
            "sentiment": 0,
            "surprise": "0.19",
            "closePrice": "68.24"
        },
        {
            "fiscalDateEnding": "2017-01-31",
            "totalCurrentAssets": "671299000",
            "cashAndShortTermInvestments": "582805000",
            "totalCurrentLiabilities": "128575000",
            "currentDebt": "None",
            "netIncome": "3974000",
            "capitalExpenditures": "143000",
            "operatingCashflow": "42559000",
            "grossProfit": "74810000",
            "totalRevenue": "115621000",
            "sentiment": 0,
            "surprise": "0.14",
            "closePrice": "55.52"
        },
        {
            "fiscalDateEnding": "2016-10-31",
            "totalCurrentAssets": "605493000",
            "cashAndShortTermInvestments": "530342000",
            "totalCurrentLiabilities": "100070000",
            "currentDebt": "None",
            "netIncome": "-7858000",
            "capitalExpenditures": "2474000",
            "operatingCashflow": "-12910000",
            "grossProfit": "52108000",
            "totalRevenue": "94127000",
            "sentiment": 0,
            "surprise": "0.07",
            "closePrice": "57.55"
        },
        {
            "fiscalDateEnding": "2016-07-31",
            "totalCurrentAssets": "707672000",
            "cashAndShortTermInvestments": "628237000",
            "totalCurrentLiabilities": "119083000",
            "currentDebt": "None",
            "netIncome": "16097000",
            "capitalExpenditures": "1868000",
            "operatingCashflow": "49259000",
            "grossProfit": "98421000",
            "totalRevenue": "141177000",
            "sentiment": 0,
            "surprise": "0.07",
            "closePrice": "63.9"
        },
        {
            "fiscalDateEnding": "2016-04-30",
            "totalCurrentAssets": "654365000",
            "cashAndShortTermInvestments": "578686000",
            "totalCurrentLiabilities": "108104000",
            "currentDebt": "None",
            "netIncome": "-404000",
            "capitalExpenditures": "1376000",
            "operatingCashflow": "23611000",
            "grossProfit": "59853000",
            "totalRevenue": "98860000",
            "sentiment": 0,
            "surprise": "0.08",
            "closePrice": "60.48"
        },
        {
            "fiscalDateEnding": "2016-01-31",
            "totalCurrentAssets": "663822000",
            "cashAndShortTermInvestments": "590944000",
            "totalCurrentLiabilities": "94456000",
            "currentDebt": "None",
            "netIncome": "913000",
            "capitalExpenditures": "851000",
            "operatingCashflow": "37920000",
            "grossProfit": "67228000",
            "totalRevenue": "102129000",
            "sentiment": 0,
            "surprise": "0.09",
            "closePrice": "50.52"
        },
        {
            "fiscalDateEnding": "2015-10-31",
            "totalCurrentAssets": "619082000",
            "cashAndShortTermInvestments": "536531000",
            "totalCurrentLiabilities": "76711000",
            "currentDebt": "None",
            "netIncome": "-1630000",
            "capitalExpenditures": "3016000",
            "operatingCashflow": "-10890000",
            "grossProfit": "47110000",
            "totalRevenue": "82280000",
            "sentiment": 0,
            "surprise": "0.04",
            "closePrice": "60.55"
        },
        {
            "fiscalDateEnding": "2015-07-31",
            "totalCurrentAssets": "661644000",
            "cashAndShortTermInvestments": "571635000",
            "totalCurrentLiabilities": "104409000",
            "currentDebt": "None",
            "netIncome": "11893000",
            "capitalExpenditures": "1225000",
            "operatingCashflow": "33013000",
            "grossProfit": "86488000",
            "totalRevenue": "125917000",
            "sentiment": 0,
            "surprise": "0.09",
            "closePrice": "54.64"
        },
        {
            "fiscalDateEnding": "2015-04-30",
            "totalCurrentAssets": "634332000",
            "cashAndShortTermInvestments": "549993000",
            "totalCurrentLiabilities": "103360000",
            "currentDebt": "None",
            "netIncome": "-2987000",
            "capitalExpenditures": "1425000",
            "operatingCashflow": "26597000",
            "grossProfit": "47536000",
            "totalRevenue": "85440000",
            "sentiment": 0,
            "surprise": "-0.01",
            "closePrice": "47.4"
        },
        {
            "fiscalDateEnding": "2015-01-31",
            "totalCurrentAssets": "628517000",
            "cashAndShortTermInvestments": "545385000",
            "totalCurrentLiabilities": "84149000",
            "currentDebt": "None",
            "netIncome": "3976000",
            "capitalExpenditures": "2402000",
            "operatingCashflow": "9615000",
            "grossProfit": "55366000",
            "totalRevenue": "89446000",
            "sentiment": 0,
            "surprise": "0.06",
            "closePrice": "54.73"
        },
        {
            "fiscalDateEnding": "2014-10-31",
            "totalCurrentAssets": "563328000",
            "cashAndShortTermInvestments": "500235000",
            "totalCurrentLiabilities": "73891000",
            "currentDebt": "None",
            "netIncome": "-2997000",
            "capitalExpenditures": "1249000",
            "operatingCashflow": "-5548000",
            "grossProfit": "43963000",
            "totalRevenue": "79734000",
            "sentiment": 0,
            "surprise": "0.05",
            "closePrice": "50.4"
        },
        {
            "fiscalDateEnding": "2014-07-31",
            "totalCurrentAssets": "516430000",
            "cashAndShortTermInvestments": "444332000",
            "totalCurrentLiabilities": "95386000",
            "currentDebt": "None",
            "netIncome": "27586000",
            "capitalExpenditures": "1324000",
            "operatingCashflow": "49438000",
            "grossProfit": "79559000",
            "totalRevenue": "118207000",
            "sentiment": 0,
            "surprise": "0.09",
            "closePrice": "45.82"
        },
        {
            "fiscalDateEnding": "2014-04-30",
            "totalCurrentAssets": "503194000",
            "cashAndShortTermInvestments": "430369000",
            "totalCurrentLiabilities": "88466000",
            "currentDebt": "None",
            "netIncome": "-1358000",
            "capitalExpenditures": "1088000",
            "operatingCashflow": "20324000",
            "grossProfit": "45760000",
            "totalRevenue": "82035000",
            "sentiment": 0,
            "surprise": "0.08",
            "closePrice": "36.91"
        },
        {
            "fiscalDateEnding": "2014-01-31",
            "totalCurrentAssets": "512279000",
            "cashAndShortTermInvestments": "444192000",
            "totalCurrentLiabilities": "77291000",
            "currentDebt": "None",
            "netIncome": "-892000",
            "capitalExpenditures": "1375000",
            "operatingCashflow": "20312000",
            "grossProfit": "47308000",
            "totalRevenue": "83475000",
            "sentiment": 0,
            "surprise": "0.14",
            "closePrice": "53.16"
        },
        {
            "fiscalDateEnding": "2013-10-31",
            "totalCurrentAssets": "587131000",
            "cashAndShortTermInvestments": "528706000",
            "totalCurrentLiabilities": "66977000",
            "currentDebt": "None",
            "netIncome": "-10615000",
            "capitalExpenditures": "1206000",
            "operatingCashflow": "-14583000",
            "grossProfit": "28672000",
            "totalRevenue": "66529000",
            "sentiment": 0,
            "surprise": "0.15",
            "closePrice": "44.98"
        },
        {
            "fiscalDateEnding": "2013-07-31",
            "totalCurrentAssets": "210093000",
            "cashAndShortTermInvestments": "156699000",
            "totalCurrentLiabilities": "74784000",
            "currentDebt": "None",
            "netIncome": "12105000",
            "capitalExpenditures": "2167000",
            "operatingCashflow": "24435000",
            "grossProfit": "66196000",
            "totalRevenue": "96910000",
            "sentiment": 0,
            "surprise": "0.11",
            "closePrice": "46.48"
        },
        {
            "fiscalDateEnding": "2013-04-30",
            "totalCurrentAssets": "227566000",
            "cashAndShortTermInvestments": "154121000",
            "totalCurrentLiabilities": "81281000",
            "currentDebt": "None",
            "netIncome": "-2670000",
            "capitalExpenditures": "1205000",
            "operatingCashflow": "5003000",
            "grossProfit": "32258000",
            "totalRevenue": "68250000",
            "sentiment": 0,
            "surprise": "0.01",
            "closePrice": "40.79"
        },
        {
            "fiscalDateEnding": "2013-01-31",
            "totalCurrentAssets": "229862000",
            "cashAndShortTermInvestments": "165849000",
            "totalCurrentLiabilities": "74083000",
            "currentDebt": "None",
            "netIncome": "5501000",
            "capitalExpenditures": "1046000",
            "operatingCashflow": "19388000",
            "grossProfit": "40800000",
            "totalRevenue": "72188000",
            "sentiment": 0,
            "surprise": "0.19",
            "closePrice": "31.53"
        },
        {
            "fiscalDateEnding": "2012-10-31",
            "totalCurrentAssets": "246359000",
            "cashAndShortTermInvestments": "187593000",
            "totalCurrentLiabilities": "66703000",
            "currentDebt": "None",
            "netIncome": "447000",
            "capitalExpenditures": "4810000",
            "operatingCashflow": "-16279000",
            "grossProfit": "35744000",
            "totalRevenue": "63301000",
            "sentiment": 0,
            "surprise": "0.1",
            "closePrice": "29.46"
        },
        {
            "fiscalDateEnding": "2012-07-31",
            "totalCurrentAssets": "262465000",
            "cashAndShortTermInvestments": "205718000",
            "totalCurrentLiabilities": "93187000",
            "currentDebt": "None",
            "netIncome": "3548000",
            "capitalExpenditures": "3501000",
            "operatingCashflow": "19110000",
            "grossProfit": "41788000",
            "totalRevenue": "67589000",
            "sentiment": 0,
            "surprise": "0.06",
            "closePrice": "29.35"
        },
        {
            "fiscalDateEnding": "2012-04-30",
            "totalCurrentAssets": "247825000",
            "cashAndShortTermInvestments": "205576000",
            "totalCurrentLiabilities": "81683000",
            "currentDebt": "None",
            "netIncome": "3149000",
            "capitalExpenditures": "1118000",
            "operatingCashflow": "10252000",
            "grossProfit": "33022000",
            "totalRevenue": "56995000",
            "sentiment": 0,
            "surprise": "0.12",
            "closePrice": "24.26"
        },
        {
            "fiscalDateEnding": "2012-01-31",
            "totalCurrentAssets": "215232000",
            "cashAndShortTermInvestments": "173467000",
            "totalCurrentLiabilities": "70845000",
            "currentDebt": "None",
            "netIncome": "3691000",
            "capitalExpenditures": "510000",
            "operatingCashflow": "14817000",
            "grossProfit": "34356000",
            "totalRevenue": "55097000",
            "sentiment": 0,
            "surprise": "None",
            "closePrice": "30.04"
        }
    ]
}