{
    "HCP": [
        {
            "fiscalDateEnding": "2024-01-31",
            "totalCurrentAssets": "1541551000",
            "cashAndShortTermInvestments": "1278577000",
            "totalCurrentLiabilities": "440752000",
            "currentDebt": "None",
            "netIncome": "-31622000",
            "capitalExpenditures": "3003000",
            "operatingCashflow": "10286000",
            "grossProfit": "128811000",
            "totalRevenue": "155783000",
            "sentiment": 0.3200219630177896,
            "surprise": "0.04",
            "closePrice": "23.96"
        },
        {
            "fiscalDateEnding": "2023-10-31",
            "totalCurrentAssets": "1438590000",
            "cashAndShortTermInvestments": "1255651000",
            "totalCurrentLiabilities": "357890000",
            "currentDebt": "None",
            "netIncome": "-39473000",
            "capitalExpenditures": "2941000",
            "operatingCashflow": "8657000",
            "grossProfit": "120520000",
            "totalRevenue": "146125000",
            "sentiment": 0.23872817439942928,
            "surprise": "0.07",
            "closePrice": "24.9"
        },
        {
            "fiscalDateEnding": "2023-07-31",
            "totalCurrentAssets": "1440352000",
            "cashAndShortTermInvestments": "1244112000",
            "totalCurrentLiabilities": "361777000",
            "currentDebt": "None",
            "netIncome": "-66315000",
            "capitalExpenditures": "2956000",
            "operatingCashflow": "-33668000",
            "grossProfit": "113912000",
            "totalRevenue": "143246000",
            "sentiment": 0.22725583947601777,
            "surprise": "0.05",
            "closePrice": "29.16"
        },
        {
            "fiscalDateEnding": "2023-04-30",
            "totalCurrentAssets": "1461880000",
            "cashAndShortTermInvestments": "1289186000",
            "totalCurrentLiabilities": "350184000",
            "currentDebt": "None",
            "netIncome": "-53258000",
            "capitalExpenditures": "3130000",
            "operatingCashflow": "3874000",
            "grossProfit": "111195000",
            "totalRevenue": "137983000",
            "sentiment": 0.23758148335093404,
            "surprise": "0.07",
            "closePrice": "34.77"
        },
        {
            "fiscalDateEnding": "2023-01-31",
            "totalCurrentAssets": "1508998000",
            "cashAndShortTermInvestments": "1286134000",
            "totalCurrentLiabilities": "380849000",
            "currentDebt": "None",
            "netIncome": "-49359000",
            "capitalExpenditures": "2684000",
            "operatingCashflow": "1578000",
            "grossProfit": "112296000",
            "totalRevenue": "135788000",
            "sentiment": 0.31788257674130055,
            "surprise": "0.16",
            "closePrice": "29.73"
        },
        {
            "fiscalDateEnding": "2022-10-31",
            "totalCurrentAssets": "1441934000",
            "cashAndShortTermInvestments": "1274901000",
            "totalCurrentLiabilities": "319028000",
            "currentDebt": "None",
            "netIncome": "-71958000",
            "capitalExpenditures": "2726000",
            "operatingCashflow": "-15171000",
            "grossProfit": "102793000",
            "totalRevenue": "125341000",
            "sentiment": 0.24049409812883263,
            "surprise": "0.18",
            "closePrice": "26.72"
        },
        {
            "fiscalDateEnding": "2022-07-31",
            "totalCurrentAssets": "1458592000",
            "cashAndShortTermInvestments": "1291834000",
            "totalCurrentLiabilities": "309305000",
            "currentDebt": "None",
            "netIncome": "-74764000",
            "capitalExpenditures": "1983000",
            "operatingCashflow": "-57150000",
            "grossProfit": "92323000",
            "totalRevenue": "113863000",
            "sentiment": 0.038814639131972896,
            "surprise": "0.14",
            "closePrice": "30.26"
        },
        {
            "fiscalDateEnding": "2022-04-30",
            "totalCurrentAssets": "1482348000",
            "cashAndShortTermInvestments": "1340900000",
            "totalCurrentLiabilities": "298260000",
            "currentDebt": "None",
            "netIncome": "-78217000",
            "capitalExpenditures": "1605000",
            "operatingCashflow": "-13719000",
            "grossProfit": "81508000",
            "totalRevenue": "100897000",
            "sentiment": 0.08064256509631264,
            "surprise": "0.12",
            "closePrice": "41.27"
        }
    ]
}