{
    "HLIT": [
        {
            "fiscalDateEnding": "2023-12-31",
            "totalCurrentAssets": "330732000",
            "cashAndShortTermInvestments": "84269000",
            "totalCurrentLiabilities": "272394000",
            "currentDebt": "119798000",
            "netIncome": "83841000",
            "capitalExpenditures": "2726000",
            "operatingCashflow": "6267000",
            "grossProfit": "81867000",
            "totalRevenue": "164254000",
            "sentiment": 0.2978247931515467,
            "surprise": "0.03",
            "closePrice": "11.64"
        },
        {
            "fiscalDateEnding": "2023-09-30",
            "totalCurrentAssets": "329137000",
            "cashAndShortTermInvestments": "81927000",
            "totalCurrentLiabilities": "275219000",
            "currentDebt": "119474000",
            "netIncome": "-6495000",
            "capitalExpenditures": "1916000",
            "operatingCashflow": "11044000",
            "grossProfit": "61684000",
            "totalRevenue": "126584000",
            "sentiment": 0.2905327917416504,
            "surprise": "-0.068",
            "closePrice": "9.73"
        },
        {
            "fiscalDateEnding": "2023-06-30",
            "totalCurrentAssets": "331516000",
            "cashAndShortTermInvestments": "71031000",
            "totalCurrentLiabilities": "287689000",
            "currentDebt": "119279000",
            "netIncome": "1555000",
            "capitalExpenditures": "1502000",
            "operatingCashflow": "-16522000",
            "grossProfit": "84940000",
            "totalRevenue": "155163000",
            "sentiment": 0.37677468805202885,
            "surprise": "-0.01",
            "closePrice": "14.92"
        },
        {
            "fiscalDateEnding": "2023-03-31",
            "totalCurrentAssets": "338105000",
            "cashAndShortTermInvestments": "90877000",
            "totalCurrentLiabilities": "305898000",
            "currentDebt": "118888000",
            "netIncome": "5093000",
            "capitalExpenditures": "2331000",
            "operatingCashflow": "6270000",
            "grossProfit": "84054000",
            "totalRevenue": "155653000",
            "sentiment": 0.33180234119063984,
            "surprise": "0.04",
            "closePrice": "13.48"
        },
        {
            "fiscalDateEnding": "2022-12-31",
            "totalCurrentAssets": "345299000",
            "cashAndShortTermInvestments": "89586000",
            "totalCurrentLiabilities": "322072000",
            "currentDebt": "118737000",
            "netIncome": "6131000",
            "capitalExpenditures": "1861000",
            "operatingCashflow": "19351000",
            "grossProfit": "85697000",
            "totalRevenue": "160093000",
            "sentiment": 0.29073867792831753,
            "surprise": "0.03",
            "closePrice": "14.2"
        },
        {
            "fiscalDateEnding": "2022-09-30",
            "totalCurrentAssets": "336683000",
            "cashAndShortTermInvestments": "105280000",
            "totalCurrentLiabilities": "221942000",
            "currentDebt": "42058000",
            "netIncome": "8740000",
            "capitalExpenditures": "1885000",
            "operatingCashflow": "-8219000",
            "grossProfit": "78604000",
            "totalRevenue": "154454000",
            "sentiment": 0.2799372012836721,
            "surprise": "0.03",
            "closePrice": "15.45"
        },
        {
            "fiscalDateEnding": "2022-06-30",
            "totalCurrentAssets": "338426000",
            "cashAndShortTermInvestments": "121819000",
            "totalCurrentLiabilities": "221984000",
            "currentDebt": "None",
            "netIncome": "14840000",
            "capitalExpenditures": "3066000",
            "operatingCashflow": "21826000",
            "grossProfit": "82401000",
            "totalRevenue": "156052000",
            "sentiment": 0.04420141886882065,
            "surprise": "0.07",
            "closePrice": "10.85"
        },
        {
            "fiscalDateEnding": "2022-03-31",
            "totalCurrentAssets": "325400000",
            "cashAndShortTermInvestments": "100739000",
            "totalCurrentLiabilities": "230856000",
            "currentDebt": "None",
            "netIncome": "-1529000",
            "capitalExpenditures": "2438000",
            "operatingCashflow": "-27482000",
            "grossProfit": "69182000",
            "totalRevenue": "146569000",
            "sentiment": 0.0060265193012226095,
            "surprise": "0.04",
            "closePrice": "8.6"
        },
        {
            "fiscalDateEnding": "2021-12-31",
            "totalCurrentAssets": "323127000",
            "cashAndShortTermInvestments": "133431000",
            "totalCurrentLiabilities": "224461000",
            "currentDebt": "41816000",
            "netIncome": "19857000",
            "capitalExpenditures": "2405000",
            "operatingCashflow": "7361000",
            "grossProfit": "77938000",
            "totalRevenue": "154789000",
            "sentiment": 0,
            "surprise": "0.03",
            "closePrice": "10.76"
        },
        {
            "fiscalDateEnding": "2021-09-30",
            "totalCurrentAssets": "291175000",
            "cashAndShortTermInvestments": "128434000",
            "totalCurrentLiabilities": "203739000",
            "currentDebt": "None",
            "netIncome": "1530000",
            "capitalExpenditures": "2885000",
            "operatingCashflow": "15217000",
            "grossProfit": "66154000",
            "totalRevenue": "123635000",
            "sentiment": 0,
            "surprise": "0.06",
            "closePrice": "9.33"
        },
        {
            "fiscalDateEnding": "2021-06-30",
            "totalCurrentAssets": "301121000",
            "cashAndShortTermInvestments": "115177000",
            "totalCurrentLiabilities": "186371000",
            "currentDebt": "None",
            "netIncome": "-2009000",
            "capitalExpenditures": "4040000",
            "operatingCashflow": "16761000",
            "grossProfit": "60505000",
            "totalRevenue": "110818000",
            "sentiment": 0,
            "surprise": "0.0514",
            "closePrice": "8.64"
        },
        {
            "fiscalDateEnding": "2021-03-31",
            "totalCurrentAssets": "260667000",
            "cashAndShortTermInvestments": "100777000",
            "totalCurrentLiabilities": "192565000",
            "currentDebt": "None",
            "netIncome": "-6124000",
            "capitalExpenditures": "3645000",
            "operatingCashflow": "1678000",
            "grossProfit": "55145000",
            "totalRevenue": "111582000",
            "sentiment": 0,
            "surprise": "0.01",
            "closePrice": "8.11"
        },
        {
            "fiscalDateEnding": "2020-12-31",
            "totalCurrentAssets": "238035000",
            "cashAndShortTermInvestments": "98645000",
            "totalCurrentLiabilities": "147295000",
            "currentDebt": "11771000",
            "netIncome": "13465000",
            "capitalExpenditures": "6029000",
            "operatingCashflow": "41582000",
            "grossProfit": "71562000",
            "totalRevenue": "124409000",
            "sentiment": 0,
            "surprise": "0.05",
            "closePrice": "7.88"
        },
        {
            "fiscalDateEnding": "2020-09-30",
            "totalCurrentAssets": "214043000",
            "cashAndShortTermInvestments": "70817000",
            "totalCurrentLiabilities": "145770000",
            "currentDebt": "19374000",
            "netIncome": "-5381000",
            "capitalExpenditures": "5423000",
            "operatingCashflow": "-3309000",
            "grossProfit": "48924000",
            "totalRevenue": "92085000",
            "sentiment": 0,
            "surprise": "0.08",
            "closePrice": "6.81"
        },
        {
            "fiscalDateEnding": "2020-06-30",
            "totalCurrentAssets": "207877000",
            "cashAndShortTermInvestments": "77744000",
            "totalCurrentLiabilities": "145401000",
            "currentDebt": "22173000",
            "netIncome": "-15401000",
            "capitalExpenditures": "9529000",
            "operatingCashflow": "11931000",
            "grossProfit": "37773000",
            "totalRevenue": "70098000",
            "sentiment": 0,
            "surprise": "0.07",
            "closePrice": "5.62"
        },
        {
            "fiscalDateEnding": "2020-03-31",
            "totalCurrentAssets": "231625000",
            "cashAndShortTermInvestments": "71712000",
            "totalCurrentLiabilities": "196728000",
            "currentDebt": "58934000",
            "netIncome": "-21954000",
            "capitalExpenditures": "11224000",
            "operatingCashflow": "-11041000",
            "grossProfit": "36738000",
            "totalRevenue": "77580000",
            "sentiment": 0,
            "surprise": "-0.05",
            "closePrice": "6.56"
        },
        {
            "fiscalDateEnding": "2019-12-31",
            "totalCurrentAssets": "251362000",
            "cashAndShortTermInvestments": "93058000",
            "totalCurrentLiabilities": "191899000",
            "currentDebt": "6713000",
            "netIncome": "5570000",
            "capitalExpenditures": "5355000",
            "operatingCashflow": "30154000",
            "grossProfit": "61695000",
            "totalRevenue": "122178000",
            "sentiment": 0,
            "surprise": "0.04",
            "closePrice": "7.355"
        },
        {
            "fiscalDateEnding": "2019-09-30",
            "totalCurrentAssets": "236887000",
            "cashAndShortTermInvestments": "66695000",
            "totalCurrentLiabilities": "146450000",
            "currentDebt": "6962000",
            "netIncome": "11657000",
            "capitalExpenditures": "2034000",
            "operatingCashflow": "5787000",
            "grossProfit": "75540000",
            "totalRevenue": "107030000",
            "sentiment": 0,
            "surprise": "0.04",
            "closePrice": "6.62"
        },
        {
            "fiscalDateEnding": "2019-06-30",
            "totalCurrentAssets": "185503000",
            "cashAndShortTermInvestments": "58064000",
            "totalCurrentLiabilities": "138311000",
            "currentDebt": "1379000",
            "netIncome": "-11845000",
            "capitalExpenditures": "1265000",
            "operatingCashflow": "-8862000",
            "grossProfit": "43928000",
            "totalRevenue": "81909000",
            "sentiment": 0,
            "surprise": "0.03",
            "closePrice": "7.94"
        },
        {
            "fiscalDateEnding": "2019-03-31",
            "totalCurrentAssets": "181071000",
            "cashAndShortTermInvestments": "69916000",
            "totalCurrentLiabilities": "134104000",
            "currentDebt": "7124000",
            "netIncome": "-11306000",
            "capitalExpenditures": "1674000",
            "operatingCashflow": "4216000",
            "grossProfit": "41849000",
            "totalRevenue": "77838000",
            "sentiment": 0,
            "surprise": "0",
            "closePrice": "5.64"
        },
        {
            "fiscalDateEnding": "2018-12-31",
            "totalCurrentAssets": "196702000",
            "cashAndShortTermInvestments": "65989000",
            "totalCurrentLiabilities": "136405000",
            "currentDebt": "7175000",
            "netIncome": "3330000",
            "capitalExpenditures": "2341000",
            "operatingCashflow": "6617000",
            "grossProfit": "60321000",
            "totalRevenue": "113655000",
            "sentiment": 0,
            "surprise": "0.06",
            "closePrice": "5.4"
        },
        {
            "fiscalDateEnding": "2018-09-30",
            "totalCurrentAssets": "187199000",
            "cashAndShortTermInvestments": "61654000",
            "totalCurrentLiabilities": "137274000",
            "currentDebt": "7677000",
            "netIncome": "-7758000",
            "capitalExpenditures": "1522000",
            "operatingCashflow": "2663000",
            "grossProfit": "50102000",
            "totalRevenue": "97744000",
            "sentiment": 0,
            "surprise": "0.03",
            "closePrice": "5.57"
        },
        {
            "fiscalDateEnding": "2018-06-30",
            "totalCurrentAssets": "179104000",
            "cashAndShortTermInvestments": "54098000",
            "totalCurrentLiabilities": "138774000",
            "currentDebt": "1723000",
            "netIncome": "-2913000",
            "capitalExpenditures": "1406000",
            "operatingCashflow": "-534000",
            "grossProfit": "51603000",
            "totalRevenue": "96297000",
            "sentiment": 0,
            "surprise": "0.04",
            "closePrice": "4.725"
        },
        {
            "fiscalDateEnding": "2018-03-31",
            "totalCurrentAssets": "181846000",
            "cashAndShortTermInvestments": "52045000",
            "totalCurrentLiabilities": "142436000",
            "currentDebt": "7551000",
            "netIncome": "-13694000",
            "capitalExpenditures": "1775000",
            "operatingCashflow": "-17005000",
            "grossProfit": "47183000",
            "totalRevenue": "86535000",
            "sentiment": 0,
            "surprise": "0.07",
            "closePrice": "3.65"
        },
        {
            "fiscalDateEnding": "2017-12-31",
            "totalCurrentAssets": "171775000",
            "cashAndShortTermInvestments": "57024000",
            "totalCurrentLiabilities": "142089000",
            "currentDebt": "7610000",
            "netIncome": "-11516000",
            "capitalExpenditures": "2324000",
            "operatingCashflow": "30746000",
            "grossProfit": "48572000",
            "totalRevenue": "100974000",
            "sentiment": 0,
            "surprise": "-0.1544",
            "closePrice": "3.025"
        },
        {
            "fiscalDateEnding": "2017-09-30",
            "totalCurrentAssets": "176057000",
            "cashAndShortTermInvestments": "50039000",
            "totalCurrentLiabilities": "146323000",
            "currentDebt": "7434000",
            "netIncome": "-15583000",
            "capitalExpenditures": "3132000",
            "operatingCashflow": "-13495000",
            "grossProfit": "47025000",
            "totalRevenue": "89220000",
            "sentiment": 0,
            "surprise": "0.07",
            "closePrice": "2.95"
        },
        {
            "fiscalDateEnding": "2017-06-30",
            "totalCurrentAssets": "172760000",
            "cashAndShortTermInvestments": "52885000",
            "totalCurrentLiabilities": "145238000",
            "currentDebt": "7130000",
            "netIncome": "-31500000",
            "capitalExpenditures": "2726000",
            "operatingCashflow": "-29425000",
            "grossProfit": "33815000",
            "totalRevenue": "79635000",
            "sentiment": 0,
            "surprise": "-0.04",
            "closePrice": "4.1"
        },
        {
            "fiscalDateEnding": "2017-03-31",
            "totalCurrentAssets": "192351000",
            "cashAndShortTermInvestments": "55292000",
            "totalCurrentLiabilities": "141429000",
            "currentDebt": "6802000",
            "netIncome": "-24027000",
            "capitalExpenditures": "3217000",
            "operatingCashflow": "-10595000",
            "grossProfit": "40408000",
            "totalRevenue": "80353000",
            "sentiment": 0,
            "surprise": "-0.09",
            "closePrice": "5.8"
        },
        {
            "fiscalDateEnding": "2016-12-31",
            "totalCurrentAssets": "216835000",
            "cashAndShortTermInvestments": "55635000",
            "totalCurrentLiabilities": "144897000",
            "currentDebt": "7275000",
            "netIncome": "-10443000",
            "capitalExpenditures": "3684000",
            "operatingCashflow": "40144000",
            "grossProfit": "57693000",
            "totalRevenue": "113102000",
            "sentiment": 0,
            "surprise": "0.02",
            "closePrice": "5.4"
        },
        {
            "fiscalDateEnding": "2016-09-30",
            "totalCurrentAssets": "226097000",
            "cashAndShortTermInvestments": "44741000",
            "totalCurrentLiabilities": "143465000",
            "currentDebt": "6825000",
            "netIncome": "-16012000",
            "capitalExpenditures": "3715000",
            "operatingCashflow": "-11623000",
            "grossProfit": "51363000",
            "totalRevenue": "98672000",
            "sentiment": 0,
            "surprise": "-0.04",
            "closePrice": "5.35"
        },
        {
            "fiscalDateEnding": "2016-06-30",
            "totalCurrentAssets": "247885000",
            "cashAndShortTermInvestments": "51516000",
            "totalCurrentLiabilities": "158787000",
            "currentDebt": "None",
            "netIncome": "-20679000",
            "capitalExpenditures": "5044000",
            "operatingCashflow": "51040000",
            "grossProfit": "51040000",
            "totalRevenue": "109571000",
            "sentiment": 0,
            "surprise": "-0.2274",
            "closePrice": "3.37"
        },
        {
            "fiscalDateEnding": "2016-03-31",
            "totalCurrentAssets": "256443000",
            "cashAndShortTermInvestments": "56995000",
            "totalCurrentLiabilities": "161870000",
            "currentDebt": "None",
            "netIncome": "-25180000",
            "capitalExpenditures": "2664000",
            "operatingCashflow": "-5408000",
            "grossProfit": "40654000",
            "totalRevenue": "81832000",
            "sentiment": 0,
            "surprise": "-0.09",
            "closePrice": "3.33"
        },
        {
            "fiscalDateEnding": "2015-12-31",
            "totalCurrentAssets": "286131000",
            "cashAndShortTermInvestments": "126190000",
            "totalCurrentLiabilities": "84881000",
            "currentDebt": "None",
            "netIncome": "-7199000",
            "capitalExpenditures": "3963000",
            "operatingCashflow": "-2213000",
            "grossProfit": "47068000",
            "totalRevenue": "86603000",
            "sentiment": 0,
            "surprise": "0.02",
            "closePrice": "3.32"
        },
        {
            "fiscalDateEnding": "2015-09-30",
            "totalCurrentAssets": "226646000",
            "cashAndShortTermInvestments": "61571000",
            "totalCurrentLiabilities": "89291000",
            "currentDebt": "None",
            "netIncome": "-4811000",
            "capitalExpenditures": "2888000",
            "operatingCashflow": "-5024000",
            "grossProfit": "46231000",
            "totalRevenue": "83305000",
            "sentiment": 0,
            "surprise": "-0.0447",
            "closePrice": "5.7"
        },
        {
            "fiscalDateEnding": "2015-06-30",
            "totalCurrentAssets": "245896000",
            "cashAndShortTermInvestments": "76049000",
            "totalCurrentLiabilities": "98305000",
            "currentDebt": "None",
            "netIncome": "-994000",
            "capitalExpenditures": "3854000",
            "operatingCashflow": "11711000",
            "grossProfit": "54385000",
            "totalRevenue": "103103000",
            "sentiment": 0,
            "surprise": "0.01",
            "closePrice": "6.47"
        },
        {
            "fiscalDateEnding": "2015-03-31",
            "totalCurrentAssets": "243142000",
            "cashAndShortTermInvestments": "79656000",
            "totalCurrentLiabilities": "96189000",
            "currentDebt": "None",
            "netIncome": "-2657000",
            "capitalExpenditures": "3651000",
            "operatingCashflow": "1877000",
            "grossProfit": "55028000",
            "totalRevenue": "104016000",
            "sentiment": 0,
            "surprise": "0.01",
            "closePrice": "7.45"
        },
        {
            "fiscalDateEnding": "2014-12-31",
            "totalCurrentAssets": "232684000",
            "cashAndShortTermInvestments": "73032000",
            "totalCurrentLiabilities": "89930000",
            "currentDebt": "None",
            "netIncome": "-4854000",
            "capitalExpenditures": "1206000",
            "operatingCashflow": "19848000",
            "grossProfit": "56791000",
            "totalRevenue": "107875000",
            "sentiment": 0,
            "surprise": "0.03",
            "closePrice": "6.91"
        },
        {
            "fiscalDateEnding": "2014-09-30",
            "totalCurrentAssets": "234814000",
            "cashAndShortTermInvestments": "42028000",
            "totalCurrentLiabilities": "87822000",
            "currentDebt": "None",
            "netIncome": "1078000",
            "capitalExpenditures": "2380000",
            "operatingCashflow": "742000",
            "grossProfit": "53428000",
            "totalRevenue": "108061000",
            "sentiment": 0,
            "surprise": "0.02",
            "closePrice": "6.37"
        },
        {
            "fiscalDateEnding": "2014-06-30",
            "totalCurrentAssets": "275030000",
            "cashAndShortTermInvestments": "59173000",
            "totalCurrentLiabilities": "96987000",
            "currentDebt": "None",
            "netIncome": "-37062000",
            "capitalExpenditures": "3048000",
            "operatingCashflow": "15534000",
            "grossProfit": "49817000",
            "totalRevenue": "109589000",
            "sentiment": 0,
            "surprise": "0",
            "closePrice": "6.23"
        },
        {
            "fiscalDateEnding": "2014-03-31",
            "totalCurrentAssets": "309605000",
            "cashAndShortTermInvestments": "69192000",
            "totalCurrentLiabilities": "85321000",
            "currentDebt": "None",
            "netIncome": "-5410000",
            "capitalExpenditures": "3431000",
            "operatingCashflow": "11245000",
            "grossProfit": "52312000",
            "totalRevenue": "108032000",
            "sentiment": 0,
            "surprise": "0",
            "closePrice": "6.9"
        },
        {
            "fiscalDateEnding": "2013-12-31",
            "totalCurrentAssets": "328730000",
            "cashAndShortTermInvestments": "90329000",
            "totalCurrentLiabilities": "85080000",
            "currentDebt": "None",
            "netIncome": "-2360000",
            "capitalExpenditures": "3332000",
            "operatingCashflow": "18625000",
            "grossProfit": "59596000",
            "totalRevenue": "120222000",
            "sentiment": 0,
            "surprise": "0.01",
            "closePrice": "6.67"
        },
        {
            "fiscalDateEnding": "2013-09-30",
            "totalCurrentAssets": "329635000",
            "cashAndShortTermInvestments": "93330000",
            "totalCurrentLiabilities": "87797000",
            "currentDebt": "None",
            "netIncome": "36766000",
            "capitalExpenditures": "2494000",
            "operatingCashflow": "16052000",
            "grossProfit": "56792000",
            "totalRevenue": "122918000",
            "sentiment": 0,
            "surprise": "0.02",
            "closePrice": "7.67"
        },
        {
            "fiscalDateEnding": "2013-06-30",
            "totalCurrentAssets": "332182000",
            "cashAndShortTermInvestments": "83203000",
            "totalCurrentLiabilities": "95253000",
            "currentDebt": "None",
            "netIncome": "-3800000",
            "capitalExpenditures": "4481000",
            "operatingCashflow": "24825000",
            "grossProfit": "57892000",
            "totalRevenue": "117128000",
            "sentiment": 0,
            "surprise": "0.04",
            "closePrice": "6.96"
        },
        {
            "fiscalDateEnding": "2013-03-31",
            "totalCurrentAssets": "419453000",
            "cashAndShortTermInvestments": "118464000",
            "totalCurrentLiabilities": "96684000",
            "currentDebt": "None",
            "netIncome": "6421000",
            "capitalExpenditures": "4274000",
            "operatingCashflow": "-5743000",
            "grossProfit": "46165000",
            "totalRevenue": "101672000",
            "sentiment": 0,
            "surprise": "-0.04",
            "closePrice": "6.02"
        },
        {
            "fiscalDateEnding": "2012-12-31",
            "totalCurrentAssets": "396872000",
            "cashAndShortTermInvestments": "96670000",
            "totalCurrentLiabilities": "102894000",
            "currentDebt": "None",
            "netIncome": "4804000",
            "capitalExpenditures": "2759000",
            "operatingCashflow": "20667000",
            "grossProfit": "60111000",
            "totalRevenue": "117981000",
            "sentiment": 0,
            "surprise": "0.01",
            "closePrice": "5.44"
        },
        {
            "fiscalDateEnding": "2012-09-30",
            "totalCurrentAssets": "403964000",
            "cashAndShortTermInvestments": "103235000",
            "totalCurrentLiabilities": "106619000",
            "currentDebt": "None",
            "netIncome": "-8230000",
            "capitalExpenditures": "3142000",
            "operatingCashflow": "22007000",
            "grossProfit": "54878000",
            "totalRevenue": "120391000",
            "sentiment": 0,
            "surprise": "0",
            "closePrice": "4.27"
        },
        {
            "fiscalDateEnding": "2012-06-30",
            "totalCurrentAssets": "402503000",
            "cashAndShortTermInvestments": "92446000",
            "totalCurrentLiabilities": "107778000",
            "currentDebt": "None",
            "netIncome": "17000",
            "capitalExpenditures": "2993000",
            "operatingCashflow": "20248000",
            "grossProfit": "55081000",
            "totalRevenue": "122060000",
            "sentiment": 0,
            "surprise": "-0.01",
            "closePrice": "3.77"
        },
        {
            "fiscalDateEnding": "2012-03-31",
            "totalCurrentAssets": "394547000",
            "cashAndShortTermInvestments": "81019000",
            "totalCurrentLiabilities": "107205000",
            "currentDebt": "None",
            "netIncome": "-7528000",
            "capitalExpenditures": "3715000",
            "operatingCashflow": "7891000",
            "grossProfit": "50462000",
            "totalRevenue": "116439000",
            "sentiment": 0,
            "surprise": "0",
            "closePrice": "4.58"
        },
        {
            "fiscalDateEnding": "2011-12-31",
            "totalCurrentAssets": "391878000",
            "cashAndShortTermInvestments": "161837000",
            "totalCurrentLiabilities": "112818000",
            "currentDebt": "None",
            "netIncome": "4327000",
            "capitalExpenditures": "4896000",
            "operatingCashflow": "24788000",
            "grossProfit": "66870000",
            "totalRevenue": "143630000",
            "sentiment": 0,
            "surprise": "0",
            "closePrice": "5.88"
        },
        {
            "fiscalDateEnding": "2011-09-30",
            "totalCurrentAssets": "384449000",
            "cashAndShortTermInvestments": "140883000",
            "totalCurrentLiabilities": "108459000",
            "currentDebt": "None",
            "netIncome": "3546000",
            "capitalExpenditures": "3871000",
            "operatingCashflow": "11249000",
            "grossProfit": "63961000",
            "totalRevenue": "138871000",
            "sentiment": 0,
            "surprise": "0.01",
            "closePrice": "5.17"
        },
        {
            "fiscalDateEnding": "2011-06-30",
            "totalCurrentAssets": "379471000",
            "cashAndShortTermInvestments": "134298000",
            "totalCurrentLiabilities": "117823000",
            "currentDebt": "None",
            "netIncome": "390000",
            "capitalExpenditures": "3795000",
            "operatingCashflow": "16823000",
            "grossProfit": "61828000",
            "totalRevenue": "133893000",
            "sentiment": 0,
            "surprise": "-0.02",
            "closePrice": "6.46"
        },
        {
            "fiscalDateEnding": "2011-03-31",
            "totalCurrentAssets": "356099000",
            "cashAndShortTermInvestments": "117286000",
            "totalCurrentLiabilities": "112172000",
            "currentDebt": "None",
            "netIncome": "516000",
            "capitalExpenditures": "4957000",
            "operatingCashflow": "-7683000",
            "grossProfit": "61855000",
            "totalRevenue": "132835000",
            "sentiment": 0,
            "surprise": "0",
            "closePrice": "9.08"
        },
        {
            "fiscalDateEnding": "2010-12-31",
            "totalCurrentAssets": "348551000",
            "cashAndShortTermInvestments": "120371000",
            "totalCurrentLiabilities": "130653000",
            "currentDebt": "None",
            "netIncome": "-13738000",
            "capitalExpenditures": "5787000",
            "operatingCashflow": "16354000",
            "grossProfit": "61382000",
            "totalRevenue": "138268000",
            "sentiment": 0,
            "surprise": "0.02",
            "closePrice": "8.6"
        },
        {
            "fiscalDateEnding": "2010-09-30",
            "totalCurrentAssets": "324528000",
            "cashAndShortTermInvestments": "110118000",
            "totalCurrentLiabilities": "112730000",
            "currentDebt": "None",
            "netIncome": "-361000",
            "capitalExpenditures": "16662000",
            "operatingCashflow": "-4271000",
            "grossProfit": "47532000",
            "totalRevenue": "104784000",
            "sentiment": 0,
            "surprise": "0.01",
            "closePrice": "6.98"
        },
        {
            "fiscalDateEnding": "2010-06-30",
            "totalCurrentAssets": "443837000",
            "cashAndShortTermInvestments": "277921000",
            "totalCurrentLiabilities": "102046000",
            "currentDebt": "None",
            "netIncome": "4445000",
            "capitalExpenditures": "12022000",
            "operatingCashflow": "8462000",
            "grossProfit": "45682000",
            "totalRevenue": "95544000",
            "sentiment": 0,
            "surprise": "0.02",
            "closePrice": "5.97"
        }
    ]
}