{
    "HOOD": [
        {
            "fiscalDateEnding": "2023-12-31",
            "totalCurrentAssets": "31790000000",
            "cashAndShortTermInvestments": "4835000000",
            "totalCurrentLiabilities": "25545000000",
            "currentDebt": "None",
            "netIncome": "30000000",
            "capitalExpenditures": "20000000",
            "operatingCashflow": "960000000",
            "grossProfit": "191000000",
            "totalRevenue": "471000000",
            "sentiment": 0.2114954753217687,
            "surprise": "0.04",
            "closePrice": "11.84"
        },
        {
            "fiscalDateEnding": "2023-09-30",
            "totalCurrentAssets": "25739000000",
            "cashAndShortTermInvestments": "4889000000",
            "totalCurrentLiabilities": "19648000000",
            "currentDebt": "None",
            "netIncome": "-85000000",
            "capitalExpenditures": "1000000",
            "operatingCashflow": "-977000000",
            "grossProfit": "165000000",
            "totalRevenue": "467000000",
            "sentiment": 0.19421699593991587,
            "surprise": "0.01",
            "closePrice": "9.76"
        },
        {
            "fiscalDateEnding": "2023-06-30",
            "totalCurrentAssets": "28106000000",
            "cashAndShortTermInvestments": "5829000000",
            "totalCurrentLiabilities": "21356000000",
            "currentDebt": "None",
            "netIncome": "25000000",
            "capitalExpenditures": "0",
            "operatingCashflow": "370000000",
            "grossProfit": "263000000",
            "totalRevenue": "486000000",
            "sentiment": 0.14172342291651593,
            "surprise": "0.04",
            "closePrice": "12.44"
        },
        {
            "fiscalDateEnding": "2023-03-31",
            "totalCurrentAssets": "27188000000",
            "cashAndShortTermInvestments": "5459000000",
            "totalCurrentLiabilities": "20617000000",
            "currentDebt": "None",
            "netIncome": "-511000000",
            "capitalExpenditures": "0",
            "operatingCashflow": "828000000",
            "grossProfit": "-268000000",
            "totalRevenue": "441000000",
            "sentiment": 0.07957315983216909,
            "surprise": "0.04",
            "closePrice": "9.07"
        },
        {
            "fiscalDateEnding": "2022-12-31",
            "totalCurrentAssets": "22917000000",
            "cashAndShortTermInvestments": "6339000000",
            "totalCurrentLiabilities": "16253000000",
            "currentDebt": "None",
            "netIncome": "-166000000",
            "capitalExpenditures": "3000000",
            "operatingCashflow": "181000000",
            "grossProfit": "14000000",
            "totalRevenue": "380000000",
            "sentiment": 0.11663665829215882,
            "surprise": "0.03",
            "closePrice": "10.47"
        },
        {
            "fiscalDateEnding": "2022-09-30",
            "totalCurrentAssets": "24145000000",
            "cashAndShortTermInvestments": "6187000000",
            "totalCurrentLiabilities": "17509000000",
            "currentDebt": "None",
            "netIncome": "-175000000",
            "capitalExpenditures": "6000000",
            "operatingCashflow": "-207000000",
            "grossProfit": "75000000",
            "totalRevenue": "361000000",
            "sentiment": 0.07299690806976528,
            "surprise": "0.11",
            "closePrice": "11.4"
        },
        {
            "fiscalDateEnding": "2022-06-30",
            "totalCurrentAssets": "24045000000",
            "cashAndShortTermInvestments": "5962000000",
            "totalCurrentLiabilities": "17399000000",
            "currentDebt": "None",
            "netIncome": "-295000000",
            "capitalExpenditures": "6000000",
            "operatingCashflow": "-1263000000",
            "grossProfit": "38000000",
            "totalRevenue": "318000000",
            "sentiment": -0.08171352303853732,
            "surprise": "0.05",
            "closePrice": "9.23"
        },
        {
            "fiscalDateEnding": "2022-03-31",
            "totalCurrentAssets": "18355000000",
            "cashAndShortTermInvestments": "6191000000",
            "totalCurrentLiabilities": "11581000000",
            "currentDebt": "None",
            "netIncome": "-392000000",
            "capitalExpenditures": "13000000",
            "operatingCashflow": "437000000",
            "grossProfit": "-34000000",
            "totalRevenue": "299000000",
            "sentiment": -0.04027176307762817,
            "surprise": "-0.09",
            "closePrice": "10.09"
        },
        {
            "fiscalDateEnding": "2021-12-31",
            "totalCurrentAssets": "19283000000",
            "cashAndShortTermInvestments": "6253477000",
            "totalCurrentLiabilities": "12347000000",
            "currentDebt": "None",
            "netIncome": "-423000000",
            "capitalExpenditures": "17000000",
            "operatingCashflow": "-275000000",
            "grossProfit": "-146752000",
            "totalRevenue": "363000000",
            "sentiment": 0,
            "surprise": "-0.04",
            "closePrice": "11.61"
        },
        {
            "fiscalDateEnding": "2021-09-30",
            "totalCurrentAssets": "18849696000",
            "cashAndShortTermInvestments": "6166705000",
            "totalCurrentLiabilities": "11798418000",
            "currentDebt": "None",
            "netIncome": "-1317000000",
            "capitalExpenditures": "24000000",
            "operatingCashflow": "-1009000000",
            "grossProfit": "-556061000",
            "totalRevenue": "365000000",
            "sentiment": 0,
            "surprise": "-1.1",
            "closePrice": "39.57"
        },
        {
            "fiscalDateEnding": "2021-06-30",
            "totalCurrentAssets": "17900887000",
            "cashAndShortTermInvestments": "5077752000",
            "totalCurrentLiabilities": "12240276000",
            "currentDebt": "None",
            "netIncome": "-502000000",
            "capitalExpenditures": "13000000",
            "operatingCashflow": "2281000000",
            "grossProfit": "322016000",
            "totalRevenue": "565000000",
            "sentiment": 0,
            "surprise": "-2.01",
            "closePrice": "49.8"
        }
    ]
}