{
    "HPQ": [
        {
            "fiscalDateEnding": "2024-01-31",
            "totalCurrentAssets": "16858000000",
            "cashAndShortTermInvestments": "2263000000",
            "totalCurrentLiabilities": "23857000000",
            "currentDebt": "359000000",
            "netIncome": "622000000",
            "capitalExpenditures": "158000000",
            "operatingCashflow": "121000000",
            "grossProfit": "2888000000",
            "totalRevenue": "13185000000",
            "sentiment": 0.19250979795738107,
            "surprise": "0",
            "closePrice": "28.4628081987029"
        },
        {
            "fiscalDateEnding": "2023-10-31",
            "totalCurrentAssets": "17977000000",
            "cashAndShortTermInvestments": "3107000000",
            "totalCurrentLiabilities": "24488000000",
            "currentDebt": "230000000",
            "netIncome": "974000000",
            "capitalExpenditures": "150000000",
            "operatingCashflow": "1975000000",
            "grossProfit": "2985000000",
            "totalRevenue": "13817000000",
            "sentiment": 0.15371248582717167,
            "surprise": "0",
            "closePrice": "27.3708859621888"
        },
        {
            "fiscalDateEnding": "2023-07-31",
            "totalCurrentAssets": "17463000000",
            "cashAndShortTermInvestments": "1673000000",
            "totalCurrentLiabilities": "25190000000",
            "currentDebt": "443000000",
            "netIncome": "766000000",
            "capitalExpenditures": "137000000",
            "operatingCashflow": "976000000",
            "grossProfit": "2822000000",
            "totalRevenue": "13196000000",
            "sentiment": 0.1706008432796074,
            "surprise": "0",
            "closePrice": "30.5312720734259"
        },
        {
            "fiscalDateEnding": "2023-04-30",
            "totalCurrentAssets": "17023000000",
            "cashAndShortTermInvestments": "1923000000",
            "totalCurrentLiabilities": "24034000000",
            "currentDebt": "240000000",
            "netIncome": "1054000000",
            "capitalExpenditures": "130000000",
            "operatingCashflow": "636000000",
            "grossProfit": "2914000000",
            "totalRevenue": "12907000000",
            "sentiment": 0.15551142317998815,
            "surprise": "0.04",
            "closePrice": "29.8493792748773"
        },
        {
            "fiscalDateEnding": "2023-01-31",
            "totalCurrentAssets": "17305000000",
            "cashAndShortTermInvestments": "1405000000",
            "totalCurrentLiabilities": "25053000000",
            "currentDebt": "422000000",
            "netIncome": "469000000",
            "capitalExpenditures": "192000000",
            "operatingCashflow": "-16000000",
            "grossProfit": "2787000000",
            "totalRevenue": "13798000000",
            "sentiment": 0.11772422862317074,
            "surprise": "0",
            "closePrice": "28.220819019083"
        },
        {
            "fiscalDateEnding": "2022-10-31",
            "totalCurrentAssets": "19736000000",
            "cashAndShortTermInvestments": "3145000000",
            "totalCurrentLiabilities": "26189000000",
            "currentDebt": "218000000",
            "netIncome": "-23000000",
            "capitalExpenditures": "144000000",
            "operatingCashflow": "1904000000",
            "grossProfit": "2691000000",
            "totalRevenue": "14774000000",
            "sentiment": 0.0692629956997488,
            "surprise": "0.01",
            "closePrice": "27.8339011581716"
        },
        {
            "fiscalDateEnding": "2022-07-31",
            "totalCurrentAssets": "22996000000",
            "cashAndShortTermInvestments": "5386000000",
            "totalCurrentLiabilities": "26809000000",
            "currentDebt": "705000000",
            "netIncome": "1122000000",
            "capitalExpenditures": "196000000",
            "operatingCashflow": "394000000",
            "grossProfit": "2884000000",
            "totalRevenue": "14648000000",
            "sentiment": 0.0380533902840779,
            "surprise": "0",
            "closePrice": "29.1926838722749"
        },
        {
            "fiscalDateEnding": "2022-04-30",
            "totalCurrentAssets": "23515000000",
            "cashAndShortTermInvestments": "4477000000",
            "totalCurrentLiabilities": "28906000000",
            "currentDebt": "694000000",
            "netIncome": "981000000",
            "capitalExpenditures": "178000000",
            "operatingCashflow": "508000000",
            "grossProfit": "3297000000",
            "totalRevenue": "16475000000",
            "sentiment": 0.005398462055845218,
            "surprise": "0.03",
            "closePrice": "36.2278952953214"
        },
        {
            "fiscalDateEnding": "2022-01-31",
            "totalCurrentAssets": "22432000000",
            "cashAndShortTermInvestments": "3399000000",
            "totalCurrentLiabilities": "30199000000",
            "currentDebt": "689000000",
            "netIncome": "1052000000",
            "capitalExpenditures": "273000000",
            "operatingCashflow": "1657000000",
            "grossProfit": "3391000000",
            "totalRevenue": "17013000000",
            "sentiment": 0,
            "surprise": "0.08",
            "closePrice": "31.8258803561593"
        },
        {
            "fiscalDateEnding": "2021-10-31",
            "totalCurrentAssets": "22170000000",
            "cashAndShortTermInvestments": "4304000000",
            "totalCurrentLiabilities": "29096000000",
            "currentDebt": "1106000000",
            "netIncome": "3137000000",
            "capitalExpenditures": "172000000",
            "operatingCashflow": "2848000000",
            "grossProfit": "3255000000",
            "totalRevenue": "16648000000",
            "sentiment": 0,
            "surprise": "0.06",
            "closePrice": "29.617361237892"
        },
        {
            "fiscalDateEnding": "2021-07-31",
            "totalCurrentAssets": "20603000000",
            "cashAndShortTermInvestments": "3447000000",
            "totalCurrentLiabilities": "27667000000",
            "currentDebt": "214000000",
            "netIncome": "1108000000",
            "capitalExpenditures": "158000000",
            "operatingCashflow": "1093000000",
            "grossProfit": "3388000000",
            "totalRevenue": "15289000000",
            "sentiment": 0,
            "surprise": "0.03",
            "closePrice": "26.5944201382622"
        },
        {
            "fiscalDateEnding": "2021-04-30",
            "totalCurrentAssets": "20091000000",
            "cashAndShortTermInvestments": "3436000000",
            "totalCurrentLiabilities": "28029000000",
            "currentDebt": "1222000000",
            "netIncome": "1228000000",
            "capitalExpenditures": "121000000",
            "operatingCashflow": "1446000000",
            "grossProfit": "3440000000",
            "totalRevenue": "15877000000",
            "sentiment": 0,
            "surprise": "0.04",
            "closePrice": "29.1504013063966"
        },
        {
            "fiscalDateEnding": "2021-01-31",
            "totalCurrentAssets": "20438000000",
            "cashAndShortTermInvestments": "4160000000",
            "totalCurrentLiabilities": "27880000000",
            "currentDebt": "1238000000",
            "netIncome": "1068000000",
            "capitalExpenditures": "131000000",
            "operatingCashflow": "1022000000",
            "grossProfit": "3324000000",
            "totalRevenue": "15646000000",
            "sentiment": 0,
            "surprise": "0.26",
            "closePrice": "25.4359125478523"
        },
        {
            "fiscalDateEnding": "2020-10-31",
            "totalCurrentAssets": "20648000000",
            "cashAndShortTermInvestments": "5138000000",
            "totalCurrentLiabilities": "26220000000",
            "currentDebt": "674000000",
            "netIncome": "668000000",
            "capitalExpenditures": "116000000",
            "operatingCashflow": "1874000000",
            "grossProfit": "2679000000",
            "totalRevenue": "15258000000",
            "sentiment": 0,
            "surprise": "0.1",
            "closePrice": "19.4646981486031"
        },
        {
            "fiscalDateEnding": "2020-07-31",
            "totalCurrentAssets": "20269000000",
            "cashAndShortTermInvestments": "4736000000",
            "totalCurrentLiabilities": "25026000000",
            "currentDebt": "276000000",
            "netIncome": "734000000",
            "capitalExpenditures": "117000000",
            "operatingCashflow": "1667000000",
            "grossProfit": "2393000000",
            "totalRevenue": "14294000000",
            "sentiment": 0,
            "surprise": "0.06",
            "closePrice": "16.5849208772162"
        },
        {
            "fiscalDateEnding": "2020-04-30",
            "totalCurrentAssets": "19660000000",
            "cashAndShortTermInvestments": "4106000000",
            "totalCurrentLiabilities": "25276000000",
            "currentDebt": "1551000000",
            "netIncome": "764000000",
            "capitalExpenditures": "149000000",
            "operatingCashflow": "-510000000",
            "grossProfit": "2493000000",
            "totalRevenue": "12469000000",
            "sentiment": 0,
            "surprise": "0.07",
            "closePrice": "15.0322745670044"
        },
        {
            "fiscalDateEnding": "2020-01-31",
            "totalCurrentAssets": "17477000000",
            "cashAndShortTermInvestments": "4553000000",
            "totalCurrentLiabilities": "23867000000",
            "currentDebt": "923000000",
            "netIncome": "678000000",
            "capitalExpenditures": "198000000",
            "operatingCashflow": "1285000000",
            "grossProfit": "2872000000",
            "totalRevenue": "14618000000",
            "sentiment": 0,
            "surprise": "0.11",
            "closePrice": "19.233733316403"
        },
        {
            "fiscalDateEnding": "2019-10-31",
            "totalCurrentAssets": "20177000000",
            "cashAndShortTermInvestments": "4537000000",
            "totalCurrentLiabilities": "25293000000",
            "currentDebt": "357000000",
            "netIncome": "388000000",
            "capitalExpenditures": "196000000",
            "operatingCashflow": "588000000",
            "grossProfit": "2924000000",
            "totalRevenue": "15407000000",
            "sentiment": 0,
            "surprise": "0.02",
            "closePrice": "17.3073437611521"
        },
        {
            "fiscalDateEnding": "2019-07-31",
            "totalCurrentAssets": "19683000000",
            "cashAndShortTermInvestments": "4919000000",
            "totalCurrentLiabilities": "24579000000",
            "currentDebt": "328000000",
            "netIncome": "1179000000",
            "capitalExpenditures": "172000000",
            "operatingCashflow": "2343000000",
            "grossProfit": "2905000000",
            "totalRevenue": "14603000000",
            "sentiment": 0,
            "surprise": "0.03",
            "closePrice": "16.1957757873823"
        },
        {
            "fiscalDateEnding": "2019-04-30",
            "totalCurrentAssets": "18285000000",
            "cashAndShortTermInvestments": "3573000000",
            "totalCurrentLiabilities": "23203000000",
            "currentDebt": "290000000",
            "netIncome": "782000000",
            "capitalExpenditures": "114000000",
            "operatingCashflow": "861000000",
            "grossProfit": "2729000000",
            "totalRevenue": "14036000000",
            "sentiment": 0,
            "surprise": "0.02",
            "closePrice": "16.286844465555"
        },
        {
            "fiscalDateEnding": "2019-01-31",
            "totalCurrentAssets": "18936000000",
            "cashAndShortTermInvestments": "3792000000",
            "totalCurrentLiabilities": "24199000000",
            "currentDebt": "297000000",
            "netIncome": "803000000",
            "capitalExpenditures": "189000000",
            "operatingCashflow": "862000000",
            "grossProfit": "2612000000",
            "totalRevenue": "14710000000",
            "sentiment": 0,
            "surprise": "0.01",
            "closePrice": "20.0731417499208"
        },
        {
            "fiscalDateEnding": "2018-10-31",
            "totalCurrentAssets": "21387000000",
            "cashAndShortTermInvestments": "5877000000",
            "totalCurrentLiabilities": "25131000000",
            "currentDebt": "1463000000",
            "netIncome": "1451000000",
            "capitalExpenditures": "187000000",
            "operatingCashflow": "968000000",
            "grossProfit": "2697000000",
            "totalRevenue": "15366000000",
            "sentiment": 0,
            "surprise": "0",
            "closePrice": "19.1041967180272"
        },
        {
            "fiscalDateEnding": "2018-07-31",
            "totalCurrentAssets": "21776000000",
            "cashAndShortTermInvestments": "7081000000",
            "totalCurrentLiabilities": "25506000000",
            "currentDebt": "2681000000",
            "netIncome": "880000000",
            "capitalExpenditures": "117000000",
            "operatingCashflow": "1514000000",
            "grossProfit": "2688000000",
            "totalRevenue": "14586000000",
            "sentiment": 0,
            "surprise": "0.01",
            "closePrice": "20.4678673660963"
        },
        {
            "fiscalDateEnding": "2018-04-30",
            "totalCurrentAssets": "19433000000",
            "cashAndShortTermInvestments": "5330000000",
            "totalCurrentLiabilities": "23127000000",
            "currentDebt": "1617000000",
            "netIncome": "1058000000",
            "capitalExpenditures": "113000000",
            "operatingCashflow": "1050000000",
            "grossProfit": "2702000000",
            "totalRevenue": "14003000000",
            "sentiment": 0,
            "surprise": "0",
            "closePrice": "17.5968137624611"
        },
        {
            "fiscalDateEnding": "2018-01-31",
            "totalCurrentAssets": "21217000000",
            "cashAndShortTermInvestments": "6741000000",
            "totalCurrentLiabilities": "23349000000",
            "currentDebt": "1529000000",
            "netIncome": "1938000000",
            "capitalExpenditures": "129000000",
            "operatingCashflow": "996000000",
            "grossProfit": "2582000000",
            "totalRevenue": "14517000000",
            "sentiment": 0,
            "surprise": "0.06",
            "closePrice": "17.5675610245804"
        },
        {
            "fiscalDateEnding": "2017-10-31",
            "totalCurrentAssets": "22318000000",
            "cashAndShortTermInvestments": "8146000000",
            "totalCurrentLiabilities": "22412000000",
            "currentDebt": "1072000000",
            "netIncome": "660000000",
            "capitalExpenditures": "165000000",
            "operatingCashflow": "680000000",
            "grossProfit": "2520000000",
            "totalRevenue": "13927000000",
            "sentiment": 0,
            "surprise": "0",
            "closePrice": "18.3246801373594"
        },
        {
            "fiscalDateEnding": "2017-07-31",
            "totalCurrentAssets": "21443000000",
            "cashAndShortTermInvestments": "7987000000",
            "totalCurrentLiabilities": "22060000000",
            "currentDebt": "1062000000",
            "netIncome": "696000000",
            "capitalExpenditures": "61000000",
            "operatingCashflow": "1775000000",
            "grossProfit": "2427000000",
            "totalRevenue": "13060000000",
            "sentiment": 0,
            "surprise": "0.01",
            "closePrice": "15.2833974183638"
        },
        {
            "fiscalDateEnding": "2017-04-30",
            "totalCurrentAssets": "18302000000",
            "cashAndShortTermInvestments": "6223000000",
            "totalCurrentLiabilities": "18604000000",
            "currentDebt": "110000000",
            "netIncome": "559000000",
            "capitalExpenditures": "75000000",
            "operatingCashflow": "455000000",
            "grossProfit": "2383000000",
            "totalRevenue": "12385000000",
            "sentiment": 0,
            "surprise": "0.01",
            "closePrice": "15.2907016992682"
        },
        {
            "fiscalDateEnding": "2017-01-31",
            "totalCurrentAssets": "17775000000",
            "cashAndShortTermInvestments": "6331000000",
            "totalCurrentLiabilities": "18587000000",
            "currentDebt": "100000000",
            "netIncome": "611000000",
            "capitalExpenditures": "101000000",
            "operatingCashflow": "767000000",
            "grossProfit": "2248000000",
            "totalRevenue": "12684000000",
            "sentiment": 0,
            "surprise": "0.01",
            "closePrice": "12.9312872865305"
        },
        {
            "fiscalDateEnding": "2016-10-31",
            "totalCurrentAssets": "18468000000",
            "cashAndShortTermInvestments": "6288000000",
            "totalCurrentLiabilities": "18808000000",
            "currentDebt": "78000000",
            "netIncome": "492000000",
            "capitalExpenditures": "146000000",
            "operatingCashflow": "704000000",
            "grossProfit": "2291000000",
            "totalRevenue": "12512000000",
            "sentiment": 0,
            "surprise": "0",
            "closePrice": "12.625889854354"
        },
        {
            "fiscalDateEnding": "2016-07-31",
            "totalCurrentAssets": "17402000000",
            "cashAndShortTermInvestments": "5636000000",
            "totalCurrentLiabilities": "18114000000",
            "currentDebt": "75000000",
            "netIncome": "783000000",
            "capitalExpenditures": "81000000",
            "operatingCashflow": "1071000000",
            "grossProfit": "2172000000",
            "totalRevenue": "11892000000",
            "sentiment": 0,
            "surprise": "0.04",
            "closePrice": "11.3022024805092"
        },
        {
            "fiscalDateEnding": "2016-04-30",
            "totalCurrentAssets": "15385000000",
            "cashAndShortTermInvestments": "4636000000",
            "totalCurrentLiabilities": "16862000000",
            "currentDebt": "64000000",
            "netIncome": "629000000",
            "capitalExpenditures": "86000000",
            "operatingCashflow": "1579000000",
            "grossProfit": "2250000000",
            "totalRevenue": "11588000000",
            "sentiment": 0,
            "surprise": "0.03",
            "closePrice": "9.48521108659717"
        },
        {
            "fiscalDateEnding": "2016-01-31",
            "totalCurrentAssets": "15155000000",
            "cashAndShortTermInvestments": "3688000000",
            "totalCurrentLiabilities": "16761000000",
            "currentDebt": "49000000",
            "netIncome": "592000000",
            "capitalExpenditures": "120000000",
            "operatingCashflow": "-102000000",
            "grossProfit": "2285000000",
            "totalRevenue": "12246000000",
            "sentiment": 0,
            "surprise": "0",
            "closePrice": "8.32106371386933"
        },
        {
            "fiscalDateEnding": "2015-10-31",
            "totalCurrentAssets": "51787000000",
            "cashAndShortTermInvestments": "17433000000",
            "totalCurrentLiabilities": "42191000000",
            "currentDebt": "2194000000",
            "netIncome": "1323000000",
            "capitalExpenditures": "961000000",
            "operatingCashflow": "3145000000",
            "grossProfit": "2366000000",
            "totalRevenue": "12266000000",
            "sentiment": 0,
            "surprise": "-0.15",
            "closePrice": "11.1450705590211"
        },
        {
            "fiscalDateEnding": "2015-07-31",
            "totalCurrentAssets": "51998000000",
            "cashAndShortTermInvestments": "17171000000",
            "totalCurrentLiabilities": "49033000000",
            "currentDebt": "11034000000",
            "netIncome": "854000000",
            "capitalExpenditures": "916000000",
            "operatingCashflow": "1673000000",
            "grossProfit": "2326000000",
            "totalRevenue": "12362000000",
            "sentiment": 0,
            "surprise": "0.03",
            "closePrice": "10.0205678264676"
        },
        {
            "fiscalDateEnding": "2015-04-30",
            "totalCurrentAssets": "48883000000",
            "cashAndShortTermInvestments": "14768000000",
            "totalCurrentLiabilities": "43186000000",
            "currentDebt": "5594000000",
            "netIncome": "1011000000",
            "capitalExpenditures": "779000000",
            "operatingCashflow": "1464000000",
            "grossProfit": "2562000000",
            "totalRevenue": "12977000000",
            "sentiment": 0,
            "surprise": "0.02",
            "closePrice": "12.3283532175844"
        },
        {
            "fiscalDateEnding": "2015-01-31",
            "totalCurrentAssets": "48198000000",
            "cashAndShortTermInvestments": "12919000000",
            "totalCurrentLiabilities": "42529000000",
            "currentDebt": "3509000000",
            "netIncome": "1366000000",
            "capitalExpenditures": "947000000",
            "operatingCashflow": "744000000",
            "grossProfit": "2685000000",
            "totalRevenue": "13858000000",
            "sentiment": 0,
            "surprise": "0.01",
            "closePrice": "13.9587722136291"
        },
        {
            "fiscalDateEnding": "2014-10-31",
            "totalCurrentAssets": "50145000000",
            "cashAndShortTermInvestments": "15133000000",
            "totalCurrentLiabilities": "43735000000",
            "currentDebt": "3486000000",
            "netIncome": "1330000000",
            "capitalExpenditures": "956000000",
            "operatingCashflow": "2701000000",
            "grossProfit": "2731000000",
            "totalRevenue": "28546000000",
            "sentiment": 0,
            "surprise": "0",
            "closePrice": "13.5903467595276"
        },
        {
            "fiscalDateEnding": "2014-07-31",
            "totalCurrentAssets": "49287000000",
            "cashAndShortTermInvestments": "14474000000",
            "totalCurrentLiabilities": "42476000000",
            "currentDebt": "2705000000",
            "netIncome": "985000000",
            "capitalExpenditures": "1060000000",
            "operatingCashflow": "985000000",
            "grossProfit": "2347000000",
            "totalRevenue": "27585000000",
            "sentiment": 0,
            "surprise": "0",
            "closePrice": "12.62963764583"
        },
        {
            "fiscalDateEnding": "2014-04-30",
            "totalCurrentAssets": "49883000000",
            "cashAndShortTermInvestments": "15096000000",
            "totalCurrentLiabilities": "43280000000",
            "currentDebt": "5396000000",
            "netIncome": "1273000000",
            "capitalExpenditures": "840000000",
            "operatingCashflow": "1273000000",
            "grossProfit": "2698000000",
            "totalRevenue": "27309000000",
            "sentiment": 0,
            "surprise": "0",
            "closePrice": "11.3745875070825"
        },
        {
            "fiscalDateEnding": "2014-01-31",
            "totalCurrentAssets": "50684000000",
            "cashAndShortTermInvestments": "16165000000",
            "totalCurrentLiabilities": "43611000000",
            "currentDebt": "6621000000",
            "netIncome": "1425000000",
            "capitalExpenditures": "997000000",
            "operatingCashflow": "2990000000",
            "grossProfit": "2750000000",
            "totalRevenue": "28154000000",
            "sentiment": 0,
            "surprise": "0.06",
            "closePrice": "10.7532802721985"
        },
        {
            "fiscalDateEnding": "2013-10-31",
            "totalCurrentAssets": "50364000000",
            "cashAndShortTermInvestments": "12163000000",
            "totalCurrentLiabilities": "45521000000",
            "currentDebt": "5979000000",
            "netIncome": "1414000000",
            "capitalExpenditures": "919000000",
            "operatingCashflow": "2816000000",
            "grossProfit": "1546000000",
            "totalRevenue": "29131000000",
            "sentiment": 0,
            "surprise": "0.01",
            "closePrice": "8.88936103024933"
        },
        {
            "fiscalDateEnding": "2013-07-31",
            "totalCurrentAssets": "49958000000",
            "cashAndShortTermInvestments": "13251000000",
            "totalCurrentLiabilities": "46012000000",
            "currentDebt": "7624000000",
            "netIncome": "1390000000",
            "capitalExpenditures": "880000000",
            "operatingCashflow": "1497000000",
            "grossProfit": "3012000000",
            "totalRevenue": "27226000000",
            "sentiment": 0,
            "surprise": "0",
            "closePrice": "8.93409206959313"
        },
        {
            "fiscalDateEnding": "2013-04-30",
            "totalCurrentAssets": "49571000000",
            "cashAndShortTermInvestments": "13240000000",
            "totalCurrentLiabilities": "44658000000",
            "currentDebt": "6928000000",
            "netIncome": "1077000000",
            "capitalExpenditures": "767000000",
            "operatingCashflow": "1184000000",
            "grossProfit": "2777000000",
            "totalRevenue": "27582000000",
            "sentiment": 0,
            "surprise": "0.06",
            "closePrice": "7.42919046814882"
        },
        {
            "fiscalDateEnding": "2013-01-31",
            "totalCurrentAssets": "49552000000",
            "cashAndShortTermInvestments": "12589000000",
            "totalCurrentLiabilities": "44386000000",
            "currentDebt": "6475000000",
            "netIncome": "1232000000",
            "capitalExpenditures": "633000000",
            "operatingCashflow": "2562000000",
            "grossProfit": "2888000000",
            "totalRevenue": "28359000000",
            "sentiment": 0,
            "surprise": "0.11",
            "closePrice": "5.94661978837012"
        },
        {
            "fiscalDateEnding": "2012-10-31",
            "totalCurrentAssets": "50637000000",
            "cashAndShortTermInvestments": "11301000000",
            "totalCurrentLiabilities": "46666000000",
            "currentDebt": "6647000000",
            "netIncome": "-6854000000",
            "capitalExpenditures": "873000000",
            "operatingCashflow": "4059000000",
            "grossProfit": "-6435000000",
            "totalRevenue": "29959000000",
            "sentiment": 0,
            "surprise": "0.02",
            "closePrice": "4.03460667048383"
        },
        {
            "fiscalDateEnding": "2012-07-31",
            "totalCurrentAssets": "50237000000",
            "cashAndShortTermInvestments": "9509000000",
            "totalCurrentLiabilities": "44919000000",
            "currentDebt": "5681000000",
            "netIncome": "-8857000000",
            "capitalExpenditures": "870000000",
            "operatingCashflow": "-8707000000",
            "grossProfit": "-6203000000",
            "totalRevenue": "29669000000",
            "sentiment": 0,
            "surprise": "0.02",
            "closePrice": "6.56551730167658"
        },
        {
            "fiscalDateEnding": "2012-04-30",
            "totalCurrentAssets": "49689000000",
            "cashAndShortTermInvestments": "8311000000",
            "totalCurrentLiabilities": "42799000000",
            "currentDebt": "4252000000",
            "netIncome": "1593000000",
            "capitalExpenditures": "1080000000",
            "operatingCashflow": "1762000000",
            "grossProfit": "3639000000",
            "totalRevenue": "30693000000",
            "sentiment": 0,
            "surprise": "0.07",
            "closePrice": "7.16422098894291"
        },
        {
            "fiscalDateEnding": "2012-01-31",
            "totalCurrentAssets": "48749000000",
            "cashAndShortTermInvestments": "8113000000",
            "totalCurrentLiabilities": "44293000000",
            "currentDebt": "5438000000",
            "netIncome": "1468000000",
            "capitalExpenditures": "883000000",
            "operatingCashflow": "1193000000",
            "grossProfit": "3360000000",
            "totalRevenue": "30036000000",
            "sentiment": 0,
            "surprise": "0.05",
            "closePrice": "9.78665834721596"
        },
        {
            "fiscalDateEnding": "2011-10-31",
            "totalCurrentAssets": "51021000000",
            "cashAndShortTermInvestments": "8043000000",
            "totalCurrentLiabilities": "50442000000",
            "currentDebt": "8083000000",
            "netIncome": "239000000",
            "capitalExpenditures": "1385000000",
            "operatingCashflow": "2400000000",
            "grossProfit": "2248000000",
            "totalRevenue": "32122000000",
            "sentiment": 0,
            "surprise": "0.04",
            "closePrice": "9.04356961921125"
        },
        {
            "fiscalDateEnding": "2011-07-31",
            "totalCurrentAssets": "56279000000",
            "cashAndShortTermInvestments": "12953000000",
            "totalCurrentLiabilities": "48938000000",
            "currentDebt": "6666000000",
            "netIncome": "1926000000",
            "capitalExpenditures": "1128000000",
            "operatingCashflow": "3207000000",
            "grossProfit": "3788000000",
            "totalRevenue": "31189000000",
            "sentiment": 0,
            "surprise": "0.01",
            "closePrice": "9.88328155630405"
        },
        {
            "fiscalDateEnding": "2011-04-30",
            "totalCurrentAssets": "56075000000",
            "cashAndShortTermInvestments": "12738000000",
            "totalCurrentLiabilities": "51370000000",
            "currentDebt": "8406000000",
            "netIncome": "2304000000",
            "capitalExpenditures": "1100000000",
            "operatingCashflow": "3962000000",
            "grossProfit": "4291000000",
            "totalRevenue": "31632000000",
            "sentiment": 0,
            "surprise": "0.03",
            "closePrice": "12.318974372352"
        },
        {
            "fiscalDateEnding": "2011-01-31",
            "totalCurrentAssets": "51404000000",
            "cashAndShortTermInvestments": "9934000000",
            "totalCurrentLiabilities": "43610000000",
            "currentDebt": "3381000000",
            "netIncome": "2605000000",
            "capitalExpenditures": "926000000",
            "operatingCashflow": "3070000000",
            "grossProfit": "4669000000",
            "totalRevenue": "32302000000",
            "sentiment": 0,
            "surprise": "0.07",
            "closePrice": "16.0661263758163"
        },
        {
            "fiscalDateEnding": "2010-10-31",
            "totalCurrentAssets": "54184000000",
            "cashAndShortTermInvestments": "10934000000",
            "totalCurrentLiabilities": "49403000000",
            "currentDebt": "7046000000",
            "netIncome": "2538000000",
            "capitalExpenditures": "1232000000",
            "operatingCashflow": "3151000000",
            "grossProfit": "4593000000",
            "totalRevenue": "33278000000",
            "sentiment": 0,
            "surprise": "0.06",
            "closePrice": "14.3795948459762"
        },
        {
            "fiscalDateEnding": "2010-07-31",
            "totalCurrentAssets": "54365000000",
            "cashAndShortTermInvestments": "14723000000",
            "totalCurrentLiabilities": "49288000000",
            "currentDebt": "7842000000",
            "netIncome": "1773000000",
            "capitalExpenditures": "1130000000",
            "operatingCashflow": "3273000000",
            "grossProfit": "3649000000",
            "totalRevenue": "30729000000",
            "sentiment": 0,
            "surprise": "0",
            "closePrice": "13.5234669453934"
        },
        {
            "fiscalDateEnding": "2010-04-30",
            "totalCurrentAssets": "51695000000",
            "cashAndShortTermInvestments": "14170000000",
            "totalCurrentLiabilities": "42271000000",
            "currentDebt": "3934000000",
            "netIncome": "2200000000",
            "capitalExpenditures": "950000000",
            "operatingCashflow": "3091000000",
            "grossProfit": "4077000000",
            "totalRevenue": "30849000000",
            "sentiment": 0,
            "surprise": "0.04",
            "closePrice": "15.4976706949445"
        },
        {
            "fiscalDateEnding": "2010-01-31",
            "totalCurrentAssets": "51697000000",
            "cashAndShortTermInvestments": "13607000000",
            "totalCurrentLiabilities": "40873000000",
            "currentDebt": "1862000000",
            "netIncome": "2250000000",
            "capitalExpenditures": "821000000",
            "operatingCashflow": "2407000000",
            "grossProfit": "4090000000",
            "totalRevenue": "31177000000",
            "sentiment": 0,
            "surprise": "0.04",
            "closePrice": "16.5753290545147"
        },
        {
            "fiscalDateEnding": "2009-10-31",
            "totalCurrentAssets": "52539000000",
            "cashAndShortTermInvestments": "13334000000",
            "totalCurrentLiabilities": "43003000000",
            "currentDebt": "1850000000",
            "netIncome": "2412000000",
            "capitalExpenditures": "946000000",
            "operatingCashflow": "3433000000",
            "grossProfit": "5371000000",
            "totalRevenue": "30777000000",
            "sentiment": 0,
            "surprise": "0.01",
            "closePrice": "16.84637809138"
        },
        {
            "fiscalDateEnding": "2009-07-31",
            "totalCurrentAssets": "48842000000",
            "cashAndShortTermInvestments": "13587000000",
            "totalCurrentLiabilities": "41810000000",
            "currentDebt": "3288000000",
            "netIncome": "1671000000",
            "capitalExpenditures": "1091000000",
            "operatingCashflow": "3856000000",
            "grossProfit": "2981000000",
            "totalRevenue": "27585000000",
            "sentiment": 0,
            "surprise": "0.01",
            "closePrice": "14.4898598460329"
        }
    ]
}