{
    "HUBS": [
        {
            "fiscalDateEnding": "2023-12-31",
            "totalCurrentAssets": "1871540000",
            "cashAndShortTermInvestments": "1388232000",
            "totalCurrentLiabilities": "956247000",
            "currentDebt": "None",
            "netIncome": "-13604000",
            "capitalExpenditures": "25935000",
            "operatingCashflow": "104312000",
            "grossProfit": "493280000",
            "totalRevenue": "581693000",
            "sentiment": 0.275902155790226,
            "surprise": "0.22",
            "closePrice": "629.64"
        },
        {
            "fiscalDateEnding": "2023-09-30",
            "totalCurrentAssets": "1974935000",
            "cashAndShortTermInvestments": "1597071000",
            "totalCurrentLiabilities": "839202000",
            "currentDebt": "None",
            "netIncome": "-5463000",
            "capitalExpenditures": "28535000",
            "operatingCashflow": "89046000",
            "grossProfit": "470031000",
            "totalRevenue": "558560000",
            "sentiment": 0.24699936630845062,
            "surprise": "-1.35",
            "closePrice": "442.15"
        },
        {
            "fiscalDateEnding": "2023-06-30",
            "totalCurrentAssets": "1907845000",
            "cashAndShortTermInvestments": "1529145000",
            "totalCurrentLiabilities": "847455000",
            "currentDebt": "None",
            "netIncome": "-118946000",
            "capitalExpenditures": "27352000",
            "operatingCashflow": "76543000",
            "grossProfit": "441852000",
            "totalRevenue": "530216000",
            "sentiment": 0.2822916747682539,
            "surprise": "-3.39",
            "closePrice": "553.23"
        },
        {
            "fiscalDateEnding": "2023-03-31",
            "totalCurrentAssets": "1822074000",
            "cashAndShortTermInvestments": "1484713000",
            "totalCurrentLiabilities": "810428000",
            "currentDebt": "None",
            "netIncome": "-38282000",
            "capitalExpenditures": "18432000",
            "operatingCashflow": "81070000",
            "grossProfit": "419574000",
            "totalRevenue": "503076000",
            "sentiment": 0.3038011140914531,
            "surprise": "-1.61",
            "closePrice": "417.99"
        },
        {
            "fiscalDateEnding": "2022-12-31",
            "totalCurrentAssets": "1754599000",
            "cashAndShortTermInvestments": "1412684000",
            "totalCurrentLiabilities": "761653000",
            "currentDebt": "None",
            "netIncome": "-15636000",
            "capitalExpenditures": "19037000",
            "operatingCashflow": "89965000",
            "grossProfit": "389395000",
            "totalRevenue": "469469000",
            "sentiment": 0.2645130699188603,
            "surprise": "-1.14",
            "closePrice": "361.93"
        },
        {
            "fiscalDateEnding": "2022-09-30",
            "totalCurrentAssets": "1561093000",
            "cashAndShortTermInvestments": "1284356000",
            "totalCurrentLiabilities": "668209000",
            "currentDebt": "None",
            "netIncome": "-31411000",
            "capitalExpenditures": "24531000",
            "operatingCashflow": "60063000",
            "grossProfit": "361831000",
            "totalRevenue": "444072000",
            "sentiment": 0.22185482481564198,
            "surprise": "-1.16",
            "closePrice": "263.58"
        },
        {
            "fiscalDateEnding": "2022-06-30",
            "totalCurrentAssets": "1531779000",
            "cashAndShortTermInvestments": "1246043000",
            "totalCurrentLiabilities": "662162000",
            "currentDebt": "None",
            "netIncome": "-56361000",
            "capitalExpenditures": "28541000",
            "operatingCashflow": "40920000",
            "grossProfit": "342824000",
            "totalRevenue": "421906000",
            "sentiment": 0.06931482860624806,
            "surprise": "-1.61",
            "closePrice": "355.46"
        },
        {
            "fiscalDateEnding": "2022-03-31",
            "totalCurrentAssets": "1491081000",
            "cashAndShortTermInvestments": "1234882000",
            "totalCurrentLiabilities": "661971000",
            "currentDebt": "19367000",
            "netIncome": "-9341000",
            "capitalExpenditures": "19662000",
            "operatingCashflow": "82226000",
            "grossProfit": "322663000",
            "totalRevenue": "395134000",
            "sentiment": 0.014152900407216906,
            "surprise": "-0.67",
            "closePrice": "341.21"
        },
        {
            "fiscalDateEnding": "2021-12-31",
            "totalCurrentAssets": "1453574000",
            "cashAndShortTermInvestments": "1197975000",
            "totalCurrentLiabilities": "617474000",
            "currentDebt": "19630000",
            "netIncome": "-16371000",
            "capitalExpenditures": "18828000",
            "operatingCashflow": "95184000",
            "grossProfit": "297670000",
            "totalRevenue": "363846000",
            "sentiment": 0,
            "surprise": "-0.88",
            "closePrice": "545.89"
        },
        {
            "fiscalDateEnding": "2021-09-30",
            "totalCurrentAssets": "1411064000",
            "cashAndShortTermInvestments": "1170674000",
            "totalCurrentLiabilities": "549820000",
            "currentDebt": "21269000",
            "netIncome": "-13735000",
            "capitalExpenditures": "15870000",
            "operatingCashflow": "42653000",
            "grossProfit": "269589000",
            "totalRevenue": "332633000",
            "sentiment": 0,
            "surprise": "-0.72",
            "closePrice": "776.74"
        },
        {
            "fiscalDateEnding": "2021-06-30",
            "totalCurrentAssets": "1426328000",
            "cashAndShortTermInvestments": "1213731000",
            "totalCurrentLiabilities": "563910000",
            "currentDebt": "64762000",
            "netIncome": "-24572000",
            "capitalExpenditures": "15859000",
            "operatingCashflow": "38191000",
            "grossProfit": "247911000",
            "totalRevenue": "304868000",
            "sentiment": 0,
            "surprise": "-0.85",
            "closePrice": "590.0"
        },
        {
            "fiscalDateEnding": "2021-03-31",
            "totalCurrentAssets": "1368173000",
            "cashAndShortTermInvestments": "1179833000",
            "totalCurrentLiabilities": "482187000",
            "currentDebt": "11810000",
            "netIncome": "-23159000",
            "capitalExpenditures": "11308000",
            "operatingCashflow": "62700000",
            "grossProfit": "226631000",
            "totalRevenue": "270868000",
            "sentiment": 0,
            "surprise": "-0.79",
            "closePrice": "503.01"
        },
        {
            "fiscalDateEnding": "2020-12-31",
            "totalCurrentAssets": "1456921000",
            "cashAndShortTermInvestments": "1251196000",
            "totalCurrentLiabilities": "445501000",
            "currentDebt": "7837000",
            "netIncome": "-15416000",
            "capitalExpenditures": "15476000",
            "operatingCashflow": "60925000",
            "grossProfit": "204771000",
            "totalRevenue": "252065000",
            "sentiment": 0,
            "surprise": "-0.57",
            "closePrice": "527.64"
        },
        {
            "fiscalDateEnding": "2020-09-30",
            "totalCurrentAssets": "1358814000",
            "cashAndShortTermInvestments": "1184510000",
            "totalCurrentLiabilities": "372372000",
            "currentDebt": "None",
            "netIncome": "-22498000",
            "capitalExpenditures": "13337000",
            "operatingCashflow": "38667000",
            "grossProfit": "185782000",
            "totalRevenue": "222435000",
            "sentiment": 0,
            "surprise": "-0.62",
            "closePrice": "336.21"
        },
        {
            "fiscalDateEnding": "2020-06-30",
            "totalCurrentAssets": "1296319000",
            "cashAndShortTermInvestments": "1136078000",
            "totalCurrentLiabilities": "333446000",
            "currentDebt": "None",
            "netIncome": "-29401000",
            "capitalExpenditures": "14193000",
            "operatingCashflow": "-33690000",
            "grossProfit": "164831000",
            "totalRevenue": "188173000",
            "sentiment": 0,
            "surprise": "-0.91",
            "closePrice": "237.8"
        },
        {
            "fiscalDateEnding": "2020-03-31",
            "totalCurrentAssets": "1112753000",
            "cashAndShortTermInvestments": "968561000",
            "totalCurrentLiabilities": "327385000",
            "currentDebt": "24542000",
            "netIncome": "-17716000",
            "capitalExpenditures": "15867000",
            "operatingCashflow": "23011000",
            "grossProfit": "160683000",
            "totalRevenue": "193588000",
            "sentiment": 0,
            "surprise": "-0.64",
            "closePrice": "175.21"
        },
        {
            "fiscalDateEnding": "2019-12-31",
            "totalCurrentAssets": "1109724000",
            "cashAndShortTermInvestments": "961504000",
            "totalCurrentLiabilities": "322489000",
            "currentDebt": "23641000",
            "netIncome": "-10302000",
            "capitalExpenditures": "23510000",
            "operatingCashflow": "47891000",
            "grossProfit": "150211000",
            "totalRevenue": "186186000",
            "sentiment": 0,
            "surprise": "-0.66",
            "closePrice": "184.17"
        },
        {
            "fiscalDateEnding": "2019-09-30",
            "totalCurrentAssets": "1081239000",
            "cashAndShortTermInvestments": "948537000",
            "totalCurrentLiabilities": "280918000",
            "currentDebt": "15703000",
            "netIncome": "-14987000",
            "capitalExpenditures": "12952000",
            "operatingCashflow": "19669000",
            "grossProfit": "140358000",
            "totalRevenue": "168461000",
            "sentiment": 0,
            "surprise": "-0.59",
            "closePrice": "151.57"
        },
        {
            "fiscalDateEnding": "2019-06-30",
            "totalCurrentAssets": "1082876000",
            "cashAndShortTermInvestments": "955195000",
            "totalCurrentLiabilities": "272913000",
            "currentDebt": "15523000",
            "netIncome": "-17357000",
            "capitalExpenditures": "10298000",
            "operatingCashflow": "13697000",
            "grossProfit": "132113000",
            "totalRevenue": "158182000",
            "sentiment": 0,
            "surprise": "-0.66",
            "closePrice": "164.92"
        },
        {
            "fiscalDateEnding": "2019-03-31",
            "totalCurrentAssets": "1083451000",
            "cashAndShortTermInvestments": "969120000",
            "totalCurrentLiabilities": "268624000",
            "currentDebt": "None",
            "netIncome": "-11100000",
            "capitalExpenditures": "7086000",
            "operatingCashflow": "37716000",
            "grossProfit": "122220000",
            "totalRevenue": "146566000",
            "sentiment": 0,
            "surprise": "-0.52",
            "closePrice": "181.92"
        },
        {
            "fiscalDateEnding": "2018-12-31",
            "totalCurrentAssets": "712418000",
            "cashAndShortTermInvestments": "592250000",
            "totalCurrentLiabilities": "237009000",
            "currentDebt": "None",
            "netIncome": "-11492000",
            "capitalExpenditures": "8059000",
            "operatingCashflow": "33111000",
            "grossProfit": "116658000",
            "totalRevenue": "144022000",
            "sentiment": 0,
            "surprise": "-0.59",
            "closePrice": "172.0"
        },
        {
            "fiscalDateEnding": "2018-09-30",
            "totalCurrentAssets": "666461000",
            "cashAndShortTermInvestments": "561288000",
            "totalCurrentLiabilities": "211289000",
            "currentDebt": "None",
            "netIncome": "-18663000",
            "capitalExpenditures": "8298000",
            "operatingCashflow": "11517000",
            "grossProfit": "106061000",
            "totalRevenue": "131826000",
            "sentiment": 0,
            "surprise": "0.12",
            "closePrice": "144.12"
        },
        {
            "fiscalDateEnding": "2018-06-30",
            "totalCurrentAssets": "647020000",
            "cashAndShortTermInvestments": "550256000",
            "totalCurrentLiabilities": "198245000",
            "currentDebt": "None",
            "netIncome": "-18225000",
            "capitalExpenditures": "8261000",
            "operatingCashflow": "13501000",
            "grossProfit": "97725000",
            "totalRevenue": "122576000",
            "sentiment": 0,
            "surprise": "0.02",
            "closePrice": "128.6"
        },
        {
            "fiscalDateEnding": "2018-03-31",
            "totalCurrentAssets": "619543000",
            "cashAndShortTermInvestments": "529410000",
            "totalCurrentLiabilities": "192370000",
            "currentDebt": "None",
            "netIncome": "-15448000",
            "capitalExpenditures": "8855000",
            "operatingCashflow": "26722000",
            "grossProfit": "92179000",
            "totalRevenue": "114556000",
            "sentiment": 0,
            "surprise": "0.04",
            "closePrice": "117.65"
        },
        {
            "fiscalDateEnding": "2017-12-31",
            "totalCurrentAssets": "602501000",
            "cashAndShortTermInvestments": "504343000",
            "totalCurrentLiabilities": "178296000",
            "currentDebt": "None",
            "netIncome": "-11535000",
            "capitalExpenditures": "6952000",
            "operatingCashflow": "13994000",
            "grossProfit": "85485000",
            "totalRevenue": "106541000",
            "sentiment": 0,
            "surprise": "0.05",
            "closePrice": "97.0"
        },
        {
            "fiscalDateEnding": "2017-09-30",
            "totalCurrentAssets": "571028000",
            "cashAndShortTermInvestments": "491873000",
            "totalCurrentLiabilities": "160636000",
            "currentDebt": "None",
            "netIncome": "-10583000",
            "capitalExpenditures": "5983000",
            "operatingCashflow": "7801000",
            "grossProfit": "78716000",
            "totalRevenue": "97726000",
            "sentiment": 0,
            "surprise": "0.06",
            "closePrice": "85.95"
        },
        {
            "fiscalDateEnding": "2017-06-30",
            "totalCurrentAssets": "563780000",
            "cashAndShortTermInvestments": "492420000",
            "totalCurrentLiabilities": "153743000",
            "currentDebt": "780000",
            "netIncome": "-9521000",
            "capitalExpenditures": "6967000",
            "operatingCashflow": "-8694000",
            "grossProfit": "70502000",
            "totalRevenue": "89093000",
            "sentiment": 0,
            "surprise": "0.08",
            "closePrice": "70.1"
        },
        {
            "fiscalDateEnding": "2017-03-31",
            "totalCurrentAssets": "179769000",
            "cashAndShortTermInvestments": "122787000",
            "totalCurrentLiabilities": "135632000",
            "currentDebt": "790000",
            "netIncome": "-8075000",
            "capitalExpenditures": "7445000",
            "operatingCashflow": "37340000",
            "grossProfit": "65180000",
            "totalRevenue": "82252000",
            "sentiment": 0,
            "surprise": "0.11",
            "closePrice": "66.65"
        },
        {
            "fiscalDateEnding": "2016-12-31",
            "totalCurrentAssets": "176253000",
            "cashAndShortTermInvestments": "114350000",
            "totalCurrentLiabilities": "127383000",
            "currentDebt": "796000",
            "netIncome": "-13829000",
            "capitalExpenditures": "4015000",
            "operatingCashflow": "-11891000",
            "grossProfit": "59557000",
            "totalRevenue": "76444000",
            "sentiment": 0,
            "surprise": "0.07",
            "closePrice": "57.4"
        },
        {
            "fiscalDateEnding": "2016-09-30",
            "totalCurrentAssets": "164062000",
            "cashAndShortTermInvestments": "113994000",
            "totalCurrentLiabilities": "114970000",
            "currentDebt": "764000",
            "netIncome": "-10515000",
            "capitalExpenditures": "3742000",
            "operatingCashflow": "-10515000",
            "grossProfit": "54777000",
            "totalRevenue": "70589000",
            "sentiment": 0,
            "surprise": "0.08",
            "closePrice": "48.9"
        },
        {
            "fiscalDateEnding": "2016-06-30",
            "totalCurrentAssets": "161693000",
            "cashAndShortTermInvestments": "117492000",
            "totalCurrentLiabilities": "106970000",
            "currentDebt": "714000",
            "netIncome": "-11064000",
            "capitalExpenditures": "5706000",
            "operatingCashflow": "-11064000",
            "grossProfit": "49779000",
            "totalRevenue": "64974000",
            "sentiment": 0,
            "surprise": "0.08",
            "closePrice": "50.57"
        },
        {
            "fiscalDateEnding": "2016-03-31",
            "totalCurrentAssets": "151738000",
            "cashAndShortTermInvestments": "107652000",
            "totalCurrentLiabilities": "100672000",
            "currentDebt": "649000",
            "netIncome": "-10154000",
            "capitalExpenditures": "8075000",
            "operatingCashflow": "5272000",
            "grossProfit": "44989000",
            "totalRevenue": "58960000",
            "sentiment": 0,
            "surprise": "0.06",
            "closePrice": "46.25"
        },
        {
            "fiscalDateEnding": "2015-12-31",
            "totalCurrentAssets": "145754000",
            "cashAndShortTermInvestments": "104552000",
            "totalCurrentLiabilities": "91307000",
            "currentDebt": "542000",
            "netIncome": "-10252000",
            "capitalExpenditures": "7434000",
            "operatingCashflow": "39419000",
            "grossProfit": "39419000",
            "totalRevenue": "53126000",
            "sentiment": 0,
            "surprise": "0.06",
            "closePrice": "29.04"
        },
        {
            "fiscalDateEnding": "2015-09-30",
            "totalCurrentAssets": "137323000",
            "cashAndShortTermInvestments": "104506000",
            "totalCurrentLiabilities": "78080000",
            "currentDebt": "397000",
            "netIncome": "-13552000",
            "capitalExpenditures": "2332000",
            "operatingCashflow": "-12879000",
            "grossProfit": "35233000",
            "totalRevenue": "47711000",
            "sentiment": 0,
            "surprise": "0.05",
            "closePrice": "53.11"
        },
        {
            "fiscalDateEnding": "2015-06-30",
            "totalCurrentAssets": "140760000",
            "cashAndShortTermInvestments": "109826000",
            "totalCurrentLiabilities": "73714000",
            "currentDebt": "235000",
            "netIncome": "-11392000",
            "capitalExpenditures": "1180000",
            "operatingCashflow": "-10696000",
            "grossProfit": "31668000",
            "totalRevenue": "42941000",
            "sentiment": 0,
            "surprise": "0.04",
            "closePrice": "50.51"
        },
        {
            "fiscalDateEnding": "2015-03-31",
            "totalCurrentAssets": "164176000",
            "cashAndShortTermInvestments": "136092000",
            "totalCurrentLiabilities": "65297000",
            "currentDebt": "101000",
            "netIncome": "-10858000",
            "capitalExpenditures": "1795000",
            "operatingCashflow": "-6729000",
            "grossProfit": "27701000",
            "totalRevenue": "38166000",
            "sentiment": 0,
            "surprise": "0.06",
            "closePrice": "40.25"
        },
        {
            "fiscalDateEnding": "2014-12-31",
            "totalCurrentAssets": "149509000",
            "cashAndShortTermInvestments": "123721000",
            "totalCurrentLiabilities": "59428000",
            "currentDebt": "100000",
            "netIncome": "-19697000",
            "capitalExpenditures": "2078000",
            "operatingCashflow": "23635000",
            "grossProfit": "24228000",
            "totalRevenue": "34157000",
            "sentiment": 0,
            "surprise": "0.01",
            "closePrice": "34.42"
        },
        {
            "fiscalDateEnding": "2014-09-30",
            "totalCurrentAssets": "32008000",
            "cashAndShortTermInvestments": "12379000",
            "totalCurrentLiabilities": "49932000",
            "currentDebt": "98000",
            "netIncome": "-10793000",
            "capitalExpenditures": "2526000",
            "operatingCashflow": "-10793000",
            "grossProfit": "21243000",
            "totalRevenue": "30448000",
            "sentiment": 0,
            "surprise": "0.34",
            "closePrice": "35.41"
        }
    ]
}