{
    "ICHR": [
        {
            "fiscalDateEnding": "2023-12-31",
            "totalCurrentAssets": "401365000",
            "cashAndShortTermInvestments": "79955000",
            "totalCurrentLiabilities": "98962000",
            "currentDebt": "7500000",
            "netIncome": "-11899000",
            "capitalExpenditures": "2257000",
            "operatingCashflow": "37574000",
            "grossProfit": "20345000",
            "totalRevenue": "198818000",
            "sentiment": 0.2928604674551398,
            "surprise": "-0.13",
            "closePrice": "37.67"
        },
        {
            "fiscalDateEnding": "2023-09-30",
            "totalCurrentAssets": "451325000",
            "cashAndShortTermInvestments": "75933000",
            "totalCurrentLiabilities": "115668000",
            "currentDebt": "7500000",
            "netIncome": "-10425000",
            "capitalExpenditures": "2405000",
            "operatingCashflow": "3988000",
            "grossProfit": "24069000",
            "totalRevenue": "191625000",
            "sentiment": 0.3772269474785414,
            "surprise": "-0.01",
            "closePrice": "25.58"
        },
        {
            "fiscalDateEnding": "2023-06-30",
            "totalCurrentAssets": "452065000",
            "cashAndShortTermInvestments": "84608000",
            "totalCurrentLiabilities": "106404000",
            "currentDebt": "7500000",
            "netIncome": "-20656000",
            "capitalExpenditures": "4015000",
            "operatingCashflow": "26943000",
            "grossProfit": "25742000",
            "totalRevenue": "179978000",
            "sentiment": 0.20933410965412622,
            "surprise": "0.01",
            "closePrice": "35.88"
        },
        {
            "fiscalDateEnding": "2023-03-31",
            "totalCurrentAssets": "469598000",
            "cashAndShortTermInvestments": "68837000",
            "totalCurrentLiabilities": "118225000",
            "currentDebt": "7500000",
            "netIncome": "-5000",
            "capitalExpenditures": "6819000",
            "operatingCashflow": "-10873000",
            "grossProfit": "33240000",
            "totalRevenue": "221320000",
            "sentiment": -0.004936062358250491,
            "surprise": "0.11",
            "closePrice": "28.02"
        },
        {
            "fiscalDateEnding": "2022-12-31",
            "totalCurrentAssets": "513458000",
            "cashAndShortTermInvestments": "86470000",
            "totalCurrentLiabilities": "166292000",
            "currentDebt": "7500000",
            "netIncome": "14197000",
            "capitalExpenditures": "6975000",
            "operatingCashflow": "38774000",
            "grossProfit": "48911000",
            "totalRevenue": "297508000",
            "sentiment": 0.28584805753089715,
            "surprise": "0",
            "closePrice": "35.67"
        },
        {
            "fiscalDateEnding": "2022-09-30",
            "totalCurrentAssets": "535582000",
            "cashAndShortTermInvestments": "56463000",
            "totalCurrentLiabilities": "205063000",
            "currentDebt": "7500000",
            "netIncome": "29031000",
            "capitalExpenditures": "8045000",
            "operatingCashflow": "19574000",
            "grossProfit": "63560000",
            "totalRevenue": "352394000",
            "sentiment": 0.2959170676724276,
            "surprise": "0.23",
            "closePrice": "25.74"
        },
        {
            "fiscalDateEnding": "2022-06-30",
            "totalCurrentAssets": "500493000",
            "cashAndShortTermInvestments": "46064000",
            "totalCurrentLiabilities": "198920000",
            "currentDebt": "None",
            "netIncome": "21537000",
            "capitalExpenditures": "10996000",
            "operatingCashflow": "9383000",
            "grossProfit": "55461000",
            "totalRevenue": "327497000",
            "sentiment": 0.006929950806355309,
            "surprise": "0.17",
            "closePrice": "29.69"
        },
        {
            "fiscalDateEnding": "2022-03-31",
            "totalCurrentAssets": "459563000",
            "cashAndShortTermInvestments": "34516000",
            "totalCurrentLiabilities": "194066000",
            "currentDebt": "None",
            "netIncome": "8039000",
            "capitalExpenditures": "3417000",
            "operatingCashflow": "-36278000",
            "grossProfit": "43932000",
            "totalRevenue": "291614000",
            "sentiment": 0,
            "surprise": "-0.2",
            "closePrice": "29.16"
        },
        {
            "fiscalDateEnding": "2021-12-31",
            "totalCurrentAssets": "462771000",
            "cashAndShortTermInvestments": "75495000",
            "totalCurrentLiabilities": "208303000",
            "currentDebt": "7500000",
            "netIncome": "14859000",
            "capitalExpenditures": "2135000",
            "operatingCashflow": "-9139000",
            "grossProfit": "46978000",
            "totalRevenue": "284997000",
            "sentiment": 0,
            "surprise": "-0.01",
            "closePrice": "42.24"
        },
        {
            "fiscalDateEnding": "2021-09-30",
            "totalCurrentAssets": "549515000",
            "cashAndShortTermInvestments": "226744000",
            "totalCurrentLiabilities": "180973000",
            "currentDebt": "5625000",
            "netIncome": "18537000",
            "capitalExpenditures": "3335000",
            "operatingCashflow": "-14478000",
            "grossProfit": "43637000",
            "totalRevenue": "261368000",
            "sentiment": 0,
            "surprise": "-0.04",
            "closePrice": "45.35"
        },
        {
            "fiscalDateEnding": "2021-06-30",
            "totalCurrentAssets": "540520000",
            "cashAndShortTermInvestments": "246665000",
            "totalCurrentLiabilities": "197738000",
            "currentDebt": "8750000",
            "netIncome": "22865000",
            "capitalExpenditures": "9969000",
            "operatingCashflow": "13241000",
            "grossProfit": "47353000",
            "totalRevenue": "280717000",
            "sentiment": 0,
            "surprise": "0.05",
            "closePrice": "47.57"
        },
        {
            "fiscalDateEnding": "2021-03-31",
            "totalCurrentAssets": "503029000",
            "cashAndShortTermInvestments": "242946000",
            "totalCurrentLiabilities": "183084000",
            "currentDebt": "8750000",
            "netIncome": "14638000",
            "capitalExpenditures": "5400000",
            "operatingCashflow": "25648000",
            "grossProfit": "39512000",
            "totalRevenue": "262647000",
            "sentiment": 0,
            "surprise": "0.04",
            "closePrice": "54.22"
        },
        {
            "fiscalDateEnding": "2020-12-31",
            "totalCurrentAssets": "495714000",
            "cashAndShortTermInvestments": "252899000",
            "totalCurrentLiabilities": "162034000",
            "currentDebt": "8750000",
            "netIncome": "12521000",
            "capitalExpenditures": "2010000",
            "operatingCashflow": "40137000",
            "grossProfit": "34350000",
            "totalRevenue": "242967000",
            "sentiment": 0,
            "surprise": "0.1",
            "closePrice": "40.18"
        },
        {
            "fiscalDateEnding": "2020-09-30",
            "totalCurrentAssets": "326200000",
            "cashAndShortTermInvestments": "78919000",
            "totalCurrentLiabilities": "148299000",
            "currentDebt": "8750000",
            "netIncome": "10548000",
            "capitalExpenditures": "2626000",
            "operatingCashflow": "23305000",
            "grossProfit": "32506000",
            "totalRevenue": "225626000",
            "sentiment": 0,
            "surprise": "0.02",
            "closePrice": "23.97"
        },
        {
            "fiscalDateEnding": "2020-06-30",
            "totalCurrentAssets": "317389000",
            "cashAndShortTermInvestments": "56969000",
            "totalCurrentLiabilities": "155357000",
            "currentDebt": "8750000",
            "netIncome": "6811000",
            "capitalExpenditures": "3195000",
            "operatingCashflow": "-4147000",
            "grossProfit": "29262000",
            "totalRevenue": "219262000",
            "sentiment": 0,
            "surprise": "0.11",
            "closePrice": "33.55"
        },
        {
            "fiscalDateEnding": "2020-03-31",
            "totalCurrentAssets": "279745000",
            "cashAndShortTermInvestments": "41583000",
            "totalCurrentLiabilities": "151437000",
            "currentDebt": "14182000",
            "netIncome": "3399000",
            "capitalExpenditures": "2470000",
            "operatingCashflow": "-21036000",
            "grossProfit": "28774000",
            "totalRevenue": "217654000",
            "sentiment": 0,
            "surprise": "-0.08",
            "closePrice": "23.21"
        },
        {
            "fiscalDateEnding": "2019-12-31",
            "totalCurrentAssets": "276947000",
            "cashAndShortTermInvestments": "60612000",
            "totalCurrentLiabilities": "163867000",
            "currentDebt": "14242000",
            "netIncome": "7952000",
            "capitalExpenditures": "3995000",
            "operatingCashflow": "32147000",
            "grossProfit": "25915000",
            "totalRevenue": "186901000",
            "sentiment": 0,
            "surprise": "-0.02",
            "closePrice": "35.69"
        },
        {
            "fiscalDateEnding": "2019-09-30",
            "totalCurrentAssets": "218222000",
            "cashAndShortTermInvestments": "30175000",
            "totalCurrentLiabilities": "115002000",
            "currentDebt": "14041000",
            "netIncome": "923000",
            "capitalExpenditures": "2231000",
            "operatingCashflow": "4343000",
            "grossProfit": "20693000",
            "totalRevenue": "151793000",
            "sentiment": 0,
            "surprise": "0.02",
            "closePrice": "31.44"
        },
        {
            "fiscalDateEnding": "2019-06-30",
            "totalCurrentAssets": "196366000",
            "cashAndShortTermInvestments": "41456000",
            "totalCurrentLiabilities": "85933000",
            "currentDebt": "8750000",
            "netIncome": "336000",
            "capitalExpenditures": "9482000",
            "operatingCashflow": "21083000",
            "grossProfit": "19533000",
            "totalRevenue": "136433000",
            "sentiment": 0,
            "surprise": "-0.01",
            "closePrice": "22.72"
        },
        {
            "fiscalDateEnding": "2019-03-31",
            "totalCurrentAssets": "205615000",
            "cashAndShortTermInvestments": "31611000",
            "totalCurrentLiabilities": "90490000",
            "currentDebt": "8750000",
            "netIncome": "1518000",
            "capitalExpenditures": "4782000",
            "operatingCashflow": "-423000",
            "grossProfit": "20223000",
            "totalRevenue": "135063000",
            "sentiment": 0,
            "surprise": "-0.01",
            "closePrice": "24.98"
        },
        {
            "fiscalDateEnding": "2018-12-31",
            "totalCurrentAssets": "211575000",
            "cashAndShortTermInvestments": "43834000",
            "totalCurrentLiabilities": "87754000",
            "currentDebt": "8750000",
            "netIncome": "3485000",
            "capitalExpenditures": "2535000",
            "operatingCashflow": "33105000",
            "grossProfit": "21449000",
            "totalRevenue": "138775000",
            "sentiment": 0,
            "surprise": "-0.03",
            "closePrice": "21.36"
        },
        {
            "fiscalDateEnding": "2018-09-30",
            "totalCurrentAssets": "236415000",
            "cashAndShortTermInvestments": "33021000",
            "totalCurrentLiabilities": "99977000",
            "currentDebt": "8750000",
            "netIncome": "9637000",
            "capitalExpenditures": "2588000",
            "operatingCashflow": "-2787000",
            "grossProfit": "28214000",
            "totalRevenue": "172654000",
            "sentiment": 0,
            "surprise": "0.01",
            "closePrice": "19.28"
        },
        {
            "fiscalDateEnding": "2018-06-30",
            "totalCurrentAssets": "282671000",
            "cashAndShortTermInvestments": "63419000",
            "totalCurrentLiabilities": "134297000",
            "currentDebt": "8750000",
            "netIncome": "28040000",
            "capitalExpenditures": "5129000",
            "operatingCashflow": "30941000",
            "grossProfit": "43875000",
            "totalRevenue": "246670000",
            "sentiment": 0,
            "surprise": "0.08",
            "closePrice": "21.8"
        },
        {
            "fiscalDateEnding": "2018-03-31",
            "totalCurrentAssets": "309878000",
            "cashAndShortTermInvestments": "63796000",
            "totalCurrentLiabilities": "155575000",
            "currentDebt": "6563000",
            "netIncome": "16721000",
            "capitalExpenditures": "3668000",
            "operatingCashflow": "-784000",
            "grossProfit": "42599000",
            "totalRevenue": "255525000",
            "sentiment": 0,
            "surprise": "0.09",
            "closePrice": "23.93"
        },
        {
            "fiscalDateEnding": "2017-12-31",
            "totalCurrentAssets": "278454000",
            "cashAndShortTermInvestments": "68794000",
            "totalCurrentLiabilities": "147221000",
            "currentDebt": "6490000",
            "netIncome": "19464000",
            "capitalExpenditures": "1617000",
            "operatingCashflow": "37877000",
            "grossProfit": "29044000",
            "totalRevenue": "181763000",
            "sentiment": 0,
            "surprise": "0.02",
            "closePrice": "26.37"
        },
        {
            "fiscalDateEnding": "2017-09-30",
            "totalCurrentAssets": "216469000",
            "cashAndShortTermInvestments": "41987000",
            "totalCurrentLiabilities": "106435000",
            "currentDebt": "1180000",
            "netIncome": "14290000",
            "capitalExpenditures": "1395000",
            "operatingCashflow": "-6582000",
            "grossProfit": "24196000",
            "totalRevenue": "163780000",
            "sentiment": 0,
            "surprise": "0",
            "closePrice": "29.82"
        },
        {
            "fiscalDateEnding": "2017-06-30",
            "totalCurrentAssets": "208543000",
            "cashAndShortTermInvestments": "65044000",
            "totalCurrentLiabilities": "116224000",
            "currentDebt": "None",
            "netIncome": "9860000",
            "capitalExpenditures": "2940000",
            "operatingCashflow": "19185000",
            "grossProfit": "23506000",
            "totalRevenue": "159058000",
            "sentiment": 0,
            "surprise": "0",
            "closePrice": "18.03"
        },
        {
            "fiscalDateEnding": "2017-03-31",
            "totalCurrentAssets": "197083000",
            "cashAndShortTermInvestments": "46610000",
            "totalCurrentLiabilities": "118388000",
            "currentDebt": "None",
            "netIncome": "12840000",
            "capitalExpenditures": "2274000",
            "operatingCashflow": "-11677000",
            "grossProfit": "24015000",
            "totalRevenue": "148014000",
            "sentiment": 0,
            "surprise": "0",
            "closePrice": "21.0"
        }
    ]
}