{
    "INDI": [
        {
            "fiscalDateEnding": "2023-12-31",
            "totalCurrentAssets": "271820000",
            "cashAndShortTermInvestments": "151678000",
            "totalCurrentLiabilities": "138875000",
            "currentDebt": "4106000",
            "netIncome": "-14655000",
            "capitalExpenditures": "4172000",
            "operatingCashflow": "-111451000",
            "grossProfit": "37000",
            "totalRevenue": "67465000",
            "sentiment": 0.2691335618043333,
            "surprise": "0",
            "closePrice": "6.89"
        },
        {
            "fiscalDateEnding": "2023-09-30",
            "totalCurrentAssets": "269933000",
            "cashAndShortTermInvestments": "160648000",
            "totalCurrentLiabilities": "148958000",
            "currentDebt": "4910000",
            "netIncome": "-17097000",
            "capitalExpenditures": "2016000",
            "operatingCashflow": "-14837000",
            "grossProfit": "-7362000",
            "totalRevenue": "58234000",
            "sentiment": 0.11696216105214205,
            "surprise": "0",
            "closePrice": "4.94"
        },
        {
            "fiscalDateEnding": "2023-06-30",
            "totalCurrentAssets": "279516000",
            "cashAndShortTermInvestments": "180660000",
            "totalCurrentLiabilities": "104120000",
            "currentDebt": "3659000",
            "netIncome": "-13127000",
            "capitalExpenditures": "3365000",
            "operatingCashflow": "-40255000",
            "grossProfit": "-10330000",
            "totalRevenue": "49964000",
            "sentiment": 0.15286727176238998,
            "surprise": "-0.01",
            "closePrice": "7.92"
        },
        {
            "fiscalDateEnding": "2023-03-31",
            "totalCurrentAssets": "290367000",
            "cashAndShortTermInvestments": "207398000",
            "totalCurrentLiabilities": "115024000",
            "currentDebt": "4660000",
            "netIncome": "-72746000",
            "capitalExpenditures": "3199000",
            "operatingCashflow": "-32885000",
            "grossProfit": "-14161000",
            "totalRevenue": "38304000",
            "sentiment": 0.29506256802588654,
            "surprise": "0.01",
            "closePrice": "8.04"
        },
        {
            "fiscalDateEnding": "2022-12-31",
            "totalCurrentAssets": "373866000",
            "cashAndShortTermInvestments": "321629000",
            "totalCurrentLiabilities": "63963000",
            "currentDebt": "15700000",
            "netIncome": "-12392000",
            "capitalExpenditures": "3060000",
            "operatingCashflow": "-17930000",
            "grossProfit": "-4030000",
            "totalRevenue": "31815000",
            "sentiment": 0.14926707213887994,
            "surprise": "-0.02",
            "closePrice": "9.36"
        },
        {
            "fiscalDateEnding": "2022-09-30",
            "totalCurrentAssets": "194279000",
            "cashAndShortTermInvestments": "150388000",
            "totalCurrentLiabilities": "55306000",
            "currentDebt": "13082000",
            "netIncome": "-37607000",
            "capitalExpenditures": "2662000",
            "operatingCashflow": "-21933000",
            "grossProfit": "3785000",
            "totalRevenue": "29850000",
            "sentiment": 0.09412284300069529,
            "surprise": "0.01",
            "closePrice": "8.1"
        },
        {
            "fiscalDateEnding": "2022-06-30",
            "totalCurrentAssets": "199443000",
            "cashAndShortTermInvestments": "163749000",
            "totalCurrentLiabilities": "50540000",
            "currentDebt": "13204000",
            "netIncome": "-4234000",
            "capitalExpenditures": "1281000",
            "operatingCashflow": "-21168000",
            "grossProfit": "-6170000",
            "totalRevenue": "25488000",
            "sentiment": 0.061987966068694465,
            "surprise": "0.01",
            "closePrice": "7.84"
        },
        {
            "fiscalDateEnding": "2022-03-31",
            "totalCurrentAssets": "227082000",
            "cashAndShortTermInvestments": "192979000",
            "totalCurrentLiabilities": "57000000",
            "currentDebt": "12262000",
            "netIncome": "10833000",
            "capitalExpenditures": "565000",
            "operatingCashflow": "-15714000",
            "grossProfit": "-15148000",
            "totalRevenue": "22038000",
            "sentiment": 0,
            "surprise": "0.01",
            "closePrice": "6.94"
        },
        {
            "fiscalDateEnding": "2021-12-31",
            "totalCurrentAssets": "248034000",
            "cashAndShortTermInvestments": "219081000",
            "totalCurrentLiabilities": "33715000",
            "currentDebt": "2275000",
            "netIncome": "-35753000",
            "capitalExpenditures": "1618000",
            "operatingCashflow": "-47642000",
            "grossProfit": "-24080000",
            "totalRevenue": "7822000",
            "sentiment": 0,
            "surprise": "0",
            "closePrice": "7.66"
        },
        {
            "fiscalDateEnding": "2021-09-30",
            "totalCurrentAssets": "341870000",
            "cashAndShortTermInvestments": "323865000",
            "totalCurrentLiabilities": "16819000",
            "currentDebt": "2296000",
            "netIncome": "-79649000",
            "capitalExpenditures": "1600000",
            "operatingCashflow": "-14780000",
            "grossProfit": "-53215000",
            "totalRevenue": "12132000",
            "sentiment": 0,
            "surprise": "0.02",
            "closePrice": "12.5"
        },
        {
            "fiscalDateEnding": "2021-06-30",
            "totalCurrentAssets": "368845000",
            "cashAndShortTermInvestments": "354208000",
            "totalCurrentLiabilities": "28778000",
            "currentDebt": "2294000",
            "netIncome": "6149000",
            "capitalExpenditures": "691000",
            "operatingCashflow": "-13042000",
            "grossProfit": "12243000",
            "totalRevenue": "26793000",
            "sentiment": 0,
            "surprise": "-0.09",
            "closePrice": "10.6"
        }
    ]
}