{
    "INFA": [
        {
            "fiscalDateEnding": "2023-12-31",
            "totalCurrentAssets": "1752586000",
            "cashAndShortTermInvestments": "992271000",
            "totalCurrentLiabilities": "1053381000",
            "currentDebt": "18750000",
            "netIncome": "64261000",
            "capitalExpenditures": "1624000",
            "operatingCashflow": "101042000",
            "grossProfit": "358213000",
            "totalRevenue": "445178000",
            "sentiment": 0.2624411755225751,
            "surprise": "0.02",
            "closePrice": "30.13"
        },
        {
            "fiscalDateEnding": "2023-09-30",
            "totalCurrentAssets": "1356956000",
            "cashAndShortTermInvestments": "869093000",
            "totalCurrentLiabilities": "817494000",
            "currentDebt": "18750000",
            "netIncome": "79276000",
            "capitalExpenditures": "1804000",
            "operatingCashflow": "58718000",
            "grossProfit": "324722000",
            "totalRevenue": "408563000",
            "sentiment": 0.2960698420568199,
            "surprise": "0.04",
            "closePrice": "26.03"
        },
        {
            "fiscalDateEnding": "2023-06-30",
            "totalCurrentAssets": "1328531000",
            "cashAndShortTermInvestments": "825371000",
            "totalCurrentLiabilities": "953706000",
            "currentDebt": "18750000",
            "netIncome": "-152466000",
            "capitalExpenditures": "1891000",
            "operatingCashflow": "36705000",
            "grossProfit": "290396000",
            "totalRevenue": "375988000",
            "sentiment": 0.3418121452199188,
            "surprise": "0.05",
            "closePrice": "18.37"
        },
        {
            "fiscalDateEnding": "2023-03-31",
            "totalCurrentAssets": "1278871000",
            "cashAndShortTermInvestments": "801909000",
            "totalCurrentLiabilities": "834405000",
            "currentDebt": "18750000",
            "netIncome": "-116354000",
            "capitalExpenditures": "1224000",
            "operatingCashflow": "69882000",
            "grossProfit": "283534000",
            "totalRevenue": "365431000",
            "sentiment": 0.1418110000183813,
            "surprise": "-0.01",
            "closePrice": "14.8"
        },
        {
            "fiscalDateEnding": "2022-12-31",
            "totalCurrentAssets": "1398753000",
            "cashAndShortTermInvestments": "716135000",
            "totalCurrentLiabilities": "963456000",
            "currentDebt": "18750000",
            "netIncome": "-4381000",
            "capitalExpenditures": "3892000",
            "operatingCashflow": "60710000",
            "grossProfit": "312677000",
            "totalRevenue": "398781000",
            "sentiment": 0.0710687817447423,
            "surprise": "0.03",
            "closePrice": "18.34"
        },
        {
            "fiscalDateEnding": "2022-09-30",
            "totalCurrentAssets": "1132181000",
            "cashAndShortTermInvestments": "650629000",
            "totalCurrentLiabilities": "736452000",
            "currentDebt": "18750000",
            "netIncome": "-15602000",
            "capitalExpenditures": "573000",
            "operatingCashflow": "53259000",
            "grossProfit": "284760000",
            "totalRevenue": "371951000",
            "sentiment": 0.2376715940546681,
            "surprise": "0.01",
            "closePrice": "19.23"
        },
        {
            "fiscalDateEnding": "2022-06-30",
            "totalCurrentAssets": "1108270000",
            "cashAndShortTermInvestments": "582329000",
            "totalCurrentLiabilities": "772695000",
            "currentDebt": "18750000",
            "netIncome": "-30506000",
            "capitalExpenditures": "356000",
            "operatingCashflow": "15933000",
            "grossProfit": "285630000",
            "totalRevenue": "372039000",
            "sentiment": 0.011817508051907762,
            "surprise": "0.08",
            "closePrice": "20.06"
        },
        {
            "fiscalDateEnding": "2022-03-31",
            "totalCurrentAssets": "1101072000",
            "cashAndShortTermInvestments": "577765000",
            "totalCurrentLiabilities": "773284000",
            "currentDebt": "18750000",
            "netIncome": "-3186000",
            "capitalExpenditures": "644000",
            "operatingCashflow": "70155000",
            "grossProfit": "278548000",
            "totalRevenue": "362347000",
            "sentiment": 0.0057243072723952085,
            "surprise": "0.06",
            "closePrice": "20.2"
        },
        {
            "fiscalDateEnding": "2021-12-31",
            "totalCurrentAssets": "1171790000",
            "cashAndShortTermInvestments": "498141000",
            "totalCurrentLiabilities": "941611000",
            "currentDebt": "14063000",
            "netIncome": "-66332000",
            "capitalExpenditures": "4802000",
            "operatingCashflow": "86290000",
            "grossProfit": "311924000",
            "totalRevenue": "406710000",
            "sentiment": 0,
            "surprise": "-0.01",
            "closePrice": "28.15"
        },
        {
            "fiscalDateEnding": "2021-09-30",
            "totalCurrentAssets": "919731000",
            "cashAndShortTermInvestments": "453485000",
            "totalCurrentLiabilities": "723056000",
            "currentDebt": "23457000",
            "netIncome": "2727000",
            "capitalExpenditures": "4722000",
            "operatingCashflow": "37944000",
            "grossProfit": "281225000",
            "totalRevenue": "361807000",
            "sentiment": 0,
            "surprise": "0.05",
            "closePrice": "32.19"
        }
    ]
}