{
    "INFY": [
        {
            "fiscalDateEnding": "2023-12-31",
            "totalCurrentAssets": "9292000000",
            "cashAndShortTermInvestments": "1640000000",
            "totalCurrentLiabilities": "4678000000",
            "currentDebt": "None",
            "netIncome": "733298343",
            "capitalExpenditures": "41472319",
            "operatingCashflow": "737591852",
            "grossProfit": "1389000000",
            "totalRevenue": "4663000000",
            "sentiment": 0.2407937488374293,
            "surprise": "0",
            "closePrice": "18.82"
        },
        {
            "fiscalDateEnding": "2023-09-30",
            "totalCurrentAssets": "9279000000",
            "cashAndShortTermInvestments": "1892000000",
            "totalCurrentLiabilities": "4679000000",
            "currentDebt": "None",
            "netIncome": "751000000",
            "capitalExpenditures": "59000000",
            "operatingCashflow": "729000000",
            "grossProfit": "1447000000",
            "totalRevenue": "4718000000",
            "sentiment": 0.2890956958289811,
            "surprise": "0",
            "closePrice": "16.2508530705273"
        },
        {
            "fiscalDateEnding": "2023-06-30",
            "totalCurrentAssets": "9443000000",
            "cashAndShortTermInvestments": "1501000000",
            "totalCurrentLiabilities": "5667000000",
            "currentDebt": "None",
            "netIncome": "723298202",
            "capitalExpenditures": "98183624",
            "operatingCashflow": "831093359",
            "grossProfit": "1406000000",
            "totalRevenue": "4617000000",
            "sentiment": 0.19421517391265966,
            "surprise": "-0.01",
            "closePrice": "16.0139026004832"
        },
        {
            "fiscalDateEnding": "2023-03-31",
            "totalCurrentAssets": "8626000000",
            "cashAndShortTermInvestments": "1481000000",
            "totalCurrentLiabilities": "4769000000",
            "currentDebt": "None",
            "netIncome": "745000000",
            "capitalExpenditures": "95000000",
            "operatingCashflow": "808000000",
            "grossProfit": "1390000000",
            "totalRevenue": "4554000000",
            "sentiment": 0.24449904430123842,
            "surprise": "-0.01",
            "closePrice": "15.0022959633286"
        },
        {
            "fiscalDateEnding": "2022-12-31",
            "totalCurrentAssets": "8753000000",
            "cashAndShortTermInvestments": "1401000000",
            "totalCurrentLiabilities": "4981000000",
            "currentDebt": "None",
            "netIncome": "800000000",
            "capitalExpenditures": "68000000",
            "operatingCashflow": "644000000",
            "grossProfit": "1429000000",
            "totalRevenue": "4659000000",
            "sentiment": 0.214679239288514,
            "surprise": "0",
            "closePrice": "17.92482115099"
        },
        {
            "fiscalDateEnding": "2022-09-30",
            "totalCurrentAssets": "9211000000",
            "cashAndShortTermInvestments": "1828000000",
            "totalCurrentLiabilities": "4589000000",
            "currentDebt": "None",
            "netIncome": "749000000",
            "capitalExpenditures": "67000000",
            "operatingCashflow": "656000000",
            "grossProfit": "1385000000",
            "totalRevenue": "4555000000",
            "sentiment": 0.18588486449460434,
            "surprise": "0",
            "closePrice": "17.3947253668296"
        },
        {
            "fiscalDateEnding": "2022-06-30",
            "totalCurrentAssets": "8682000000",
            "cashAndShortTermInvestments": "1771000000",
            "totalCurrentLiabilities": "4643000000",
            "currentDebt": "None",
            "netIncome": "689000000",
            "capitalExpenditures": "89000000",
            "operatingCashflow": "745000000",
            "grossProfit": "1300000000",
            "totalRevenue": "4444000000",
            "sentiment": -0.01730487357969233,
            "surprise": "-0.02",
            "closePrice": "17.8862106819035"
        },
        {
            "fiscalDateEnding": "2022-03-31",
            "totalCurrentAssets": "8865000000",
            "cashAndShortTermInvestments": "2305000000",
            "totalCurrentLiabilities": "4433000000",
            "currentDebt": "None",
            "netIncome": "753000000",
            "capitalExpenditures": "84000000",
            "operatingCashflow": "845000000",
            "grossProfit": "1325000000",
            "totalRevenue": "4280000000",
            "sentiment": 0.06582591595693138,
            "surprise": "-0.01",
            "closePrice": "20.2036307332189"
        },
        {
            "fiscalDateEnding": "2021-12-31",
            "totalCurrentAssets": "8153000000",
            "cashAndShortTermInvestments": "2145000000",
            "totalCurrentLiabilities": "4192000000",
            "currentDebt": "None",
            "netIncome": "776000000",
            "capitalExpenditures": "67000000",
            "operatingCashflow": "786000000",
            "grossProfit": "1394000000",
            "totalRevenue": "4250000000",
            "sentiment": 0,
            "surprise": "0",
            "closePrice": "24.5513681633029"
        },
        {
            "fiscalDateEnding": "2021-09-30",
            "totalCurrentAssets": "8084000000",
            "cashAndShortTermInvestments": "2432000000",
            "totalCurrentLiabilities": "3730000000",
            "currentDebt": "None",
            "netIncome": "734000000",
            "capitalExpenditures": "70000000",
            "operatingCashflow": "782000000",
            "grossProfit": "1323000000",
            "totalRevenue": "3998000000",
            "sentiment": 0,
            "surprise": "0",
            "closePrice": "21.4079063765064"
        },
        {
            "fiscalDateEnding": "2021-06-30",
            "totalCurrentAssets": "8313000000",
            "cashAndShortTermInvestments": "2871000000",
            "totalCurrentLiabilities": "3974000000",
            "currentDebt": "None",
            "netIncome": "705000000",
            "capitalExpenditures": "69000000",
            "operatingCashflow": "932000000",
            "grossProfit": "1273000000",
            "totalRevenue": "3782000000",
            "sentiment": 0,
            "surprise": "0",
            "closePrice": "20.2170029754292"
        },
        {
            "fiscalDateEnding": "2021-03-31",
            "totalCurrentAssets": "8307000000",
            "cashAndShortTermInvestments": "3380000000",
            "totalCurrentLiabilities": "3264000000",
            "currentDebt": "None",
            "netIncome": "697000000",
            "capitalExpenditures": "54000000",
            "operatingCashflow": "853000000",
            "grossProfit": "1256000000",
            "totalRevenue": "3613000000",
            "sentiment": 0,
            "surprise": "0",
            "closePrice": "16.1928726484234"
        },
        {
            "fiscalDateEnding": "2020-12-31",
            "totalCurrentAssets": "7987000000",
            "cashAndShortTermInvestments": "3022000000",
            "totalCurrentLiabilities": "3066000000",
            "currentDebt": "None",
            "netIncome": "707000000",
            "capitalExpenditures": "57000000",
            "operatingCashflow": "829000000",
            "grossProfit": "1241000000",
            "totalRevenue": "3516000000",
            "sentiment": 0,
            "surprise": "0.02",
            "closePrice": "17.2405917337056"
        },
        {
            "fiscalDateEnding": "2020-09-30",
            "totalCurrentAssets": "7771000000",
            "cashAndShortTermInvestments": "3038000000",
            "totalCurrentLiabilities": "2804000000",
            "currentDebt": "None",
            "netIncome": "655000000",
            "capitalExpenditures": "119000000",
            "operatingCashflow": "793000000",
            "grossProfit": "1187000000",
            "totalRevenue": "3312000000",
            "sentiment": 0,
            "surprise": "0.01",
            "closePrice": "15.1412379607515"
        },
        {
            "fiscalDateEnding": "2020-06-30",
            "totalCurrentAssets": "7723000000",
            "cashAndShortTermInvestments": "2515000000",
            "totalCurrentLiabilities": "3429000000",
            "currentDebt": "None",
            "netIncome": "564000000",
            "capitalExpenditures": "55000000",
            "operatingCashflow": "783000000",
            "grossProfit": "1050000000",
            "totalRevenue": "3121000000",
            "sentiment": 0,
            "surprise": "0.01",
            "closePrice": "11.0227471951437"
        },
        {
            "fiscalDateEnding": "2020-03-31",
            "totalCurrentAssets": "7212000000",
            "cashAndShortTermInvestments": "2465000000",
            "totalCurrentLiabilities": "2757000000",
            "currentDebt": "None",
            "netIncome": "592000000",
            "capitalExpenditures": "91000000",
            "operatingCashflow": "684000000",
            "grossProfit": "1064000000",
            "totalRevenue": "3197000000",
            "sentiment": 0,
            "surprise": "0",
            "closePrice": "7.76798251275825"
        },
        {
            "fiscalDateEnding": "2019-12-31",
            "totalCurrentAssets": "7122000000",
            "cashAndShortTermInvestments": "2422000000",
            "totalCurrentLiabilities": "2802000000",
            "currentDebt": "None",
            "netIncome": "628000000",
            "capitalExpenditures": "104000000",
            "operatingCashflow": "775000000",
            "grossProfit": "1084000000",
            "totalRevenue": "3243000000",
            "sentiment": 0,
            "surprise": "0.01",
            "closePrice": "9.72138822101943"
        },
        {
            "fiscalDateEnding": "2019-09-30",
            "totalCurrentAssets": "6892000000",
            "cashAndShortTermInvestments": "2324000000",
            "totalCurrentLiabilities": "2711000000",
            "currentDebt": "None",
            "netIncome": "572000000",
            "capitalExpenditures": "125000000",
            "operatingCashflow": "522000000",
            "grossProfit": "1070000000",
            "totalRevenue": "3210000000",
            "sentiment": 0,
            "surprise": "-0.01",
            "closePrice": "9.88940009334424"
        },
        {
            "fiscalDateEnding": "2019-06-30",
            "totalCurrentAssets": "7213000000",
            "cashAndShortTermInvestments": "2266000000",
            "totalCurrentLiabilities": "3463000000",
            "currentDebt": "None",
            "netIncome": "546000000",
            "capitalExpenditures": "145000000",
            "operatingCashflow": "630000000",
            "grossProfit": "1009000000",
            "totalRevenue": "3131000000",
            "sentiment": 0,
            "surprise": "0",
            "closePrice": "10.2770429411235"
        },
        {
            "fiscalDateEnding": "2019-03-31",
            "totalCurrentAssets": "7644000000",
            "cashAndShortTermInvestments": "2829000000",
            "totalCurrentLiabilities": "2693000000",
            "currentDebt": "None",
            "netIncome": "582000000",
            "capitalExpenditures": "116000000",
            "operatingCashflow": "583000000",
            "grossProfit": "1032000000",
            "totalRevenue": "3060000000",
            "sentiment": 0,
            "surprise": "0",
            "closePrice": "9.37806724564444"
        },
        {
            "fiscalDateEnding": "2018-12-31",
            "totalCurrentAssets": "7418000000",
            "cashAndShortTermInvestments": "2357000000",
            "totalCurrentLiabilities": "2407000000",
            "currentDebt": "None",
            "netIncome": "502000000",
            "capitalExpenditures": "76000000",
            "operatingCashflow": "610000000",
            "grossProfit": "1031000000",
            "totalRevenue": "2987000000",
            "sentiment": 0,
            "surprise": "0",
            "closePrice": "9.20329730679377"
        },
        {
            "fiscalDateEnding": "2018-09-30",
            "totalCurrentAssets": "7198000000",
            "cashAndShortTermInvestments": "2462000000",
            "totalCurrentLiabilities": "2178000000",
            "currentDebt": "None",
            "netIncome": "582000000",
            "capitalExpenditures": "78000000",
            "operatingCashflow": "438000000",
            "grossProfit": "1037000000",
            "totalRevenue": "2921000000",
            "sentiment": 0,
            "surprise": "0",
            "closePrice": "8.94208350689801"
        },
        {
            "fiscalDateEnding": "2018-06-30",
            "totalCurrentAssets": "7673000000",
            "cashAndShortTermInvestments": "3041000000",
            "totalCurrentLiabilities": "2164000000",
            "currentDebt": "None",
            "netIncome": "571000000",
            "capitalExpenditures": "97000000",
            "operatingCashflow": "515000000",
            "grossProfit": "1012000000",
            "totalRevenue": "2805000000",
            "sentiment": 0,
            "surprise": "0",
            "closePrice": "8.49585429080036"
        },
        {
            "fiscalDateEnding": "2018-03-31",
            "totalCurrentAssets": "7673000000",
            "cashAndShortTermInvestments": "3041000000",
            "totalCurrentLiabilities": "2164000000",
            "currentDebt": "None",
            "netIncome": "571000000",
            "capitalExpenditures": "97000000",
            "operatingCashflow": "515000000",
            "grossProfit": "1012000000",
            "totalRevenue": "2805000000",
            "sentiment": 0,
            "surprise": "0",
            "closePrice": "7.09008185230635"
        },
        {
            "fiscalDateEnding": "2017-12-31",
            "totalCurrentAssets": "7233000000",
            "cashAndShortTermInvestments": "3226000000",
            "totalCurrentLiabilities": "2201000000",
            "currentDebt": "None",
            "netIncome": "796000000",
            "capitalExpenditures": "64000000",
            "operatingCashflow": "657000000",
            "grossProfit": "982000000",
            "totalRevenue": "2755000000",
            "sentiment": 0,
            "surprise": "0.05",
            "closePrice": "7.17113573629782"
        },
        {
            "fiscalDateEnding": "2017-09-30",
            "totalCurrentAssets": "8919000000",
            "cashAndShortTermInvestments": "3575000000",
            "totalCurrentLiabilities": "2417000000",
            "currentDebt": "None",
            "netIncome": "578000000",
            "capitalExpenditures": "63000000",
            "operatingCashflow": "441000000",
            "grossProfit": "985000000",
            "totalRevenue": "2728000000",
            "sentiment": 0,
            "surprise": "0.01",
            "closePrice": "6.11169142962663"
        },
        {
            "fiscalDateEnding": "2017-06-30",
            "totalCurrentAssets": "8559000000",
            "cashAndShortTermInvestments": "3579000000",
            "totalCurrentLiabilities": "2522000000",
            "currentDebt": "None",
            "netIncome": "541000000",
            "capitalExpenditures": "86000000",
            "operatingCashflow": "644000000",
            "grossProfit": "959000000",
            "totalRevenue": "2651000000",
            "sentiment": 0,
            "surprise": "0",
            "closePrice": "6.59574412549926"
        },
        {
            "fiscalDateEnding": "2017-03-31",
            "totalCurrentAssets": "8282000000",
            "cashAndShortTermInvestments": "3489000000",
            "totalCurrentLiabilities": "2161000000",
            "currentDebt": "None",
            "netIncome": "543000000",
            "capitalExpenditures": "100000000",
            "operatingCashflow": "547000000",
            "grossProfit": "955000000",
            "totalRevenue": "2569000000",
            "sentiment": 0,
            "surprise": "0",
            "closePrice": "6.33569965756161"
        },
        {
            "fiscalDateEnding": "2016-12-31",
            "totalCurrentAssets": "7712000000",
            "cashAndShortTermInvestments": "3844000000",
            "totalCurrentLiabilities": "2168000000",
            "currentDebt": "None",
            "netIncome": "547000000",
            "capitalExpenditures": "92000000",
            "operatingCashflow": "547000000",
            "grossProfit": "950000000",
            "totalRevenue": "2551000000",
            "sentiment": 0,
            "surprise": "0",
            "closePrice": "6.33154782292363"
        },
        {
            "fiscalDateEnding": "2016-09-30",
            "totalCurrentAssets": "8197000000",
            "cashAndShortTermInvestments": "4763000000",
            "totalCurrentLiabilities": "2086000000",
            "currentDebt": "None",
            "netIncome": "539000000",
            "capitalExpenditures": "91000000",
            "operatingCashflow": "553000000",
            "grossProfit": "949000000",
            "totalRevenue": "2587000000",
            "sentiment": 0,
            "surprise": "0",
            "closePrice": "6.44300784907965"
        },
        {
            "fiscalDateEnding": "2016-06-30",
            "totalCurrentAssets": "7740000000",
            "cashAndShortTermInvestments": "4598000000",
            "totalCurrentLiabilities": "2184000000",
            "currentDebt": "None",
            "netIncome": "511000000",
            "capitalExpenditures": "128000000",
            "operatingCashflow": "452000000",
            "grossProfit": "909000000",
            "totalRevenue": "2501000000",
            "sentiment": 0,
            "surprise": "-0.01",
            "closePrice": "6.9161533807809"
        },
        {
            "fiscalDateEnding": "2016-03-31",
            "totalCurrentAssets": "7802000000",
            "cashAndShortTermInvestments": "4935000000",
            "totalCurrentLiabilities": "1998000000",
            "currentDebt": "None",
            "netIncome": "533000000",
            "capitalExpenditures": "115000000",
            "operatingCashflow": "562000000",
            "grossProfit": "930000000",
            "totalRevenue": "2446000000",
            "sentiment": 0,
            "surprise": "0.01",
            "closePrice": "8.1489240510473"
        },
        {
            "fiscalDateEnding": "2015-12-31",
            "totalCurrentAssets": "7369000000",
            "cashAndShortTermInvestments": "4455000000",
            "totalCurrentLiabilities": "1930000000",
            "currentDebt": "None",
            "netIncome": "524000000",
            "capitalExpenditures": "103000000",
            "operatingCashflow": "474000000",
            "grossProfit": "895000000",
            "totalRevenue": "2407000000",
            "sentiment": 0,
            "surprise": "0.01",
            "closePrice": "6.70656449401193"
        },
        {
            "fiscalDateEnding": "2015-09-30",
            "totalCurrentAssets": "7482000000",
            "cashAndShortTermInvestments": "4566000000",
            "totalCurrentLiabilities": "2006000000",
            "currentDebt": "None",
            "netIncome": "519000000",
            "capitalExpenditures": "90000000",
            "operatingCashflow": "481000000",
            "grossProfit": "904000000",
            "totalRevenue": "2392000000",
            "sentiment": 0,
            "surprise": "0.01",
            "closePrice": "7.22990905424768"
        },
        {
            "fiscalDateEnding": "2015-06-30",
            "totalCurrentAssets": "7294000000",
            "cashAndShortTermInvestments": "4421000000",
            "totalCurrentLiabilities": "2062000000",
            "currentDebt": "None",
            "netIncome": "476000000",
            "capitalExpenditures": "105000000",
            "operatingCashflow": "345000000",
            "grossProfit": "822000000",
            "totalRevenue": "2256000000",
            "sentiment": 0,
            "surprise": "0.01",
            "closePrice": "6.37671508867371"
        },
        {
            "fiscalDateEnding": "2015-03-31",
            "totalCurrentAssets": "7551000000",
            "cashAndShortTermInvestments": "4859000000",
            "totalCurrentLiabilities": "1820000000",
            "currentDebt": "None",
            "netIncome": "498000000",
            "capitalExpenditures": "106000000",
            "operatingCashflow": "-24000000",
            "grossProfit": "842000000",
            "totalRevenue": "2159000000",
            "sentiment": 0,
            "surprise": "0",
            "closePrice": "6.34132750053763"
        },
        {
            "fiscalDateEnding": "2014-12-31",
            "totalCurrentAssets": "7664000000",
            "cashAndShortTermInvestments": "5080000000",
            "totalCurrentLiabilities": "1795000000",
            "currentDebt": "None",
            "netIncome": "522000000",
            "capitalExpenditures": "93000000",
            "operatingCashflow": "609000000",
            "grossProfit": "858000000",
            "totalRevenue": "2218000000",
            "sentiment": 0,
            "surprise": "0.01",
            "closePrice": "6.69019022062379"
        },
        {
            "fiscalDateEnding": "2014-09-30",
            "totalCurrentAssets": "7627000000",
            "cashAndShortTermInvestments": "5051000000",
            "totalCurrentLiabilities": "1725000000",
            "currentDebt": "None",
            "netIncome": "511000000",
            "capitalExpenditures": "93000000",
            "operatingCashflow": "706000000",
            "grossProfit": "848000000",
            "totalRevenue": "2201000000",
            "sentiment": 0,
            "surprise": "0.01",
            "closePrice": "6.21670722053065"
        },
        {
            "fiscalDateEnding": "2014-06-30",
            "totalCurrentAssets": "7244000000",
            "cashAndShortTermInvestments": "4164000000",
            "totalCurrentLiabilities": "1656000000",
            "currentDebt": "None",
            "netIncome": "482000000",
            "capitalExpenditures": "75000000",
            "operatingCashflow": "465000000",
            "grossProfit": "789000000",
            "totalRevenue": "2133000000",
            "sentiment": 0,
            "surprise": "0.01",
            "closePrice": "5.50715945276235"
        },
        {
            "fiscalDateEnding": "2014-03-31",
            "totalCurrentAssets": "7180000000",
            "cashAndShortTermInvestments": "4331000000",
            "totalCurrentLiabilities": "1524000000",
            "currentDebt": "None",
            "netIncome": "487000000",
            "capitalExpenditures": "129000000",
            "operatingCashflow": "593000000",
            "grossProfit": "774000000",
            "totalRevenue": "2092000000",
            "sentiment": 0,
            "surprise": "0.01",
            "closePrice": "5.17663743407088"
        },
        {
            "fiscalDateEnding": "2013-12-31",
            "totalCurrentAssets": "6534000000",
            "cashAndShortTermInvestments": "3712000000",
            "totalCurrentLiabilities": "1442000000",
            "currentDebt": "None",
            "netIncome": "463000000",
            "capitalExpenditures": "123000000",
            "operatingCashflow": "438000000",
            "grossProfit": "759000000",
            "totalRevenue": "2100000000",
            "sentiment": 0,
            "surprise": "0.01",
            "closePrice": "5.48637583848773"
        },
        {
            "fiscalDateEnding": "2013-09-30",
            "totalCurrentAssets": "6358000000",
            "cashAndShortTermInvestments": "3601000000",
            "totalCurrentLiabilities": "1442000000",
            "currentDebt": "None",
            "netIncome": "383000000",
            "capitalExpenditures": "112000000",
            "operatingCashflow": "554000000",
            "grossProfit": "729000000",
            "totalRevenue": "2066000000",
            "sentiment": 0,
            "surprise": "-0.01",
            "closePrice": "5.1889824176513"
        },
        {
            "fiscalDateEnding": "2013-06-30",
            "totalCurrentAssets": "6204000000",
            "cashAndShortTermInvestments": "3556000000",
            "totalCurrentLiabilities": "1240000000",
            "currentDebt": "None",
            "netIncome": "418000000",
            "capitalExpenditures": "87000000",
            "operatingCashflow": "418000000",
            "grossProfit": "695000000",
            "totalRevenue": "1991000000",
            "sentiment": 0,
            "surprise": "0",
            "closePrice": "4.27945291523152"
        },
        {
            "fiscalDateEnding": "2013-03-31",
            "totalCurrentAssets": "6505000000",
            "cashAndShortTermInvestments": "4021000000",
            "totalCurrentLiabilities": "1158000000",
            "currentDebt": "None",
            "netIncome": "444000000",
            "capitalExpenditures": "115000000",
            "operatingCashflow": "419000000",
            "grossProfit": "677000000",
            "totalRevenue": "1938000000",
            "sentiment": 0,
            "surprise": "0.01",
            "closePrice": "5.22452437081829"
        },
        {
            "fiscalDateEnding": "2012-12-31",
            "totalCurrentAssets": "6085000000",
            "cashAndShortTermInvestments": "2740000000",
            "totalCurrentLiabilities": "1108000000",
            "currentDebt": "None",
            "netIncome": "434000000",
            "capitalExpenditures": "105000000",
            "operatingCashflow": "483000000",
            "grossProfit": "708000000",
            "totalRevenue": "1911000000",
            "sentiment": 0,
            "surprise": "0.01",
            "closePrice": "4.22557685125992"
        },
        {
            "fiscalDateEnding": "2012-09-30",
            "totalCurrentAssets": "6245000000",
            "cashAndShortTermInvestments": "3265000000",
            "totalCurrentLiabilities": "1043000000",
            "currentDebt": "None",
            "netIncome": "431000000",
            "capitalExpenditures": "84000000",
            "operatingCashflow": "451000000",
            "grossProfit": "683000000",
            "totalRevenue": "1797000000",
            "sentiment": 0,
            "surprise": "0",
            "closePrice": "4.25788434461632"
        },
        {
            "fiscalDateEnding": "2012-06-30",
            "totalCurrentAssets": "5612000000",
            "cashAndShortTermInvestments": "3242000000",
            "totalCurrentLiabilities": "1027000000",
            "currentDebt": "None",
            "netIncome": "416000000",
            "capitalExpenditures": "80000000",
            "operatingCashflow": "385000000",
            "grossProfit": "693000000",
            "totalRevenue": "1752000000",
            "sentiment": 0,
            "surprise": "0",
            "closePrice": "4.21104188101367"
        },
        {
            "fiscalDateEnding": "2012-03-31",
            "totalCurrentAssets": "5945000000",
            "cashAndShortTermInvestments": "4047000000",
            "totalCurrentLiabilities": "937000000",
            "currentDebt": "None",
            "netIncome": "463000000",
            "capitalExpenditures": "119000000",
            "operatingCashflow": "409000000",
            "grossProfit": "730000000",
            "totalRevenue": "1771000000",
            "sentiment": 0,
            "surprise": "0",
            "closePrice": "5.35540390966845"
        },
        {
            "fiscalDateEnding": "2011-12-31",
            "totalCurrentAssets": "5444000000",
            "cashAndShortTermInvestments": "3671000000",
            "totalCurrentLiabilities": "947000000",
            "currentDebt": "None",
            "netIncome": "458000000",
            "capitalExpenditures": "50000000",
            "operatingCashflow": "441000000",
            "grossProfit": "776000000",
            "totalRevenue": "1806000000",
            "sentiment": 0,
            "surprise": "0",
            "closePrice": "5.36483742016637"
        },
        {
            "fiscalDateEnding": "2011-09-30",
            "totalCurrentAssets": "5409000000",
            "cashAndShortTermInvestments": "3784000000",
            "totalCurrentLiabilities": "894000000",
            "currentDebt": "None",
            "netIncome": "411000000",
            "capitalExpenditures": "94000000",
            "operatingCashflow": "454000000",
            "grossProfit": "721000000",
            "totalRevenue": "1746000000",
            "sentiment": 0,
            "surprise": "0",
            "closePrice": "4.94253801687246"
        },
        {
            "fiscalDateEnding": "2011-06-30",
            "totalCurrentAssets": "5567000000",
            "cashAndShortTermInvestments": "3784000000",
            "totalCurrentLiabilities": "846000000",
            "currentDebt": "None",
            "netIncome": "384000000",
            "capitalExpenditures": "57000000",
            "operatingCashflow": "377000000",
            "grossProfit": "649000000",
            "totalRevenue": "1671000000",
            "sentiment": 0,
            "surprise": "0",
            "closePrice": "6.11012580513477"
        },
        {
            "fiscalDateEnding": "2011-03-31",
            "totalCurrentAssets": "5312000000",
            "cashAndShortTermInvestments": "3737000000",
            "totalCurrentLiabilities": "816000000",
            "currentDebt": "None",
            "netIncome": "402000000",
            "capitalExpenditures": "74000000",
            "operatingCashflow": "256000000",
            "grossProfit": "666000000",
            "totalRevenue": "1602000000",
            "sentiment": 0,
            "surprise": "0",
            "closePrice": "6.80566649946724"
        },
        {
            "fiscalDateEnding": "2010-12-31",
            "totalCurrentAssets": "4939000000",
            "cashAndShortTermInvestments": "3314000000",
            "totalCurrentLiabilities": "791000000",
            "currentDebt": "None",
            "netIncome": "397000000",
            "capitalExpenditures": "93000000",
            "operatingCashflow": "363000000",
            "grossProfit": "679000000",
            "totalRevenue": "1585000000",
            "sentiment": 0,
            "surprise": "0.01",
            "closePrice": "7.14776752745032"
        },
        {
            "fiscalDateEnding": "2010-09-30",
            "totalCurrentAssets": "5211000000",
            "cashAndShortTermInvestments": "3427000000",
            "totalCurrentLiabilities": "825000000",
            "currentDebt": "None",
            "netIncome": "374000000",
            "capitalExpenditures": "67000000",
            "operatingCashflow": "341000000",
            "grossProfit": "641000000",
            "totalRevenue": "1496000000",
            "sentiment": 0,
            "surprise": "0",
            "closePrice": "6.30991482174892"
        },
        {
            "fiscalDateEnding": "2010-06-30",
            "totalCurrentAssets": "4658000000",
            "cashAndShortTermInvestments": "3011000000",
            "totalCurrentLiabilities": "779000000",
            "currentDebt": "None",
            "netIncome": "326000000",
            "capitalExpenditures": "51000000",
            "operatingCashflow": "338000000",
            "grossProfit": "558000000",
            "totalRevenue": "1358000000",
            "sentiment": 0,
            "surprise": "0",
            "closePrice": "5.79581448865497"
        },
        {
            "fiscalDateEnding": "2010-03-31",
            "totalCurrentAssets": "4661000000",
            "cashAndShortTermInvestments": "2698000000",
            "totalCurrentLiabilities": "710000000",
            "currentDebt": "None",
            "netIncome": "349000000",
            "capitalExpenditures": "41000000",
            "operatingCashflow": "325000000",
            "grossProfit": "552000000",
            "totalRevenue": "1296000000",
            "sentiment": 0,
            "surprise": "0.01",
            "closePrice": "5.76726285829347"
        },
        {
            "fiscalDateEnding": "2009-12-31",
            "totalCurrentAssets": "4135000000",
            "cashAndShortTermInvestments": "1972000000",
            "totalCurrentLiabilities": "697000000",
            "currentDebt": "None",
            "netIncome": "334000000",
            "capitalExpenditures": "31000000",
            "operatingCashflow": "318000000",
            "grossProfit": "532000000",
            "totalRevenue": "1232000000",
            "sentiment": 0,
            "surprise": "0.01",
            "closePrice": "5.27331806154827"
        },
        {
            "fiscalDateEnding": "2009-09-30",
            "totalCurrentAssets": "3855000000",
            "cashAndShortTermInvestments": "2208000000",
            "totalCurrentLiabilities": "661000000",
            "currentDebt": "None",
            "netIncome": "317000000",
            "capitalExpenditures": "41000000",
            "operatingCashflow": "427000000",
            "grossProfit": "492000000",
            "totalRevenue": "1154000000",
            "sentiment": 0,
            "surprise": "0.01",
            "closePrice": "4.34862499550637"
        },
        {
            "fiscalDateEnding": "2009-06-30",
            "totalCurrentAssets": "3506000000",
            "cashAndShortTermInvestments": "2270000000",
            "totalCurrentLiabilities": "616000000",
            "currentDebt": "None",
            "netIncome": "313000000",
            "capitalExpenditures": "30000000",
            "operatingCashflow": "387000000",
            "grossProfit": "479000000",
            "totalRevenue": "1122000000",
            "sentiment": 0,
            "surprise": "0.01",
            "closePrice": "3.27467676138362"
        },
        {
            "fiscalDateEnding": "2009-03-31",
            "totalCurrentAssets": "3120000000",
            "cashAndShortTermInvestments": "2167000000",
            "totalCurrentLiabilities": "537000000",
            "currentDebt": "None",
            "netIncome": "327000000",
            "capitalExpenditures": "59000000",
            "operatingCashflow": "316000000",
            "grossProfit": "470000000",
            "totalRevenue": "1121000000",
            "sentiment": 0,
            "surprise": "0",
            "closePrice": "2.42442113249421"
        },
        {
            "fiscalDateEnding": "2008-12-31",
            "totalCurrentAssets": "2956000000",
            "cashAndShortTermInvestments": "1948000000",
            "totalCurrentLiabilities": "595000000",
            "currentDebt": "None",
            "netIncome": "326000000",
            "capitalExpenditures": "58000000",
            "operatingCashflow": "393000000",
            "grossProfit": "510000000",
            "totalRevenue": "1171000000",
            "sentiment": 0,
            "surprise": "0",
            "closePrice": "2.47777467476097"
        },
        {
            "fiscalDateEnding": "2008-09-30",
            "totalCurrentAssets": "2890000000",
            "cashAndShortTermInvestments": "1886000000",
            "totalCurrentLiabilities": "584000000",
            "currentDebt": "None",
            "netIncome": "320000000",
            "capitalExpenditures": "88000000",
            "operatingCashflow": "369000000",
            "grossProfit": "525000000",
            "totalRevenue": "1216000000",
            "sentiment": 0,
            "surprise": "0",
            "closePrice": "2.14790390742715"
        },
        {
            "fiscalDateEnding": "2008-06-30",
            "totalCurrentAssets": "2831000000",
            "cashAndShortTermInvestments": "1722000000",
            "totalCurrentLiabilities": "595000000",
            "currentDebt": "None",
            "netIncome": "308000000",
            "capitalExpenditures": "80000000",
            "operatingCashflow": "331000000",
            "grossProfit": "458000000",
            "totalRevenue": "1155000000",
            "sentiment": 0,
            "surprise": "0.01",
            "closePrice": "3.42622563903268"
        },
        {
            "fiscalDateEnding": "2008-03-31",
            "totalCurrentAssets": "3129000000",
            "cashAndShortTermInvestments": "2058000000",
            "totalCurrentLiabilities": "571000000",
            "currentDebt": "None",
            "netIncome": "311000000",
            "capitalExpenditures": "109000000",
            "operatingCashflow": "190000000",
            "grossProfit": "478000000",
            "totalRevenue": "1142000000",
            "sentiment": 0,
            "surprise": "0",
            "closePrice": "3.51346139431862"
        },
        {
            "fiscalDateEnding": "2007-12-31",
            "totalCurrentAssets": "2877000000",
            "cashAndShortTermInvestments": "1978000000",
            "totalCurrentLiabilities": "507000000",
            "currentDebt": "None",
            "netIncome": "310000000",
            "capitalExpenditures": "82000000",
            "operatingCashflow": "393000000",
            "grossProfit": "455000000",
            "totalRevenue": "1084000000",
            "sentiment": 0,
            "surprise": "0.01",
            "closePrice": "3.5550879850756"
        },
        {
            "fiscalDateEnding": "2007-09-30",
            "totalCurrentAssets": "2677000000",
            "cashAndShortTermInvestments": "1837000000",
            "totalCurrentLiabilities": "507000000",
            "currentDebt": "None",
            "netIncome": "271000000",
            "capitalExpenditures": "100000000",
            "operatingCashflow": "289000000",
            "grossProfit": "431000000",
            "totalRevenue": "1022000000",
            "sentiment": 0,
            "surprise": "0",
            "closePrice": "4.88280972573857"
        },
        {
            "fiscalDateEnding": "2007-06-30",
            "totalCurrentAssets": "2357000000",
            "cashAndShortTermInvestments": "1587000000",
            "totalCurrentLiabilities": "374000000",
            "currentDebt": "None",
            "netIncome": "263000000",
            "capitalExpenditures": "83000000",
            "operatingCashflow": "277000000",
            "grossProfit": "359000000",
            "totalRevenue": "928000000",
            "sentiment": 0,
            "surprise": "0.01",
            "closePrice": "4.66556045959068"
        },
        {
            "fiscalDateEnding": "2007-03-31",
            "totalCurrentAssets": "2098000000",
            "cashAndShortTermInvestments": "1403000000",
            "totalCurrentLiabilities": "355000000",
            "currentDebt": "None",
            "netIncome": "259000000",
            "capitalExpenditures": "145000000",
            "operatingCashflow": "276000000",
            "grossProfit": "366000000",
            "totalRevenue": "863000000",
            "sentiment": 0,
            "surprise": "0",
            "closePrice": "4.83952250950098"
        },
        {
            "fiscalDateEnding": "2006-12-31",
            "totalCurrentAssets": "1727000000",
            "cashAndShortTermInvestments": "589000000",
            "totalCurrentLiabilities": "295000000",
            "currentDebt": "None",
            "netIncome": "218000000",
            "capitalExpenditures": "80000000",
            "operatingCashflow": "237000000",
            "grossProfit": "353000000",
            "totalRevenue": "821000000",
            "sentiment": 0,
            "surprise": "0",
            "closePrice": "4.77524209771175"
        },
        {
            "fiscalDateEnding": "2006-09-30",
            "totalCurrentAssets": "1522000000",
            "cashAndShortTermInvestments": "328000000",
            "totalCurrentLiabilities": "258000000",
            "currentDebt": "None",
            "netIncome": "199000000",
            "capitalExpenditures": "72000000",
            "operatingCashflow": "228000000",
            "grossProfit": "323000000",
            "totalRevenue": "746000000",
            "sentiment": 0,
            "surprise": "0",
            "closePrice": "4.37498167312239"
        },
        {
            "fiscalDateEnding": "2006-06-30",
            "totalCurrentAssets": "1268000000",
            "cashAndShortTermInvestments": "392000000",
            "totalCurrentLiabilities": "206000000",
            "currentDebt": "None",
            "netIncome": "174000000",
            "capitalExpenditures": "42000000",
            "operatingCashflow": "121000000",
            "grossProfit": "271000000",
            "totalRevenue": "660000000",
            "sentiment": 0,
            "surprise": "0.01",
            "closePrice": "3.42800643150139"
        },
        {
            "fiscalDateEnding": "2006-03-31",
            "totalCurrentAssets": "1509000000",
            "cashAndShortTermInvestments": "889000000",
            "totalCurrentLiabilities": "209000000",
            "currentDebt": "None",
            "netIncome": "152000000",
            "capitalExpenditures": "62000000",
            "operatingCashflow": "113000000",
            "grossProfit": "239000000",
            "totalRevenue": "593000000",
            "sentiment": 0,
            "surprise": "0",
            "closePrice": "3.68163188243109"
        },
        {
            "fiscalDateEnding": "2005-12-31",
            "totalCurrentAssets": "1355000000",
            "cashAndShortTermInvestments": "477000000",
            "totalCurrentLiabilities": "205000000",
            "currentDebt": "None",
            "netIncome": "143000000",
            "capitalExpenditures": "57000000",
            "operatingCashflow": "182000000",
            "grossProfit": "240000000",
            "totalRevenue": "559000000",
            "sentiment": 0,
            "surprise": "0",
            "closePrice": "3.1726825351547"
        },
        {
            "fiscalDateEnding": "2005-09-30",
            "totalCurrentAssets": "1250000000",
            "cashAndShortTermInvestments": "334000000",
            "totalCurrentLiabilities": "189000000",
            "currentDebt": "None",
            "netIncome": "138000000",
            "capitalExpenditures": "69000000",
            "operatingCashflow": "153000000",
            "grossProfit": "227000000",
            "totalRevenue": "524000000",
            "sentiment": 0,
            "surprise": "0",
            "closePrice": "3.16652488511294"
        },
        {
            "fiscalDateEnding": "2005-06-30",
            "totalCurrentAssets": "1113000000",
            "cashAndShortTermInvestments": "444000000",
            "totalCurrentLiabilities": "173000000",
            "currentDebt": "None",
            "netIncome": "122000000",
            "capitalExpenditures": "58000000",
            "operatingCashflow": "151000000",
            "grossProfit": "202000000",
            "totalRevenue": "476000000",
            "sentiment": 0,
            "surprise": "0",
            "closePrice": "3.14225368424155"
        },
        {
            "fiscalDateEnding": "2005-03-31",
            "totalCurrentAssets": "1060000000",
            "cashAndShortTermInvestments": "410000000",
            "totalCurrentLiabilities": "175000000",
            "currentDebt": "None",
            "netIncome": "127000000",
            "capitalExpenditures": "56000000",
            "operatingCashflow": "76000000",
            "grossProfit": "193000000",
            "totalRevenue": "455000000",
            "sentiment": 0,
            "surprise": "0",
            "closePrice": "2.66254775931347"
        },
        {
            "fiscalDateEnding": "2004-12-31",
            "totalCurrentAssets": "943000000",
            "cashAndShortTermInvestments": "389000000",
            "totalCurrentLiabilities": "181000000",
            "currentDebt": "None",
            "netIncome": "112000000",
            "capitalExpenditures": "58000000",
            "operatingCashflow": "107000000",
            "grossProfit": "182000000",
            "totalRevenue": "423000000",
            "sentiment": 0,
            "surprise": "0.01",
            "closePrice": "2.73608685258452"
        },
        {
            "fiscalDateEnding": "2004-09-30",
            "totalCurrentAssets": "808000000",
            "cashAndShortTermInvestments": "335000000",
            "totalCurrentLiabilities": "162000000",
            "currentDebt": "None",
            "netIncome": "97000000",
            "capitalExpenditures": "38000000",
            "operatingCashflow": "114000000",
            "grossProfit": "165000000",
            "totalRevenue": "379000000",
            "sentiment": 0,
            "surprise": "0",
            "closePrice": "2.54334019152325"
        },
        {
            "fiscalDateEnding": "2004-06-30",
            "totalCurrentAssets": "712000000",
            "cashAndShortTermInvestments": "283000000",
            "totalCurrentLiabilities": "142000000",
            "currentDebt": "None",
            "netIncome": "83000000",
            "capitalExpenditures": "34000000",
            "operatingCashflow": "47000000",
            "grossProfit": "145000000",
            "totalRevenue": "335000000",
            "sentiment": 0,
            "surprise": "0",
            "closePrice": "2.00219479162876"
        },
        {
            "fiscalDateEnding": "2004-03-31",
            "totalCurrentAssets": "871857436",
            "cashAndShortTermInvestments": "444553465",
            "totalCurrentLiabilities": "152042729",
            "currentDebt": "None",
            "netIncome": "76760641",
            "capitalExpenditures": "44595921",
            "operatingCashflow": "103650379",
            "grossProfit": "129885560",
            "totalRevenue": "302673598",
            "sentiment": 0,
            "surprise": "0",
            "closePrice": "1.78724142504399"
        },
        {
            "fiscalDateEnding": "2003-12-31",
            "totalCurrentAssets": "763854937",
            "cashAndShortTermInvestments": "421302898",
            "totalCurrentLiabilities": "133034767",
            "currentDebt": "None",
            "netIncome": "70545360",
            "capitalExpenditures": "19825851",
            "operatingCashflow": "114987497",
            "grossProfit": "120030479",
            "totalRevenue": "275886678",
            "sentiment": 0,
            "surprise": "0",
            "closePrice": "2.08809373159306"
        }
    ]
}