{
    "INST": [
        {
            "fiscalDateEnding": "2023-12-31",
            "totalCurrentAssets": "438824000",
            "cashAndShortTermInvestments": "341047000",
            "totalCurrentLiabilities": "350659000",
            "currentDebt": "4013000",
            "netIncome": "-5767000",
            "capitalExpenditures": "1232000",
            "operatingCashflow": "36968000",
            "grossProfit": "87609000",
            "totalRevenue": "135376000",
            "sentiment": 0.24073678441531424,
            "surprise": "0",
            "closePrice": "23.59"
        },
        {
            "fiscalDateEnding": "2023-09-30",
            "totalCurrentAssets": "434298000",
            "cashAndShortTermInvestments": "304858000",
            "totalCurrentLiabilities": "385473000",
            "currentDebt": "4013000",
            "netIncome": "-5481000",
            "capitalExpenditures": "1808000",
            "operatingCashflow": "182808000",
            "grossProfit": "87494000",
            "totalRevenue": "134921000",
            "sentiment": 0.2723412133953917,
            "surprise": "0.05",
            "closePrice": "24.24"
        },
        {
            "fiscalDateEnding": "2023-06-30",
            "totalCurrentAssets": "384242000",
            "cashAndShortTermInvestments": "126003000",
            "totalCurrentLiabilities": "374104000",
            "currentDebt": "4013000",
            "netIncome": "-10973000",
            "capitalExpenditures": "1573000",
            "operatingCashflow": "25158000",
            "grossProfit": "85781000",
            "totalRevenue": "131070000",
            "sentiment": 0.19079156921703933,
            "surprise": "0",
            "closePrice": "27.17"
        },
        {
            "fiscalDateEnding": "2023-03-31",
            "totalCurrentAssets": "229954000",
            "cashAndShortTermInvestments": "104758000",
            "totalCurrentLiabilities": "254321000",
            "currentDebt": "4013000",
            "netIncome": "-11857000",
            "capitalExpenditures": "1327000",
            "operatingCashflow": "-80918000",
            "grossProfit": "83011000",
            "totalRevenue": "128843000",
            "sentiment": 0.2444734516221626,
            "surprise": "0.01",
            "closePrice": "26.6"
        },
        {
            "fiscalDateEnding": "2022-12-31",
            "totalCurrentAssets": "285036000",
            "cashAndShortTermInvestments": "185954000",
            "totalCurrentLiabilities": "334057000",
            "currentDebt": "4013000",
            "netIncome": "-5723000",
            "capitalExpenditures": "1342000",
            "operatingCashflow": "18797000",
            "grossProfit": "79914000",
            "totalRevenue": "124726000",
            "sentiment": 0.26961647592096527,
            "surprise": "-0.06",
            "closePrice": "27.02"
        },
        {
            "fiscalDateEnding": "2022-09-30",
            "totalCurrentAssets": "376354000",
            "cashAndShortTermInvestments": "259161000",
            "totalCurrentLiabilities": "365437000",
            "currentDebt": "4013000",
            "netIncome": "-10055000",
            "capitalExpenditures": "1564000",
            "operatingCashflow": "179014000",
            "grossProfit": "78356000",
            "totalRevenue": "122429000",
            "sentiment": 0.25230863622433813,
            "surprise": "0.04",
            "closePrice": "23.84"
        },
        {
            "fiscalDateEnding": "2022-06-30",
            "totalCurrentAssets": "304082000",
            "cashAndShortTermInvestments": "83234000",
            "totalCurrentLiabilities": "319998000",
            "currentDebt": "4013000",
            "netIncome": "-12919000",
            "capitalExpenditures": "2082000",
            "operatingCashflow": "8405000",
            "grossProfit": "72179000",
            "totalRevenue": "114577000",
            "sentiment": 0.07302935865011512,
            "surprise": "0.03",
            "closePrice": "24.53"
        },
        {
            "fiscalDateEnding": "2022-03-31",
            "totalCurrentAssets": "203026000",
            "cashAndShortTermInvestments": "100854000",
            "totalCurrentLiabilities": "221046000",
            "currentDebt": "4013000",
            "netIncome": "-5545000",
            "capitalExpenditures": "1333000",
            "operatingCashflow": "-65945000",
            "grossProfit": "72451000",
            "totalRevenue": "113462000",
            "sentiment": 0.07425772650446164,
            "surprise": "0.06",
            "closePrice": "19.13"
        },
        {
            "fiscalDateEnding": "2021-12-31",
            "totalCurrentAssets": "246812000",
            "cashAndShortTermInvestments": "164928000",
            "totalCurrentLiabilities": "297097000",
            "currentDebt": "2763000",
            "netIncome": "-20654000",
            "capitalExpenditures": "1459000",
            "operatingCashflow": "-3673000",
            "grossProfit": "68803000",
            "totalRevenue": "110593000",
            "sentiment": 0,
            "surprise": "0.15",
            "closePrice": "22.77"
        },
        {
            "fiscalDateEnding": "2021-09-30",
            "totalCurrentAssets": "312183000",
            "cashAndShortTermInvestments": "227487000",
            "totalCurrentLiabilities": "325938000",
            "currentDebt": "2235000",
            "netIncome": "-13261000",
            "capitalExpenditures": "1193000",
            "operatingCashflow": "161183000",
            "grossProfit": "65754000",
            "totalRevenue": "107221000",
            "sentiment": 0,
            "surprise": "0.1",
            "closePrice": "26.44"
        },
        {
            "fiscalDateEnding": "2021-06-30",
            "totalCurrentAssets": "248026000",
            "cashAndShortTermInvestments": "70200000",
            "totalCurrentLiabilities": "287289000",
            "currentDebt": "5639000",
            "netIncome": "-21693000",
            "capitalExpenditures": "1196000",
            "operatingCashflow": "6365000",
            "grossProfit": "52593000",
            "totalRevenue": "93567000",
            "sentiment": 0,
            "surprise": "0.13",
            "closePrice": "20.7"
        }
    ]
}