{
    "INTA": [
        {
            "fiscalDateEnding": "2023-12-31",
            "totalCurrentAssets": "284098000",
            "cashAndShortTermInvestments": "166357000",
            "totalCurrentLiabilities": "259143000",
            "currentDebt": "None",
            "netIncome": "-9213000",
            "capitalExpenditures": "1805000",
            "operatingCashflow": "12035000",
            "grossProfit": "73164000",
            "totalRevenue": "103933000",
            "sentiment": 0.3302144109627031,
            "surprise": "0.06",
            "closePrice": "44.47"
        },
        {
            "fiscalDateEnding": "2023-09-30",
            "totalCurrentAssets": "246728000",
            "cashAndShortTermInvestments": "141547000",
            "totalCurrentLiabilities": "244099000",
            "currentDebt": "None",
            "netIncome": "-15321000",
            "capitalExpenditures": "3002000",
            "operatingCashflow": "11612000",
            "grossProfit": "70002000",
            "totalRevenue": "101536000",
            "sentiment": 0.2627521437033626,
            "surprise": "0.03",
            "closePrice": "35.2"
        },
        {
            "fiscalDateEnding": "2023-06-30",
            "totalCurrentAssets": "254839000",
            "cashAndShortTermInvestments": "130377000",
            "totalCurrentLiabilities": "259349000",
            "currentDebt": "None",
            "netIncome": "-11470000",
            "capitalExpenditures": "1806000",
            "operatingCashflow": "10653000",
            "grossProfit": "63766000",
            "totalRevenue": "94580000",
            "sentiment": 0.25693319442441354,
            "surprise": "0.03",
            "closePrice": "37.24"
        },
        {
            "fiscalDateEnding": "2023-03-31",
            "totalCurrentAssets": "156040000",
            "cashAndShortTermInvestments": "53159000",
            "totalCurrentLiabilities": "227250000",
            "currentDebt": "None",
            "netIncome": "-18147000",
            "capitalExpenditures": "1535000",
            "operatingCashflow": "3487000",
            "grossProfit": "63534000",
            "totalRevenue": "91985000",
            "sentiment": 0.38014607603314693,
            "surprise": "0.0527",
            "closePrice": "37.94"
        },
        {
            "fiscalDateEnding": "2022-12-31",
            "totalCurrentAssets": "149237000",
            "cashAndShortTermInvestments": "51563000",
            "totalCurrentLiabilities": "235012000",
            "currentDebt": "None",
            "netIncome": "-19754000",
            "capitalExpenditures": "1461000",
            "operatingCashflow": "10132000",
            "grossProfit": "57907000",
            "totalRevenue": "84653000",
            "sentiment": 0.47788298076939156,
            "surprise": "0.06",
            "closePrice": "28.37"
        },
        {
            "fiscalDateEnding": "2022-09-30",
            "totalCurrentAssets": "125960000",
            "cashAndShortTermInvestments": "40325000",
            "totalCurrentLiabilities": "211620000",
            "currentDebt": "None",
            "netIncome": "-20054000",
            "capitalExpenditures": "2934000",
            "operatingCashflow": "3215000",
            "grossProfit": "54204000",
            "totalRevenue": "79499000",
            "sentiment": 0.44356283230237015,
            "surprise": "0.05",
            "closePrice": "20.61"
        },
        {
            "fiscalDateEnding": "2022-06-30",
            "totalCurrentAssets": "147391000",
            "cashAndShortTermInvestments": "50783000",
            "totalCurrentLiabilities": "223519000",
            "currentDebt": "None",
            "netIncome": "-21587000",
            "capitalExpenditures": "1454000",
            "operatingCashflow": "9666000",
            "grossProfit": "48367000",
            "totalRevenue": "75483000",
            "sentiment": 0.12406691836834005,
            "surprise": "0.04",
            "closePrice": "14.7"
        },
        {
            "fiscalDateEnding": "2022-03-31",
            "totalCurrentAssets": "120491000",
            "cashAndShortTermInvestments": "42685000",
            "totalCurrentLiabilities": "181804000",
            "currentDebt": "None",
            "netIncome": "-28736000",
            "capitalExpenditures": "1279000",
            "operatingCashflow": "-1955000",
            "grossProfit": "43663000",
            "totalRevenue": "69624000",
            "sentiment": 0.17783847579843345,
            "surprise": "0.06",
            "closePrice": "19.55"
        },
        {
            "fiscalDateEnding": "2021-12-31",
            "totalCurrentAssets": "124496000",
            "cashAndShortTermInvestments": "56024000",
            "totalCurrentLiabilities": "182984000",
            "currentDebt": "None",
            "netIncome": "-24225000",
            "capitalExpenditures": "1191000",
            "operatingCashflow": "1876000",
            "grossProfit": "41144000",
            "totalRevenue": "64659000",
            "sentiment": 0,
            "surprise": "-0.3179",
            "closePrice": "21.02"
        },
        {
            "fiscalDateEnding": "2021-09-30",
            "totalCurrentAssets": "114074000",
            "cashAndShortTermInvestments": "54937000",
            "totalCurrentLiabilities": "170686000",
            "currentDebt": "None",
            "netIncome": "-25130000",
            "capitalExpenditures": "863000",
            "operatingCashflow": "4649000",
            "grossProfit": "39814000",
            "totalRevenue": "59624000",
            "sentiment": 0,
            "surprise": "0.03",
            "closePrice": "27.59"
        }
    ]
}