{
    "INTC": [
        {
            "fiscalDateEnding": "2023-12-31",
            "totalCurrentAssets": "43269000000",
            "cashAndShortTermInvestments": "17955000000",
            "totalCurrentLiabilities": "28053000000",
            "currentDebt": "2288000000",
            "netIncome": "2669000000",
            "capitalExpenditures": "6696000000",
            "operatingCashflow": "4624000000",
            "grossProfit": "7047000000",
            "totalRevenue": "16019000000",
            "sentiment": 0.24354760732185457,
            "surprise": "0.09",
            "closePrice": "43.47"
        },
        {
            "fiscalDateEnding": "2023-09-30",
            "totalCurrentAssets": "43811000000",
            "cashAndShortTermInvestments": "17409000000",
            "totalCurrentLiabilities": "28614000000",
            "currentDebt": "2288000000",
            "netIncome": "297000000",
            "capitalExpenditures": "5753000000",
            "operatingCashflow": "5824000000",
            "grossProfit": "6018000000",
            "totalRevenue": "14295000000",
            "sentiment": 0.20070894180958515,
            "surprise": "0.19",
            "closePrice": "32.318715753064"
        },
        {
            "fiscalDateEnding": "2023-06-30",
            "totalCurrentAssets": "43356000000",
            "cashAndShortTermInvestments": "15908000000",
            "totalCurrentLiabilities": "27180000000",
            "currentDebt": "2711000000",
            "netIncome": "1481000000",
            "capitalExpenditures": "5888000000",
            "operatingCashflow": "2808000000",
            "grossProfit": "4638000000",
            "totalRevenue": "12580000000",
            "sentiment": 0.1364820709585608,
            "surprise": "0.16",
            "closePrice": "34.2144433514114"
        },
        {
            "fiscalDateEnding": "2023-03-31",
            "totalCurrentAssets": "48314000000",
            "cashAndShortTermInvestments": "8232000000",
            "totalCurrentLiabilities": "27393000000",
            "currentDebt": "1437000000",
            "netIncome": "-2758000000",
            "capitalExpenditures": "7413000000",
            "operatingCashflow": "-1785000000",
            "grossProfit": "4008000000",
            "totalRevenue": "11715000000",
            "sentiment": 0.09625849989302979,
            "surprise": "0.11",
            "closePrice": "29.4521472882551"
        },
        {
            "fiscalDateEnding": "2022-12-31",
            "totalCurrentAssets": "50407000000",
            "cashAndShortTermInvestments": "17194000000",
            "totalCurrentLiabilities": "32155000000",
            "currentDebt": "4367000000",
            "netIncome": "-664000000",
            "capitalExpenditures": "5699000000",
            "operatingCashflow": "7703000000",
            "grossProfit": "5500000000",
            "totalRevenue": "11331000000",
            "sentiment": 0.10163195525242452,
            "surprise": "-0.1",
            "closePrice": "29.3061667584899"
        },
        {
            "fiscalDateEnding": "2022-09-30",
            "totalCurrentAssets": "49263000000",
            "cashAndShortTermInvestments": "4529000000",
            "totalCurrentLiabilities": "27813000000",
            "currentDebt": "2283000000",
            "netIncome": "1019000000",
            "capitalExpenditures": "7299000000",
            "operatingCashflow": "1030000000",
            "grossProfit": "6535000000",
            "totalRevenue": "16086000000",
            "sentiment": 0.08871762252840078,
            "surprise": "0.27",
            "closePrice": "25.258745754712"
        },
        {
            "fiscalDateEnding": "2022-06-30",
            "totalCurrentAssets": "50588000000",
            "cashAndShortTermInvestments": "4390000000",
            "totalCurrentLiabilities": "27218000000",
            "currentDebt": "2882000000",
            "netIncome": "-454000000",
            "capitalExpenditures": "7242000000",
            "operatingCashflow": "809000000",
            "grossProfit": "5587000000",
            "totalRevenue": "14193000000",
            "sentiment": -0.036750471661475284,
            "surprise": "-0.41",
            "closePrice": "37.7945296639772"
        },
        {
            "fiscalDateEnding": "2022-03-31",
            "totalCurrentAssets": "62568000000",
            "cashAndShortTermInvestments": "6215000000",
            "totalCurrentLiabilities": "29322000000",
            "currentDebt": "4459000000",
            "netIncome": "8113000000",
            "capitalExpenditures": "4604000000",
            "operatingCashflow": "5891000000",
            "grossProfit": "9244000000",
            "totalRevenue": "18623000000",
            "sentiment": 0.000559458487952298,
            "surprise": "0.06",
            "closePrice": "44.2187239214243"
        },
        {
            "fiscalDateEnding": "2021-12-31",
            "totalCurrentAssets": "58558000000",
            "cashAndShortTermInvestments": "2103000000",
            "totalCurrentLiabilities": "27462000000",
            "currentDebt": "4591000000",
            "netIncome": "4623000000",
            "capitalExpenditures": "7154000000",
            "operatingCashflow": "5403000000",
            "grossProfit": "11009000000",
            "totalRevenue": "20324000000",
            "sentiment": 0,
            "surprise": "0.18",
            "closePrice": "48.4291201690814"
        },
        {
            "fiscalDateEnding": "2021-09-30",
            "totalCurrentAssets": "61304000000",
            "cashAndShortTermInvestments": "11874000000",
            "totalCurrentLiabilities": "29572000000",
            "currentDebt": "4694000000",
            "netIncome": "6823000000",
            "capitalExpenditures": "4005000000",
            "operatingCashflow": "9904000000",
            "grossProfit": "10746000000",
            "totalRevenue": "19002000000",
            "sentiment": 0,
            "surprise": "0.6",
            "closePrice": "52.1073081470683"
        },
        {
            "fiscalDateEnding": "2021-06-30",
            "totalCurrentAssets": "49372000000",
            "cashAndShortTermInvestments": "7760000000",
            "totalCurrentLiabilities": "24836000000",
            "currentDebt": "3695000000",
            "netIncome": "5061000000",
            "capitalExpenditures": "3602000000",
            "operatingCashflow": "8801000000",
            "grossProfit": "11206000000",
            "totalRevenue": "19476000000",
            "sentiment": 0,
            "surprise": "0.22",
            "closePrice": "51.7364752593115"
        },
        {
            "fiscalDateEnding": "2021-03-31",
            "totalCurrentAssets": "45773000000",
            "cashAndShortTermInvestments": "7609000000",
            "totalCurrentLiabilities": "24151000000",
            "currentDebt": "2647000000",
            "netIncome": "3361000000",
            "capitalExpenditures": "3972000000",
            "operatingCashflow": "5348000000",
            "grossProfit": "10854000000",
            "totalRevenue": "19398000000",
            "sentiment": 0,
            "surprise": "0.24",
            "closePrice": "57.4982193408709"
        },
        {
            "fiscalDateEnding": "2020-12-31",
            "totalCurrentAssets": "47249000000",
            "cashAndShortTermInvestments": "2292000000",
            "totalCurrentLiabilities": "24754000000",
            "currentDebt": "2504000000",
            "netIncome": "5857000000",
            "capitalExpenditures": "3867000000",
            "operatingCashflow": "10370000000",
            "grossProfit": "11348000000",
            "totalRevenue": "19663000000",
            "sentiment": 0,
            "surprise": "0.42",
            "closePrice": "57.0598623061203"
        },
        {
            "fiscalDateEnding": "2020-09-30",
            "totalCurrentAssets": "36785000000",
            "cashAndShortTermInvestments": "6343000000",
            "totalCurrentLiabilities": "22112000000",
            "currentDebt": "504000000",
            "netIncome": "4276000000",
            "capitalExpenditures": "3716000000",
            "operatingCashflow": "8179000000",
            "grossProfit": "9741000000",
            "totalRevenue": "18161000000",
            "sentiment": 0,
            "surprise": "0",
            "closePrice": "48.8867725495984"
        },
        {
            "fiscalDateEnding": "2020-06-30",
            "totalCurrentAssets": "44390000000",
            "cashAndShortTermInvestments": "13527000000",
            "totalCurrentLiabilities": "22481000000",
            "currentDebt": "2254000000",
            "netIncome": "5105000000",
            "capitalExpenditures": "3408000000",
            "operatingCashflow": "11157000000",
            "grossProfit": "10507000000",
            "totalRevenue": "19487000000",
            "sentiment": 0,
            "surprise": "0.12",
            "closePrice": "54.4125130538387"
        },
        {
            "fiscalDateEnding": "2020-03-31",
            "totalCurrentAssets": "41501000000",
            "cashAndShortTermInvestments": "12676000000",
            "totalCurrentLiabilities": "23895000000",
            "currentDebt": "3464000000",
            "netIncome": "5661000000",
            "capitalExpenditures": "3268000000",
            "operatingCashflow": "6158000000",
            "grossProfit": "12016000000",
            "totalRevenue": "19686000000",
            "sentiment": 0,
            "surprise": "0.17",
            "closePrice": "52.8923916537889"
        },
        {
            "fiscalDateEnding": "2019-12-31",
            "totalCurrentAssets": "31239000000",
            "cashAndShortTermInvestments": "1082000000",
            "totalCurrentLiabilities": "22310000000",
            "currentDebt": "3693000000",
            "netIncome": "6905000000",
            "capitalExpenditures": "4666000000",
            "operatingCashflow": "9888000000",
            "grossProfit": "11878000000",
            "totalRevenue": "19998000000",
            "sentiment": 0,
            "surprise": "0.27",
            "closePrice": "56.4490719326028"
        },
        {
            "fiscalDateEnding": "2019-09-30",
            "totalCurrentAssets": "29957000000",
            "cashAndShortTermInvestments": "5784000000",
            "totalCurrentLiabilities": "25064000000",
            "currentDebt": "5200000000",
            "netIncome": "5990000000",
            "capitalExpenditures": "4672000000",
            "operatingCashflow": "10711000000",
            "grossProfit": "11295000000",
            "totalRevenue": "19029000000",
            "sentiment": 0,
            "surprise": "0.18",
            "closePrice": "46.3092074667051"
        },
        {
            "fiscalDateEnding": "2019-06-30",
            "totalCurrentAssets": "29239000000",
            "cashAndShortTermInvestments": "5281000000",
            "totalCurrentLiabilities": "19705000000",
            "currentDebt": "3726000000",
            "netIncome": "4179000000",
            "capitalExpenditures": "3554000000",
            "operatingCashflow": "7587000000",
            "grossProfit": "9878000000",
            "totalRevenue": "16337000000",
            "sentiment": 0,
            "surprise": "0.17",
            "closePrice": "45.9389914248902"
        },
        {
            "fiscalDateEnding": "2019-03-31",
            "totalCurrentAssets": "29060000000",
            "cashAndShortTermInvestments": "5852000000",
            "totalCurrentLiabilities": "18911000000",
            "currentDebt": "2750000000",
            "netIncome": "3974000000",
            "capitalExpenditures": "3321000000",
            "operatingCashflow": "4959000000",
            "grossProfit": "9089000000",
            "totalRevenue": "15733000000",
            "sentiment": 0,
            "surprise": "0.02",
            "closePrice": "50.428847443493"
        },
        {
            "fiscalDateEnding": "2018-12-31",
            "totalCurrentAssets": "28787000000",
            "cashAndShortTermInvestments": "5807000000",
            "totalCurrentLiabilities": "16626000000",
            "currentDebt": "1261000000",
            "netIncome": "5195000000",
            "capitalExpenditures": "3890000000",
            "operatingCashflow": "6900000000",
            "grossProfit": "11227000000",
            "totalRevenue": "18495000000",
            "sentiment": 0,
            "surprise": "0.06",
            "closePrice": "43.2841224997852"
        },
        {
            "fiscalDateEnding": "2018-09-30",
            "totalCurrentAssets": "29590000000",
            "cashAndShortTermInvestments": "6048000000",
            "totalCurrentLiabilities": "19574000000",
            "currentDebt": "3051000000",
            "netIncome": "6398000000",
            "capitalExpenditures": "3851000000",
            "operatingCashflow": "-4862000000",
            "grossProfit": "12360000000",
            "totalRevenue": "18829000000",
            "sentiment": 0,
            "surprise": "0.25",
            "closePrice": "38.3002216575922"
        },
        {
            "fiscalDateEnding": "2018-06-30",
            "totalCurrentAssets": "27603000000",
            "cashAndShortTermInvestments": "12225000000",
            "totalCurrentLiabilities": "17571000000",
            "currentDebt": "3510000000",
            "netIncome": "5006000000",
            "capitalExpenditures": "4530000000",
            "operatingCashflow": "5006000000",
            "grossProfit": "10419000000",
            "totalRevenue": "16713000000",
            "sentiment": 0,
            "surprise": "0.08",
            "closePrice": "44.8128291462999"
        },
        {
            "fiscalDateEnding": "2018-03-31",
            "totalCurrentAssets": "31630000000",
            "cashAndShortTermInvestments": "16197000000",
            "totalCurrentLiabilities": "19961000000",
            "currentDebt": "3842000000",
            "netIncome": "4454000000",
            "capitalExpenditures": "2910000000",
            "operatingCashflow": "12568000000",
            "grossProfit": "9731000000",
            "totalRevenue": "16678000000",
            "sentiment": 0,
            "surprise": "0.15",
            "closePrice": "45.3198683996157"
        },
        {
            "fiscalDateEnding": "2017-12-31",
            "totalCurrentAssets": "29500000000",
            "cashAndShortTermInvestments": "14002000000",
            "totalCurrentLiabilities": "17421000000",
            "currentDebt": "1776000000",
            "netIncome": "-687000000",
            "capitalExpenditures": "4069000000",
            "operatingCashflow": "-7628000000",
            "grossProfit": "10778000000",
            "totalRevenue": "19007000000",
            "sentiment": 0,
            "surprise": "0.22",
            "closePrice": "38.4423565008081"
        },
        {
            "fiscalDateEnding": "2017-09-30",
            "totalCurrentAssets": "33154000000",
            "cashAndShortTermInvestments": "17504000000",
            "totalCurrentLiabilities": "20689000000",
            "currentDebt": "4142000000",
            "netIncome": "4516000000",
            "capitalExpenditures": "2979000000",
            "operatingCashflow": "4516000000",
            "grossProfit": "10064000000",
            "totalRevenue": "15958000000",
            "sentiment": 0,
            "surprise": "0.21",
            "closePrice": "34.886750494825"
        },
        {
            "fiscalDateEnding": "2017-06-30",
            "totalCurrentAssets": "40617000000",
            "cashAndShortTermInvestments": "11687000000",
            "totalCurrentLiabilities": "18782000000",
            "currentDebt": "4130000000",
            "netIncome": "2808000000",
            "capitalExpenditures": "2778000000",
            "operatingCashflow": "2808000000",
            "grossProfit": "9096000000",
            "totalRevenue": "14607000000",
            "sentiment": 0,
            "surprise": "0.04",
            "closePrice": "29.2852855821559"
        },
        {
            "fiscalDateEnding": "2017-03-31",
            "totalCurrentAssets": "36058000000",
            "cashAndShortTermInvestments": "4934000000",
            "totalCurrentLiabilities": "21305000000",
            "currentDebt": "5073000000",
            "netIncome": "2964000000",
            "capitalExpenditures": "1952000000",
            "operatingCashflow": "7796000000",
            "grossProfit": "9160000000",
            "totalRevenue": "14650000000",
            "sentiment": 0,
            "surprise": "0.01",
            "closePrice": "31.1160987967515"
        },
        {
            "fiscalDateEnding": "2016-12-31",
            "totalCurrentAssets": "35508000000",
            "cashAndShortTermInvestments": "17099000000",
            "totalCurrentLiabilities": "20302000000",
            "currentDebt": "4634000000",
            "netIncome": "3562000000",
            "capitalExpenditures": "3530000000",
            "operatingCashflow": "16300000000",
            "grossProfit": "10147000000",
            "totalRevenue": "16216000000",
            "sentiment": 0,
            "surprise": "0.05",
            "closePrice": "31.0034441654399"
        },
        {
            "fiscalDateEnding": "2016-09-30",
            "totalCurrentAssets": "36216000000",
            "cashAndShortTermInvestments": "4752000000",
            "totalCurrentLiabilities": "20093000000",
            "currentDebt": "3573000000",
            "netIncome": "3378000000",
            "capitalExpenditures": "2463000000",
            "operatingCashflow": "3702000000",
            "grossProfit": "9983000000",
            "totalRevenue": "15598000000",
            "sentiment": 0,
            "surprise": "0.07",
            "closePrice": "30.9233170654241"
        },
        {
            "fiscalDateEnding": "2016-06-30",
            "totalCurrentAssets": "31188000000",
            "cashAndShortTermInvestments": "3885000000",
            "totalCurrentLiabilities": "18711000000",
            "currentDebt": "4560000000",
            "netIncome": "1330000000",
            "capitalExpenditures": "2286000000",
            "operatingCashflow": "1694000000",
            "grossProfit": "7973000000",
            "totalRevenue": "13346000000",
            "sentiment": 0,
            "surprise": "0.06",
            "closePrice": "29.0155817184966"
        },
        {
            "fiscalDateEnding": "2016-03-31",
            "totalCurrentAssets": "27397000000",
            "cashAndShortTermInvestments": "3061000000",
            "totalCurrentLiabilities": "17526000000",
            "currentDebt": "3594000000",
            "netIncome": "2046000000",
            "capitalExpenditures": "1346000000",
            "operatingCashflow": "8110000000",
            "grossProfit": "8130000000",
            "totalRevenue": "13494000000",
            "sentiment": 0,
            "surprise": "0.07",
            "closePrice": "25.4686189973545"
        },
        {
            "fiscalDateEnding": "2015-12-31",
            "totalCurrentAssets": "38320000000",
            "cashAndShortTermInvestments": "25313000000",
            "totalCurrentLiabilities": "15646000000",
            "currentDebt": "2634000000",
            "netIncome": "3613000000",
            "capitalExpenditures": "2448000000",
            "operatingCashflow": "10854000000",
            "grossProfit": "9590000000",
            "totalRevenue": "14788000000",
            "sentiment": 0,
            "surprise": "0.11",
            "closePrice": "26.1556421831799"
        },
        {
            "fiscalDateEnding": "2015-09-30",
            "totalCurrentAssets": "36205000000",
            "cashAndShortTermInvestments": "20843000000",
            "totalCurrentLiabilities": "15080000000",
            "currentDebt": "1129000000",
            "netIncome": "3109000000",
            "capitalExpenditures": "1206000000",
            "operatingCashflow": "3418000000",
            "grossProfit": "9111000000",
            "totalRevenue": "14349000000",
            "sentiment": 0,
            "surprise": "0.05",
            "closePrice": "25.4177879352218"
        },
        {
            "fiscalDateEnding": "2015-06-30",
            "totalCurrentAssets": "26710000000",
            "cashAndShortTermInvestments": "13870000000",
            "totalCurrentLiabilities": "13529000000",
            "currentDebt": "1118000000",
            "netIncome": "2706000000",
            "capitalExpenditures": "1767000000",
            "operatingCashflow": "3038000000",
            "grossProfit": "8248000000",
            "totalRevenue": "13142000000",
            "sentiment": 0,
            "surprise": "0.05",
            "closePrice": "23.3609640760708"
        },
        {
            "fiscalDateEnding": "2015-03-31",
            "totalCurrentAssets": "26466000000",
            "cashAndShortTermInvestments": "14118000000",
            "totalCurrentLiabilities": "15035000000",
            "currentDebt": "1121000000",
            "netIncome": "1992000000",
            "capitalExpenditures": "2025000000",
            "operatingCashflow": "8830000000",
            "grossProfit": "7730000000",
            "totalRevenue": "12739000000",
            "sentiment": 0,
            "surprise": "0",
            "closePrice": "24.5964010568437"
        },
        {
            "fiscalDateEnding": "2014-12-31",
            "totalCurrentAssets": "27730000000",
            "cashAndShortTermInvestments": "14054000000",
            "totalCurrentLiabilities": "16011000000",
            "currentDebt": "1596000000",
            "netIncome": "3661000000",
            "capitalExpenditures": "2143000000",
            "operatingCashflow": "11542000000",
            "grossProfit": "9621000000",
            "totalRevenue": "14668000000",
            "sentiment": 0,
            "surprise": "0.08",
            "closePrice": "28.0670269284191"
        },
        {
            "fiscalDateEnding": "2014-09-30",
            "totalCurrentAssets": "27509000000",
            "cashAndShortTermInvestments": "15594000000",
            "totalCurrentLiabilities": "14904000000",
            "currentDebt": "1164000000",
            "netIncome": "3317000000",
            "capitalExpenditures": "2445000000",
            "operatingCashflow": "3599000000",
            "grossProfit": "9458000000",
            "totalRevenue": "14501000000",
            "sentiment": 0,
            "surprise": "0.01",
            "closePrice": "24.761039007696"
        },
        {
            "fiscalDateEnding": "2014-06-30",
            "totalCurrentAssets": "29006000000",
            "cashAndShortTermInvestments": "17311000000",
            "totalCurrentLiabilities": "12251000000",
            "currentDebt": "14000000",
            "netIncome": "2796000000",
            "capitalExpenditures": "2828000000",
            "operatingCashflow": "3152000000",
            "grossProfit": "8917000000",
            "totalRevenue": "13782000000",
            "sentiment": 0,
            "surprise": "0.03",
            "closePrice": "24.2634221520588"
        },
        {
            "fiscalDateEnding": "2014-03-31",
            "totalCurrentAssets": "30554000000",
            "cashAndShortTermInvestments": "19046000000",
            "totalCurrentLiabilities": "13552000000",
            "currentDebt": "36000000",
            "netIncome": "1930000000",
            "capitalExpenditures": "2689000000",
            "operatingCashflow": "3501000000",
            "grossProfit": "7613000000",
            "totalRevenue": "12727000000",
            "sentiment": 0,
            "surprise": "0.01",
            "closePrice": "20.3088924594182"
        },
        {
            "fiscalDateEnding": "2013-12-31",
            "totalCurrentAssets": "32084000000",
            "cashAndShortTermInvestments": "20087000000",
            "totalCurrentLiabilities": "13568000000",
            "currentDebt": "281000000",
            "netIncome": "2625000000",
            "capitalExpenditures": "2948000000",
            "operatingCashflow": "6038000000",
            "grossProfit": "8571000000",
            "totalRevenue": "13779000000",
            "sentiment": 0,
            "surprise": "-0.01",
            "closePrice": "19.9436172483742"
        },
        {
            "fiscalDateEnding": "2013-09-30",
            "totalCurrentAssets": "31350000000",
            "cashAndShortTermInvestments": "19146000000",
            "totalCurrentLiabilities": "13875000000",
            "currentDebt": "350000000",
            "netIncome": "2950000000",
            "capitalExpenditures": "2866000000",
            "operatingCashflow": "3219000000",
            "grossProfit": "8414000000",
            "totalRevenue": "13427000000",
            "sentiment": 0,
            "surprise": "0.05",
            "closePrice": "17.4134861910875"
        },
        {
            "fiscalDateEnding": "2013-06-30",
            "totalCurrentAssets": "29048000000",
            "cashAndShortTermInvestments": "17350000000",
            "totalCurrentLiabilities": "11389000000",
            "currentDebt": "263000000",
            "netIncome": "2000000000",
            "capitalExpenditures": "2723000000",
            "operatingCashflow": "3030000000",
            "grossProfit": "7470000000",
            "totalRevenue": "12751000000",
            "sentiment": 0,
            "surprise": "0",
            "closePrice": "17.8045418987447"
        },
        {
            "fiscalDateEnding": "2013-03-31",
            "totalCurrentAssets": "28677000000",
            "cashAndShortTermInvestments": "17073000000",
            "totalCurrentLiabilities": "11798000000",
            "currentDebt": "88000000",
            "netIncome": "2045000000",
            "capitalExpenditures": "2174000000",
            "operatingCashflow": "4285000000",
            "grossProfit": "7066000000",
            "totalRevenue": "12507000000",
            "sentiment": 0,
            "surprise": "-0.01",
            "closePrice": "16.0064810899683"
        },
        {
            "fiscalDateEnding": "2012-12-31",
            "totalCurrentAssets": "31358000000",
            "cashAndShortTermInvestments": "18162000000",
            "totalCurrentLiabilities": "12898000000",
            "currentDebt": "312000000",
            "netIncome": "2468000000",
            "capitalExpenditures": "2504000000",
            "operatingCashflow": "6026000000",
            "grossProfit": "7817000000",
            "totalRevenue": "13509000000",
            "sentiment": 0,
            "surprise": "0.03",
            "closePrice": "16.3910894306623"
        },
        {
            "fiscalDateEnding": "2012-09-30",
            "totalCurrentAssets": "23014000000",
            "cashAndShortTermInvestments": "10465000000",
            "totalCurrentLiabilities": "11953000000",
            "currentDebt": "56000000",
            "netIncome": "2972000000",
            "capitalExpenditures": "2887000000",
            "operatingCashflow": "5147000000",
            "grossProfit": "8515000000",
            "totalRevenue": "13509000000",
            "sentiment": 0,
            "surprise": "0.09",
            "closePrice": "15.9878776771209"
        },
        {
            "fiscalDateEnding": "2012-06-30",
            "totalCurrentAssets": "25785000000",
            "cashAndShortTermInvestments": "13648000000",
            "totalCurrentLiabilities": "10538000000",
            "currentDebt": "92000000",
            "netIncome": "2827000000",
            "capitalExpenditures": "2662000000",
            "operatingCashflow": "4739000000",
            "grossProfit": "8554000000",
            "totalRevenue": "13514000000",
            "sentiment": 0,
            "surprise": "0.02",
            "closePrice": "18.0009502586697"
        },
        {
            "fiscalDateEnding": "2012-03-31",
            "totalCurrentAssets": "25421000000",
            "cashAndShortTermInvestments": "13753000000",
            "totalCurrentLiabilities": "11941000000",
            "currentDebt": "362000000",
            "netIncome": "2738000000",
            "capitalExpenditures": "2974000000",
            "operatingCashflow": "2972000000",
            "grossProfit": "8265000000",
            "totalRevenue": "12875000000",
            "sentiment": 0,
            "surprise": "0.03",
            "closePrice": "20.045164399104"
        },
        {
            "fiscalDateEnding": "2011-12-31",
            "totalCurrentAssets": "25872000000",
            "cashAndShortTermInvestments": "14837000000",
            "totalCurrentLiabilities": "12028000000",
            "currentDebt": "247000000",
            "netIncome": "3360000000",
            "capitalExpenditures": "2844000000",
            "operatingCashflow": "6630000000",
            "grossProfit": "8952000000",
            "totalRevenue": "13869000000",
            "sentiment": 0,
            "surprise": "0.03",
            "closePrice": "17.9049616388845"
        },
        {
            "fiscalDateEnding": "2011-09-30",
            "totalCurrentAssets": "26698000000",
            "cashAndShortTermInvestments": "7057000000",
            "totalCurrentLiabilities": "11909000000",
            "currentDebt": "66000000",
            "netIncome": "3468000000",
            "capitalExpenditures": "2713000000",
            "operatingCashflow": "6349000000",
            "grossProfit": "9018000000",
            "totalRevenue": "14419000000",
            "sentiment": 0,
            "surprise": "0.04",
            "closePrice": "16.206462650215"
        },
        {
            "fiscalDateEnding": "2011-06-30",
            "totalCurrentAssets": "23102000000",
            "cashAndShortTermInvestments": "4635000000",
            "totalCurrentLiabilities": "10354000000",
            "currentDebt": "71000000",
            "netIncome": "2954000000",
            "capitalExpenditures": "2484000000",
            "operatingCashflow": "3971000000",
            "grossProfit": "7902000000",
            "totalRevenue": "13068000000",
            "sentiment": 0,
            "surprise": "0.03",
            "closePrice": "15.7706537757504"
        },
        {
            "fiscalDateEnding": "2011-03-31",
            "totalCurrentAssets": "22795000000",
            "cashAndShortTermInvestments": "4188000000",
            "totalCurrentLiabilities": "11565000000",
            "currentDebt": "54000000",
            "netIncome": "3160000000",
            "capitalExpenditures": "2723000000",
            "operatingCashflow": "4013000000",
            "grossProfit": "7885000000",
            "totalRevenue": "12869000000",
            "sentiment": 0,
            "surprise": "0.1",
            "closePrice": "13.5192975597854"
        },
        {
            "fiscalDateEnding": "2010-12-31",
            "totalCurrentAssets": "31611000000",
            "cashAndShortTermInvestments": "21885000000",
            "totalCurrentLiabilities": "9327000000",
            "currentDebt": "38000000",
            "netIncome": "3180000000",
            "capitalExpenditures": "1869000000",
            "operatingCashflow": "5550000000",
            "grossProfit": "7406000000",
            "totalRevenue": "11457000000",
            "sentiment": 0,
            "surprise": "0.06",
            "closePrice": "14.3720085749057"
        },
        {
            "fiscalDateEnding": "2010-09-30",
            "totalCurrentAssets": "29499000000",
            "cashAndShortTermInvestments": "20750000000",
            "totalCurrentLiabilities": "8837000000",
            "currentDebt": "259000000",
            "netIncome": "2955000000",
            "capitalExpenditures": "1362000000",
            "operatingCashflow": "3577000000",
            "grossProfit": "7321000000",
            "totalRevenue": "11102000000",
            "sentiment": 0,
            "surprise": "0.02",
            "closePrice": "13.2440661593486"
        },
        {
            "fiscalDateEnding": "2010-06-30",
            "totalCurrentAssets": "26464000000",
            "cashAndShortTermInvestments": "18303000000",
            "totalCurrentLiabilities": "7937000000",
            "currentDebt": "215000000",
            "netIncome": "2887000000",
            "capitalExpenditures": "1048000000",
            "operatingCashflow": "3486000000",
            "grossProfit": "7235000000",
            "totalRevenue": "10765000000",
            "sentiment": 0,
            "surprise": "0.08",
            "closePrice": "13.9686219557565"
        },
        {
            "fiscalDateEnding": "2010-03-31",
            "totalCurrentAssets": "23724000000",
            "cashAndShortTermInvestments": "16342000000",
            "totalCurrentLiabilities": "8912000000",
            "currentDebt": "330000000",
            "netIncome": "2442000000",
            "capitalExpenditures": "928000000",
            "operatingCashflow": "4079000000",
            "grossProfit": "6529000000",
            "totalRevenue": "10299000000",
            "sentiment": 0,
            "surprise": "0.05",
            "closePrice": "15.0319241346549"
        },
        {
            "fiscalDateEnding": "2009-12-31",
            "totalCurrentAssets": "21157000000",
            "cashAndShortTermInvestments": "13920000000",
            "totalCurrentLiabilities": "7591000000",
            "currentDebt": "172000000",
            "netIncome": "2282000000",
            "capitalExpenditures": "1081000000",
            "operatingCashflow": "3405000000",
            "grossProfit": "6840000000",
            "totalRevenue": "10569000000",
            "sentiment": 0,
            "surprise": "0.1",
            "closePrice": "14.0677902146743"
        },
        {
            "fiscalDateEnding": "2009-09-30",
            "totalCurrentAssets": "19247000000",
            "cashAndShortTermInvestments": "12930000000",
            "totalCurrentLiabilities": "7749000000",
            "currentDebt": "23000000",
            "netIncome": "1856000000",
            "capitalExpenditures": "944000000",
            "operatingCashflow": "4003000000",
            "grossProfit": "5404000000",
            "totalRevenue": "9389000000",
            "sentiment": 0,
            "surprise": "0.05",
            "closePrice": "13.3191091221335"
        }
    ]
}