{
    "INTU": [
        {
            "fiscalDateEnding": "2024-01-31",
            "totalCurrentAssets": "7300000000",
            "cashAndShortTermInvestments": "1474000000",
            "totalCurrentLiabilities": "6216000000",
            "currentDebt": "None",
            "netIncome": "353000000",
            "capitalExpenditures": "63000000",
            "operatingCashflow": "613000000",
            "grossProfit": "1812000000",
            "totalRevenue": "3332000000",
            "sentiment": 0.26570218250369176,
            "surprise": "0.33",
            "closePrice": "657.92"
        },
        {
            "fiscalDateEnding": "2023-10-31",
            "totalCurrentAssets": "6231000000",
            "cashAndShortTermInvestments": "1734000000",
            "totalCurrentLiabilities": "4996000000",
            "currentDebt": "None",
            "netIncome": "241000000",
            "capitalExpenditures": "84000000",
            "operatingCashflow": "-97000000",
            "grossProfit": "1647000000",
            "totalRevenue": "2916000000",
            "sentiment": 0.21566110935755484,
            "surprise": "0.49",
            "closePrice": "564.230897901267"
        },
        {
            "fiscalDateEnding": "2023-07-31",
            "totalCurrentAssets": "5557000000",
            "cashAndShortTermInvestments": "2848000000",
            "totalCurrentLiabilities": "3790000000",
            "currentDebt": "None",
            "netIncome": "89000000",
            "capitalExpenditures": "40000000",
            "operatingCashflow": "842000000",
            "grossProfit": "1540000000",
            "totalRevenue": "2883000000",
            "sentiment": 0.19595459317754413,
            "surprise": "0.21",
            "closePrice": "496.893579927194"
        },
        {
            "fiscalDateEnding": "2023-04-30",
            "totalCurrentAssets": "6649000000",
            "cashAndShortTermInvestments": "3745000000",
            "totalCurrentLiabilities": "4415000000",
            "currentDebt": "501000000",
            "netIncome": "2087000000",
            "capitalExpenditures": "88000000",
            "operatingCashflow": "3592000000",
            "grossProfit": "4260000000",
            "totalRevenue": "5955000000",
            "sentiment": 0.2895647311210483,
            "surprise": "0.44",
            "closePrice": "447.571592286218"
        },
        {
            "fiscalDateEnding": "2023-01-31",
            "totalCurrentAssets": "4756000000",
            "cashAndShortTermInvestments": "2071000000",
            "totalCurrentLiabilities": "3862000000",
            "currentDebt": "501000000",
            "netIncome": "168000000",
            "capitalExpenditures": "55000000",
            "operatingCashflow": "284000000",
            "grossProfit": "1570000000",
            "totalRevenue": "2979000000",
            "sentiment": 0.25482213312169194,
            "surprise": "0.76",
            "closePrice": "409.125163077675"
        },
        {
            "fiscalDateEnding": "2022-10-31",
            "totalCurrentAssets": "4554000000",
            "cashAndShortTermInvestments": "2724000000",
            "totalCurrentLiabilities": "3325000000",
            "currentDebt": "499000000",
            "netIncome": "40000000",
            "capitalExpenditures": "77000000",
            "operatingCashflow": "328000000",
            "grossProfit": "1290000000",
            "totalRevenue": "2551000000",
            "sentiment": 0.2613214144840101,
            "surprise": "0.44",
            "closePrice": "376.42764416825"
        },
        {
            "fiscalDateEnding": "2022-07-31",
            "totalCurrentAssets": "5047000000",
            "cashAndShortTermInvestments": "3281000000",
            "totalCurrentLiabilities": "3630000000",
            "currentDebt": "499000000",
            "netIncome": "-56000000",
            "capitalExpenditures": "61000000",
            "operatingCashflow": "339000000",
            "grossProfit": "1146000000",
            "totalRevenue": "2449000000",
            "sentiment": 0.03768224606396955,
            "surprise": "0.12",
            "closePrice": "444.83028784764"
        },
        {
            "fiscalDateEnding": "2022-04-30",
            "totalCurrentAssets": "5858000000",
            "cashAndShortTermInvestments": "3904000000",
            "totalCurrentLiabilities": "3591000000",
            "currentDebt": "None",
            "netIncome": "1794000000",
            "capitalExpenditures": "61000000",
            "operatingCashflow": "3320000000",
            "grossProfit": "3760000000",
            "totalRevenue": "5615000000",
            "sentiment": 0.014525399201964103,
            "surprise": "0.07",
            "closePrice": "354.600633501082"
        },
        {
            "fiscalDateEnding": "2022-01-31",
            "totalCurrentAssets": "3490000000",
            "cashAndShortTermInvestments": "1414000000",
            "totalCurrentLiabilities": "2968000000",
            "currentDebt": "None",
            "netIncome": "100000000",
            "capitalExpenditures": "65000000",
            "operatingCashflow": "85000000",
            "grossProfit": "1153000000",
            "totalRevenue": "2657000000",
            "sentiment": 0,
            "surprise": "-0.3",
            "closePrice": "490.388325706506"
        },
        {
            "fiscalDateEnding": "2021-10-31",
            "totalCurrentAssets": "4487000000",
            "cashAndShortTermInvestments": "3250000000",
            "totalCurrentLiabilities": "2138000000",
            "currentDebt": "None",
            "netIncome": "228000000",
            "capitalExpenditures": "42000000",
            "operatingCashflow": "145000000",
            "grossProfit": "1125000000",
            "totalRevenue": "2005000000",
            "sentiment": 0,
            "surprise": "0.56",
            "closePrice": "619.668393626098"
        },
        {
            "fiscalDateEnding": "2021-07-31",
            "totalCurrentAssets": "5157000000",
            "cashAndShortTermInvestments": "3870000000",
            "totalCurrentLiabilities": "2655000000",
            "currentDebt": "0",
            "netIncome": "380000000",
            "capitalExpenditures": "24000000",
            "operatingCashflow": "542000000",
            "grossProfit": "1383000000",
            "totalRevenue": "2571000000",
            "sentiment": 0,
            "surprise": "0.38",
            "closePrice": "545.163437073114"
        },
        {
            "fiscalDateEnding": "2021-04-30",
            "totalCurrentAssets": "5327000000",
            "cashAndShortTermInvestments": "4116000000",
            "totalCurrentLiabilities": "2712000000",
            "currentDebt": "0",
            "netIncome": "1464000000",
            "capitalExpenditures": "30000000",
            "operatingCashflow": "2384000000",
            "grossProfit": "2956000000",
            "totalRevenue": "4170000000",
            "sentiment": 0,
            "surprise": "-0.4",
            "closePrice": "431.467145819235"
        },
        {
            "fiscalDateEnding": "2021-01-31",
            "totalCurrentAssets": "4094000000",
            "cashAndShortTermInvestments": "2738000000",
            "totalCurrentLiabilities": "2677000000",
            "currentDebt": "325000000",
            "netIncome": "20000000",
            "capitalExpenditures": "33000000",
            "operatingCashflow": "279000000",
            "grossProfit": "693000000",
            "totalRevenue": "1573000000",
            "sentiment": 0,
            "surprise": "-0.23",
            "closePrice": "391.697510645913"
        },
        {
            "fiscalDateEnding": "2020-10-31",
            "totalCurrentAssets": "6651000000",
            "cashAndShortTermInvestments": "5793000000",
            "totalCurrentLiabilities": "2152000000",
            "currentDebt": "325000000",
            "netIncome": "198000000",
            "capitalExpenditures": "38000000",
            "operatingCashflow": "45000000",
            "grossProfit": "769000000",
            "totalRevenue": "1319000000",
            "sentiment": 0,
            "surprise": "0.57",
            "closePrice": "354.186857709563"
        },
        {
            "fiscalDateEnding": "2020-07-31",
            "totalCurrentAssets": "7980000000",
            "cashAndShortTermInvestments": "7050000000",
            "totalCurrentLiabilities": "3529000000",
            "currentDebt": "1338000000",
            "netIncome": "445000000",
            "capitalExpenditures": "30000000",
            "operatingCashflow": "287000000",
            "grossProfit": "1494000000",
            "totalRevenue": "1816000000",
            "sentiment": 0,
            "surprise": "0.76",
            "closePrice": "329.089335284247"
        },
        {
            "fiscalDateEnding": "2020-04-30",
            "totalCurrentAssets": "4862000000",
            "cashAndShortTermInvestments": "3971000000",
            "totalCurrentLiabilities": "2713000000",
            "currentDebt": "350000000",
            "netIncome": "1084000000",
            "capitalExpenditures": "39000000",
            "operatingCashflow": "1937000000",
            "grossProfit": "2169000000",
            "totalRevenue": "3002000000",
            "sentiment": 0,
            "surprise": "-0.11",
            "closePrice": "283.193381420757"
        },
        {
            "fiscalDateEnding": "2020-01-31",
            "totalCurrentAssets": "3690000000",
            "cashAndShortTermInvestments": "2266000000",
            "totalCurrentLiabilities": "2204000000",
            "currentDebt": "38000000",
            "netIncome": "240000000",
            "capitalExpenditures": "30000000",
            "operatingCashflow": "317000000",
            "grossProfit": "941000000",
            "totalRevenue": "1696000000",
            "sentiment": 0,
            "surprise": "0.14",
            "closePrice": "279.120367234508"
        },
        {
            "fiscalDateEnding": "2019-10-31",
            "totalCurrentAssets": "3162000000",
            "cashAndShortTermInvestments": "2255000000",
            "totalCurrentLiabilities": "1757000000",
            "currentDebt": "50000000",
            "netIncome": "57000000",
            "capitalExpenditures": "38000000",
            "operatingCashflow": "-127000000",
            "grossProfit": "633000000",
            "totalRevenue": "1165000000",
            "sentiment": 0,
            "surprise": "0.16",
            "closePrice": "263.721860748913"
        },
        {
            "fiscalDateEnding": "2019-07-31",
            "totalCurrentAssets": "3594000000",
            "cashAndShortTermInvestments": "2740000000",
            "totalCurrentLiabilities": "1966000000",
            "currentDebt": "50000000",
            "netIncome": "-44000000",
            "capitalExpenditures": "10000000",
            "operatingCashflow": "-122000000",
            "grossProfit": "713000000",
            "totalRevenue": "994000000",
            "sentiment": 0,
            "surprise": "0.06",
            "closePrice": "267.619673033322"
        },
        {
            "fiscalDateEnding": "2019-04-30",
            "totalCurrentAssets": "4249000000",
            "cashAndShortTermInvestments": "3346000000",
            "totalCurrentLiabilities": "2291000000",
            "currentDebt": "50000000",
            "netIncome": "1378000000",
            "capitalExpenditures": "49000000",
            "operatingCashflow": "2248000000",
            "grossProfit": "2440000000",
            "totalRevenue": "3272000000",
            "sentiment": 0,
            "surprise": "0.15",
            "closePrice": "233.82309039509"
        },
        {
            "fiscalDateEnding": "2019-01-31",
            "totalCurrentAssets": "2644000000",
            "cashAndShortTermInvestments": "1333000000",
            "totalCurrentLiabilities": "2001000000",
            "currentDebt": "50000000",
            "netIncome": "189000000",
            "capitalExpenditures": "45000000",
            "operatingCashflow": "341000000",
            "grossProfit": "804000000",
            "totalRevenue": "1502000000",
            "sentiment": 0,
            "surprise": "0.14",
            "closePrice": "227.325254272262"
        },
        {
            "fiscalDateEnding": "2018-10-31",
            "totalCurrentAssets": "2232000000",
            "cashAndShortTermInvestments": "1332000000",
            "totalCurrentLiabilities": "1586000000",
            "currentDebt": "50000000",
            "netIncome": "34000000",
            "capitalExpenditures": "35000000",
            "operatingCashflow": "-143000000",
            "grossProfit": "522000000",
            "totalRevenue": "1016000000",
            "sentiment": 0,
            "surprise": "0.18",
            "closePrice": "192.262633980643"
        },
        {
            "fiscalDateEnding": "2018-07-31",
            "totalCurrentAssets": "2422000000",
            "cashAndShortTermInvestments": "1716000000",
            "totalCurrentLiabilities": "1743000000",
            "currentDebt": "50000000",
            "netIncome": "-38000000",
            "capitalExpenditures": "27000000",
            "operatingCashflow": "-37000000",
            "grossProfit": "757000000",
            "totalRevenue": "864000000",
            "sentiment": 0,
            "surprise": "0.09",
            "closePrice": "204.574283179854"
        },
        {
            "fiscalDateEnding": "2018-04-30",
            "totalCurrentAssets": "2845000000",
            "cashAndShortTermInvestments": "1936000000",
            "totalCurrentLiabilities": "2703000000",
            "currentDebt": "50000000",
            "netIncome": "1186000000",
            "capitalExpenditures": "20000000",
            "operatingCashflow": "1975000000",
            "grossProfit": "1911000000",
            "totalRevenue": "2912000000",
            "sentiment": 0,
            "surprise": "0.14",
            "closePrice": "183.132686930327"
        },
        {
            "fiscalDateEnding": "2018-01-31",
            "totalCurrentAssets": "1902000000",
            "cashAndShortTermInvestments": "726000000",
            "totalCurrentLiabilities": "3032000000",
            "currentDebt": "690000000",
            "netIncome": "183000000",
            "capitalExpenditures": "27000000",
            "operatingCashflow": "252000000",
            "grossProfit": "303000000",
            "totalRevenue": "1339000000",
            "sentiment": 0,
            "surprise": "0.01",
            "closePrice": "165.029588081267"
        },
        {
            "fiscalDateEnding": "2017-10-31",
            "totalCurrentAssets": "1415000000",
            "cashAndShortTermInvestments": "777000000",
            "totalCurrentLiabilities": "2117000000",
            "currentDebt": "450000000",
            "netIncome": "-2000000",
            "capitalExpenditures": "50000000",
            "operatingCashflow": "-78000000",
            "grossProfit": "233000000",
            "totalRevenue": "910000000",
            "sentiment": 0,
            "surprise": "0.06",
            "closePrice": "150.94080513285"
        },
        {
            "fiscalDateEnding": "2017-07-31",
            "totalCurrentAssets": "1415000000",
            "cashAndShortTermInvestments": "777000000",
            "totalCurrentLiabilities": "1944000000",
            "currentDebt": "50000000",
            "netIncome": "24000000",
            "capitalExpenditures": "52000000",
            "operatingCashflow": "-290000000",
            "grossProfit": "659000000",
            "totalRevenue": "842000000",
            "sentiment": 0,
            "surprise": "0.03",
            "closePrice": "131.805168276907"
        },
        {
            "fiscalDateEnding": "2017-04-30",
            "totalCurrentAssets": "2255000000",
            "cashAndShortTermInvestments": "1593000000",
            "totalCurrentLiabilities": "2494000000",
            "currentDebt": "50000000",
            "netIncome": "964000000",
            "capitalExpenditures": "46000000",
            "operatingCashflow": "1802000000",
            "grossProfit": "1685000000",
            "totalRevenue": "2541000000",
            "sentiment": 0,
            "surprise": "0.03",
            "closePrice": "122.899779144877"
        },
        {
            "fiscalDateEnding": "2017-01-31",
            "totalCurrentAssets": "1679000000",
            "cashAndShortTermInvestments": "637000000",
            "totalCurrentLiabilities": "2803000000",
            "currentDebt": "687000000",
            "netIncome": "13000000",
            "capitalExpenditures": "46000000",
            "operatingCashflow": "292000000",
            "grossProfit": "257000000",
            "totalRevenue": "1016000000",
            "sentiment": 0,
            "surprise": "0.01",
            "closePrice": "114.528188644081"
        },
        {
            "fiscalDateEnding": "2016-10-31",
            "totalCurrentAssets": "1262000000",
            "cashAndShortTermInvestments": "605000000",
            "totalCurrentLiabilities": "2181000000",
            "currentDebt": "625000000",
            "netIncome": "-30000000",
            "capitalExpenditures": "86000000",
            "operatingCashflow": "-205000000",
            "grossProfit": "179000000",
            "totalRevenue": "778000000",
            "sentiment": 0,
            "surprise": "0.03",
            "closePrice": "107.667754185553"
        },
        {
            "fiscalDateEnding": "2016-07-31",
            "totalCurrentAssets": "1614000000",
            "cashAndShortTermInvestments": "1080000000",
            "totalCurrentLiabilities": "2251000000",
            "currentDebt": "512000000",
            "netIncome": "-40000000",
            "capitalExpenditures": "73000000",
            "operatingCashflow": "-281000000",
            "grossProfit": "583000000",
            "totalRevenue": "780000000",
            "sentiment": 0,
            "surprise": "0.1",
            "closePrice": "107.369482138858"
        },
        {
            "fiscalDateEnding": "2016-04-30",
            "totalCurrentAssets": "2311000000",
            "cashAndShortTermInvestments": "1613000000",
            "totalCurrentLiabilities": "2865000000",
            "currentDebt": "500000000",
            "netIncome": "1026000000",
            "capitalExpenditures": "55000000",
            "operatingCashflow": "1612000000",
            "grossProfit": "1508000000",
            "totalRevenue": "2294000000",
            "sentiment": 0,
            "surprise": "0.22",
            "closePrice": "100.94838984331"
        },
        {
            "fiscalDateEnding": "2016-01-31",
            "totalCurrentAssets": "1467000000",
            "cashAndShortTermInvestments": "334000000",
            "totalCurrentLiabilities": "2349000000",
            "currentDebt": "245000000",
            "netIncome": "24000000",
            "capitalExpenditures": "324000000",
            "operatingCashflow": "317000000",
            "grossProfit": "244000000",
            "totalRevenue": "914000000",
            "sentiment": 0,
            "surprise": "0.06",
            "closePrice": "93.8646537770111"
        },
        {
            "fiscalDateEnding": "2015-10-31",
            "totalCurrentAssets": "1427000000",
            "cashAndShortTermInvestments": "474000000",
            "totalCurrentLiabilities": "1887000000",
            "currentDebt": "350000000",
            "netIncome": "-31000000",
            "capitalExpenditures": "70000000",
            "operatingCashflow": "-188000000",
            "grossProfit": "183000000",
            "totalRevenue": "706000000",
            "sentiment": 0,
            "surprise": "0.13",
            "closePrice": "91.0896232971651"
        },
        {
            "fiscalDateEnding": "2015-07-31",
            "totalCurrentAssets": "2560000000",
            "cashAndShortTermInvestments": "1697000000",
            "totalCurrentLiabilities": "1744000000",
            "currentDebt": "0",
            "netIncome": "14000000",
            "capitalExpenditures": "78000000",
            "operatingCashflow": "-133000000",
            "grossProfit": "520000000",
            "totalRevenue": "696000000",
            "sentiment": 0,
            "surprise": "0.06",
            "closePrice": "95.9252060679093"
        },
        {
            "fiscalDateEnding": "2015-04-30",
            "totalCurrentAssets": "2867000000",
            "cashAndShortTermInvestments": "2084000000",
            "totalCurrentLiabilities": "2126000000",
            "currentDebt": "None",
            "netIncome": "501000000",
            "capitalExpenditures": "67000000",
            "operatingCashflow": "1475000000",
            "grossProfit": "1127000000",
            "totalRevenue": "2187000000",
            "sentiment": 0,
            "surprise": "0.11",
            "closePrice": "96.8374345474827"
        },
        {
            "fiscalDateEnding": "2015-01-31",
            "totalCurrentAssets": "2578000000",
            "cashAndShortTermInvestments": "1367000000",
            "totalCurrentLiabilities": "2109000000",
            "currentDebt": "None",
            "netIncome": "-66000000",
            "capitalExpenditures": "61000000",
            "operatingCashflow": "365000000",
            "grossProfit": "104000000",
            "totalRevenue": "801000000",
            "sentiment": 0,
            "surprise": "0.07",
            "closePrice": "84.4891436285794"
        },
        {
            "fiscalDateEnding": "2014-10-31",
            "totalCurrentAssets": "2437000000",
            "cashAndShortTermInvestments": "1589000000",
            "totalCurrentLiabilities": "1360000000",
            "currentDebt": "None",
            "netIncome": "-84000000",
            "capitalExpenditures": "55000000",
            "operatingCashflow": "-118000000",
            "grossProfit": "89000000",
            "totalRevenue": "665000000",
            "sentiment": 0,
            "surprise": "0.1",
            "closePrice": "83.9002059428197"
        },
        {
            "fiscalDateEnding": "2014-07-31",
            "totalCurrentAssets": "2621000000",
            "cashAndShortTermInvestments": "1914000000",
            "totalCurrentLiabilities": "1421000000",
            "currentDebt": "None",
            "netIncome": "-29000000",
            "capitalExpenditures": "70000000",
            "operatingCashflow": "-84000000",
            "grossProfit": "535000000",
            "totalRevenue": "714000000",
            "sentiment": 0,
            "surprise": "-0.08",
            "closePrice": "79.1145420989355"
        },
        {
            "fiscalDateEnding": "2014-04-30",
            "totalCurrentAssets": "3438000000",
            "cashAndShortTermInvestments": "2633000000",
            "totalCurrentLiabilities": "1683000000",
            "currentDebt": "None",
            "netIncome": "984000000",
            "capitalExpenditures": "38000000",
            "operatingCashflow": "1388000000",
            "grossProfit": "1678000000",
            "totalRevenue": "2380000000",
            "sentiment": 0,
            "surprise": "0.03",
            "closePrice": "70.6789565217422"
        },
        {
            "fiscalDateEnding": "2014-01-31",
            "totalCurrentAssets": "2541000000",
            "cashAndShortTermInvestments": "1331000000",
            "totalCurrentLiabilities": "1790000000",
            "currentDebt": "None",
            "netIncome": "-37000000",
            "capitalExpenditures": "46000000",
            "operatingCashflow": "332000000",
            "grossProfit": "138000000",
            "totalRevenue": "774000000",
            "sentiment": 0,
            "surprise": "0",
            "closePrice": "67.7559874236823"
        },
        {
            "fiscalDateEnding": "2013-10-31",
            "totalCurrentAssets": "1950000000",
            "cashAndShortTermInvestments": "1116000000",
            "totalCurrentLiabilities": "1153000000",
            "currentDebt": "None",
            "netIncome": "-11000000",
            "capitalExpenditures": "47000000",
            "operatingCashflow": "-190000000",
            "grossProfit": "91000000",
            "totalRevenue": "614000000",
            "sentiment": 0,
            "surprise": "0.03",
            "closePrice": "66.9564976728692"
        },
        {
            "fiscalDateEnding": "2013-07-31",
            "totalCurrentAssets": "2396000000",
            "cashAndShortTermInvestments": "1661000000",
            "totalCurrentLiabilities": "1280000000",
            "currentDebt": "None",
            "netIncome": "-16000000",
            "capitalExpenditures": "62000000",
            "operatingCashflow": "-194000000",
            "grossProfit": "507000000",
            "totalRevenue": "634000000",
            "sentiment": 0,
            "surprise": "None",
            "closePrice": "57.6187360128893"
        },
        {
            "fiscalDateEnding": "2013-04-30",
            "totalCurrentAssets": "2700000000",
            "cashAndShortTermInvestments": "1995000000",
            "totalCurrentLiabilities": "1546000000",
            "currentDebt": "None",
            "netIncome": "822000000",
            "capitalExpenditures": "32000000",
            "operatingCashflow": "1449000000",
            "grossProfit": "1469000000",
            "totalRevenue": "2170000000",
            "sentiment": 0,
            "surprise": "0.04",
            "closePrice": "52.6855859706945"
        },
        {
            "fiscalDateEnding": "2013-01-31",
            "totalCurrentAssets": "1912000000",
            "cashAndShortTermInvestments": "678000000",
            "totalCurrentLiabilities": "1596000000",
            "currentDebt": "None",
            "netIncome": "71000000",
            "capitalExpenditures": "45000000",
            "operatingCashflow": "256000000",
            "grossProfit": "272000000",
            "totalRevenue": "961000000",
            "sentiment": 0,
            "surprise": "0.03",
            "closePrice": "55.6408544660071"
        },
        {
            "fiscalDateEnding": "2012-10-31",
            "totalCurrentAssets": "1334000000",
            "cashAndShortTermInvestments": "558000000",
            "totalCurrentLiabilities": "1074000000",
            "currentDebt": "None",
            "netIncome": "-19000000",
            "capitalExpenditures": "70000000",
            "operatingCashflow": "-145000000",
            "grossProfit": "108000000",
            "totalRevenue": "639000000",
            "sentiment": 0,
            "surprise": "0.03",
            "closePrice": "53.1976570923726"
        },
        {
            "fiscalDateEnding": "2012-07-31",
            "totalCurrentAssets": "1523000000",
            "cashAndShortTermInvestments": "744000000",
            "totalCurrentLiabilities": "1265000000",
            "currentDebt": "None",
            "netIncome": "4000000",
            "capitalExpenditures": "71000000",
            "operatingCashflow": "-182000000",
            "grossProfit": "460000000",
            "totalRevenue": "651000000",
            "sentiment": 0,
            "surprise": "-0.03",
            "closePrice": "53.2125839867356"
        },
        {
            "fiscalDateEnding": "2012-04-30",
            "totalCurrentAssets": "2330000000",
            "cashAndShortTermInvestments": "1522000000",
            "totalCurrentLiabilities": "1587000000",
            "currentDebt": "None",
            "netIncome": "822000000",
            "capitalExpenditures": "33000000",
            "operatingCashflow": "1278000000",
            "grossProfit": "1264000000",
            "totalRevenue": "1933000000",
            "sentiment": 0,
            "surprise": "0.03",
            "closePrice": "48.9875370298597"
        },
        {
            "fiscalDateEnding": "2012-01-31",
            "totalCurrentAssets": "2174000000",
            "cashAndShortTermInvestments": "959000000",
            "totalCurrentLiabilities": "2053000000",
            "currentDebt": "500000000",
            "netIncome": "71000000",
            "capitalExpenditures": "48000000",
            "operatingCashflow": "260000000",
            "grossProfit": "354000000",
            "totalRevenue": "1003000000",
            "sentiment": 0,
            "surprise": "0.06",
            "closePrice": "51.657954733482"
        },
        {
            "fiscalDateEnding": "2011-10-31",
            "totalCurrentAssets": "1880000000",
            "cashAndShortTermInvestments": "1051000000",
            "totalCurrentLiabilities": "1636000000",
            "currentDebt": "500000000",
            "netIncome": "-19000000",
            "capitalExpenditures": "44000000",
            "operatingCashflow": "-110000000",
            "grossProfit": "79000000",
            "totalRevenue": "579000000",
            "sentiment": 0,
            "surprise": "0.02",
            "closePrice": "46.3451245577326"
        },
        {
            "fiscalDateEnding": "2011-07-31",
            "totalCurrentAssets": "2254000000",
            "cashAndShortTermInvestments": "1421000000",
            "totalCurrentLiabilities": "1805000000",
            "currentDebt": "500000000",
            "netIncome": "-57000000",
            "capitalExpenditures": "59000000",
            "operatingCashflow": "-172000000",
            "grossProfit": "429000000",
            "totalRevenue": "593000000",
            "sentiment": 0,
            "surprise": "None",
            "closePrice": "35.9767498063754"
        },
        {
            "fiscalDateEnding": "2011-04-30",
            "totalCurrentAssets": "2644000000",
            "cashAndShortTermInvestments": "1828000000",
            "totalCurrentLiabilities": "2044000000",
            "currentDebt": "500000000",
            "netIncome": "734000000",
            "capitalExpenditures": "31000000",
            "operatingCashflow": "1138000000",
            "grossProfit": "1210000000",
            "totalRevenue": "1833000000",
            "sentiment": 0,
            "surprise": "0.06",
            "closePrice": "49.9032336023917"
        },
        {
            "fiscalDateEnding": "2011-01-31",
            "totalCurrentAssets": "2024000000",
            "cashAndShortTermInvestments": "892000000",
            "totalCurrentLiabilities": "1504000000",
            "currentDebt": "None",
            "netIncome": "118000000",
            "capitalExpenditures": "84000000",
            "operatingCashflow": "258000000",
            "grossProfit": "254000000",
            "totalRevenue": "863000000",
            "sentiment": 0,
            "surprise": "0.02",
            "closePrice": "45.028964273786"
        },
        {
            "fiscalDateEnding": "2010-10-31",
            "totalCurrentAssets": "2010000000",
            "cashAndShortTermInvestments": "1174000000",
            "totalCurrentLiabilities": "1136000000",
            "currentDebt": "None",
            "netIncome": "-64000000",
            "capitalExpenditures": "51000000",
            "operatingCashflow": "-211000000",
            "grossProfit": "37000000",
            "totalRevenue": "517000000",
            "sentiment": 0,
            "surprise": "0",
            "closePrice": "43.0292640364093"
        },
        {
            "fiscalDateEnding": "2010-07-31",
            "totalCurrentAssets": "2295000000",
            "cashAndShortTermInvestments": "1622000000",
            "totalCurrentLiabilities": "1221000000",
            "currentDebt": "None",
            "netIncome": "-48000000",
            "capitalExpenditures": "63000000",
            "operatingCashflow": "-151000000",
            "grossProfit": "385000000",
            "totalRevenue": "537000000",
            "sentiment": 0,
            "surprise": "0.05",
            "closePrice": "34.6108831263815"
        },
        {
            "fiscalDateEnding": "2010-04-30",
            "totalCurrentAssets": "2577000000",
            "cashAndShortTermInvestments": "1929000000",
            "totalCurrentLiabilities": "1407000000",
            "currentDebt": "None",
            "netIncome": "688000000",
            "capitalExpenditures": "34000000",
            "operatingCashflow": "1044000000",
            "grossProfit": "1014000000",
            "totalRevenue": "1592000000",
            "sentiment": 0,
            "surprise": "0.07",
            "closePrice": "30.1294120586891"
        },
        {
            "fiscalDateEnding": "2010-01-31",
            "totalCurrentAssets": "1916000000",
            "cashAndShortTermInvestments": "946000000",
            "totalCurrentLiabilities": "1354000000",
            "currentDebt": "None",
            "netIncome": "73000000",
            "capitalExpenditures": "34000000",
            "operatingCashflow": "245000000",
            "grossProfit": "268000000",
            "totalRevenue": "822000000",
            "sentiment": 0,
            "surprise": "0.06",
            "closePrice": "27.067371070206"
        },
        {
            "fiscalDateEnding": "2009-10-31",
            "totalCurrentAssets": "1636000000",
            "cashAndShortTermInvestments": "927000000",
            "totalCurrentLiabilities": "1020000000",
            "currentDebt": "None",
            "netIncome": "-70000000",
            "capitalExpenditures": "32000000",
            "operatingCashflow": "-140000000",
            "grossProfit": "28000000",
            "totalRevenue": "477000000",
            "sentiment": 0,
            "surprise": "0.06",
            "closePrice": "27.0227349041931"
        }
    ]
}