{
    "IPGP": [
        {
            "fiscalDateEnding": "2023-12-31",
            "totalCurrentAssets": "1914654000",
            "cashAndShortTermInvestments": "1177481000",
            "totalCurrentLiabilities": "214861000",
            "currentDebt": "None",
            "netIncome": "41428000",
            "capitalExpenditures": "25227000",
            "operatingCashflow": "106062000",
            "grossProfit": "114167000",
            "totalRevenue": "298893000",
            "sentiment": 0.07323439171771255,
            "surprise": "-0.06",
            "closePrice": "86.99"
        },
        {
            "fiscalDateEnding": "2023-09-30",
            "totalCurrentAssets": "1920460000",
            "cashAndShortTermInvestments": "1133491000",
            "totalCurrentLiabilities": "219709000",
            "currentDebt": "None",
            "netIncome": "54994000",
            "capitalExpenditures": "26117000",
            "operatingCashflow": "85978000",
            "grossProfit": "132902000",
            "totalRevenue": "301401000",
            "sentiment": 0.22914470182946584,
            "surprise": "0.15",
            "closePrice": "85.9"
        },
        {
            "fiscalDateEnding": "2023-06-30",
            "totalCurrentAssets": "1924068000",
            "cashAndShortTermInvestments": "1096412000",
            "totalCurrentLiabilities": "228187000",
            "currentDebt": "None",
            "netIncome": "62321000",
            "capitalExpenditures": "25735000",
            "operatingCashflow": "66666000",
            "grossProfit": "147691000",
            "totalRevenue": "339971000",
            "sentiment": 0.30999319095656064,
            "surprise": "0.07",
            "closePrice": "108.36"
        },
        {
            "fiscalDateEnding": "2023-03-31",
            "totalCurrentAssets": "1915587000",
            "cashAndShortTermInvestments": "1069610000",
            "totalCurrentLiabilities": "249522000",
            "currentDebt": "15734000",
            "netIncome": "60135000",
            "capitalExpenditures": "33404000",
            "operatingCashflow": "37280000",
            "grossProfit": "146938000",
            "totalRevenue": "347174000",
            "sentiment": 0.1590875154602789,
            "surprise": "0.11",
            "closePrice": "119.69"
        },
        {
            "fiscalDateEnding": "2022-12-31",
            "totalCurrentAssets": "1986274000",
            "cashAndShortTermInvestments": "1177583000",
            "totalCurrentLiabilities": "274646000",
            "currentDebt": "16031000",
            "netIncome": "-92895000",
            "capitalExpenditures": "25589000",
            "operatingCashflow": "41623000",
            "grossProfit": "60824000",
            "totalRevenue": "333539000",
            "sentiment": 0.16623436850030823,
            "surprise": "0.19",
            "closePrice": "125.55"
        },
        {
            "fiscalDateEnding": "2022-09-30",
            "totalCurrentAssets": "2119087000",
            "cashAndShortTermInvestments": "1234683000",
            "totalCurrentLiabilities": "295788000",
            "currentDebt": "16328000",
            "netIncome": "76264000",
            "capitalExpenditures": "24649000",
            "operatingCashflow": "75865000",
            "grossProfit": "150424000",
            "totalRevenue": "349006000",
            "sentiment": 0.08301451791557218,
            "surprise": "0.34",
            "closePrice": "85.48"
        },
        {
            "fiscalDateEnding": "2022-06-30",
            "totalCurrentAssets": "2170851000",
            "cashAndShortTermInvestments": "1234653000",
            "totalCurrentLiabilities": "315902000",
            "currentDebt": "32225000",
            "netIncome": "56968000",
            "capitalExpenditures": "34726000",
            "operatingCashflow": "78738000",
            "grossProfit": "172344000",
            "totalRevenue": "377023000",
            "sentiment": 0.05903383548395115,
            "surprise": "-0.05",
            "closePrice": "102.64"
        },
        {
            "fiscalDateEnding": "2022-03-31",
            "totalCurrentAssets": "2282834000",
            "cashAndShortTermInvestments": "1416678000",
            "totalCurrentLiabilities": "279836000",
            "currentDebt": "17459000",
            "netIncome": "69572000",
            "capitalExpenditures": "25177000",
            "operatingCashflow": "16423000",
            "grossProfit": "171821000",
            "totalRevenue": "369979000",
            "sentiment": -0.042649683632898935,
            "surprise": "0.33",
            "closePrice": "106.82"
        },
        {
            "fiscalDateEnding": "2021-12-31",
            "totalCurrentAssets": "2347683000",
            "cashAndShortTermInvestments": "1514505000",
            "totalCurrentLiabilities": "313433000",
            "currentDebt": "18126000",
            "netIncome": "65087000",
            "capitalExpenditures": "29251000",
            "operatingCashflow": "84544000",
            "grossProfit": "166005000",
            "totalRevenue": "364467000",
            "sentiment": 0,
            "surprise": "0.02",
            "closePrice": "137.55"
        },
        {
            "fiscalDateEnding": "2021-09-30",
            "totalCurrentAssets": "2325175000",
            "cashAndShortTermInvestments": "1519007000",
            "totalCurrentLiabilities": "292840000",
            "currentDebt": "18788000",
            "netIncome": "75402000",
            "capitalExpenditures": "39513000",
            "operatingCashflow": "101966000",
            "grossProfit": "185874000",
            "totalRevenue": "379150000",
            "sentiment": 0,
            "surprise": "0.13",
            "closePrice": "177.34"
        },
        {
            "fiscalDateEnding": "2021-06-30",
            "totalCurrentAssets": "2290592000",
            "cashAndShortTermInvestments": "1497409000",
            "totalCurrentLiabilities": "255905000",
            "currentDebt": "3846000",
            "netIncome": "69800000",
            "capitalExpenditures": "26923000",
            "operatingCashflow": "115647000",
            "grossProfit": "180528000",
            "totalRevenue": "371658000",
            "sentiment": 0,
            "surprise": "-0.12",
            "closePrice": "177.69"
        },
        {
            "fiscalDateEnding": "2021-03-31",
            "totalCurrentAssets": "2202261000",
            "cashAndShortTermInvestments": "1444937000",
            "totalCurrentLiabilities": "214753000",
            "currentDebt": "3828000",
            "netIncome": "68127000",
            "capitalExpenditures": "27421000",
            "operatingCashflow": "87543000",
            "grossProfit": "163991000",
            "totalRevenue": "345585000",
            "sentiment": 0,
            "surprise": "0.16",
            "closePrice": "189.49"
        },
        {
            "fiscalDateEnding": "2020-12-31",
            "totalCurrentAssets": "2148077000",
            "cashAndShortTermInvestments": "1391066000",
            "totalCurrentLiabilities": "214578000",
            "currentDebt": "3810000",
            "netIncome": "49339000",
            "capitalExpenditures": "25825000",
            "operatingCashflow": "85318000",
            "grossProfit": "146879000",
            "totalRevenue": "336630000",
            "sentiment": 0,
            "surprise": "-0.06",
            "closePrice": "256.49"
        },
        {
            "fiscalDateEnding": "2020-09-30",
            "totalCurrentAssets": "2031653000",
            "cashAndShortTermInvestments": "1301616000",
            "totalCurrentLiabilities": "201445000",
            "currentDebt": "3792000",
            "netIncome": "35604000",
            "capitalExpenditures": "24501000",
            "operatingCashflow": "69761000",
            "grossProfit": "152792000",
            "totalRevenue": "318441000",
            "sentiment": 0,
            "surprise": "-0.23",
            "closePrice": "185.96"
        },
        {
            "fiscalDateEnding": "2020-06-30",
            "totalCurrentAssets": "1950526000",
            "cashAndShortTermInvestments": "1248899000",
            "totalCurrentLiabilities": "195286000",
            "currentDebt": "3775000",
            "netIncome": "38226000",
            "capitalExpenditures": "19569000",
            "operatingCashflow": "73475000",
            "grossProfit": "136449000",
            "totalRevenue": "296411000",
            "sentiment": 0,
            "surprise": "0.13",
            "closePrice": "167.66"
        },
        {
            "fiscalDateEnding": "2020-03-31",
            "totalCurrentAssets": "1874526000",
            "cashAndShortTermInvestments": "1195143000",
            "totalCurrentLiabilities": "195432000",
            "currentDebt": "8723000",
            "netIncome": "36403000",
            "capitalExpenditures": "17801000",
            "operatingCashflow": "56781000",
            "grossProfit": "102876000",
            "totalRevenue": "249242000",
            "sentiment": 0,
            "surprise": "0.21",
            "closePrice": "144.1"
        },
        {
            "fiscalDateEnding": "2019-12-31",
            "totalCurrentAssets": "1896634000",
            "cashAndShortTermInvestments": "1182616000",
            "totalCurrentLiabilities": "191904000",
            "currentDebt": "9040000",
            "netIncome": "-4450000",
            "capitalExpenditures": "25996000",
            "operatingCashflow": "129939000",
            "grossProfit": "124203000",
            "totalRevenue": "306627000",
            "sentiment": 0,
            "surprise": "-0.05",
            "closePrice": "149.97"
        },
        {
            "fiscalDateEnding": "2019-09-30",
            "totalCurrentAssets": "1865515000",
            "cashAndShortTermInvestments": "1078837000",
            "totalCurrentLiabilities": "205563000",
            "currentDebt": "9037000",
            "netIncome": "57253000",
            "capitalExpenditures": "21048000",
            "operatingCashflow": "91803000",
            "grossProfit": "152858000",
            "totalRevenue": "329138000",
            "sentiment": 0,
            "surprise": "-0.14",
            "closePrice": "124.45"
        },
        {
            "fiscalDateEnding": "2019-06-30",
            "totalCurrentAssets": "1863082000",
            "cashAndShortTermInvestments": "1042829000",
            "totalCurrentLiabilities": "222228000",
            "currentDebt": "9352000",
            "netIncome": "72272000",
            "capitalExpenditures": "53504000",
            "operatingCashflow": "58124000",
            "grossProfit": "180237000",
            "totalRevenue": "363769000",
            "sentiment": 0,
            "surprise": "-0.04",
            "closePrice": "137.22"
        },
        {
            "fiscalDateEnding": "2019-03-31",
            "totalCurrentAssets": "1792094000",
            "cashAndShortTermInvestments": "1030077000",
            "totalCurrentLiabilities": "209816000",
            "currentDebt": "3688000",
            "netIncome": "55159000",
            "capitalExpenditures": "32988000",
            "operatingCashflow": "43655000",
            "grossProfit": "148911000",
            "totalRevenue": "315047000",
            "sentiment": 0,
            "surprise": "-0.01",
            "closePrice": "174.73"
        },
        {
            "fiscalDateEnding": "2018-12-31",
            "totalCurrentAssets": "1805424000",
            "cashAndShortTermInvestments": "1044790000",
            "totalCurrentLiabilities": "245774000",
            "currentDebt": "3671000",
            "netIncome": "75559000",
            "capitalExpenditures": "26988000",
            "operatingCashflow": "113050000",
            "grossProfit": "166747000",
            "totalRevenue": "330050000",
            "sentiment": 0,
            "surprise": "-0.01",
            "closePrice": "147.15"
        },
        {
            "fiscalDateEnding": "2018-09-30",
            "totalCurrentAssets": "1882285000",
            "cashAndShortTermInvestments": "1122028000",
            "totalCurrentLiabilities": "217985000",
            "currentDebt": "3654000",
            "netIncome": "100517000",
            "capitalExpenditures": "36839000",
            "operatingCashflow": "71700000",
            "grossProfit": "195184000",
            "totalRevenue": "356346000",
            "sentiment": 0,
            "surprise": "-0.01",
            "closePrice": "141.8"
        },
        {
            "fiscalDateEnding": "2018-06-30",
            "totalCurrentAssets": "1836035000",
            "cashAndShortTermInvestments": "1125762000",
            "totalCurrentLiabilities": "210279000",
            "currentDebt": "3637000",
            "netIncome": "121617000",
            "capitalExpenditures": "57403000",
            "operatingCashflow": "108898000",
            "grossProfit": "234975000",
            "totalRevenue": "413613000",
            "sentiment": 0,
            "surprise": "-0.05",
            "closePrice": "164.04"
        },
        {
            "fiscalDateEnding": "2018-03-31",
            "totalCurrentAssets": "1864886000",
            "cashAndShortTermInvestments": "1175909000",
            "totalCurrentLiabilities": "195560000",
            "currentDebt": "3621000",
            "netIncome": "106334000",
            "capitalExpenditures": "39113000",
            "operatingCashflow": "99653000",
            "grossProfit": "203362000",
            "totalRevenue": "359864000",
            "sentiment": 0,
            "surprise": "0.14",
            "closePrice": "233.29"
        },
        {
            "fiscalDateEnding": "2017-12-31",
            "totalCurrentAssets": "1754010000",
            "cashAndShortTermInvestments": "1116157000",
            "totalCurrentLiabilities": "198903000",
            "currentDebt": "3604000",
            "netIncome": "52956000",
            "capitalExpenditures": "27314000",
            "operatingCashflow": "108545000",
            "grossProfit": "208793000",
            "totalRevenue": "361055000",
            "sentiment": 0,
            "surprise": "0.14",
            "closePrice": "239.36"
        },
        {
            "fiscalDateEnding": "2017-09-30",
            "totalCurrentAssets": "1642539000",
            "cashAndShortTermInvestments": "1045922000",
            "totalCurrentLiabilities": "182191000",
            "currentDebt": "3576000",
            "netIncome": "115597000",
            "capitalExpenditures": "55589000",
            "operatingCashflow": "163748000",
            "grossProfit": "224555000",
            "totalRevenue": "392615000",
            "sentiment": 0,
            "surprise": "0.29",
            "closePrice": "212.91"
        },
        {
            "fiscalDateEnding": "2017-06-30",
            "totalCurrentAssets": "1510774000",
            "cashAndShortTermInvestments": "930415000",
            "totalCurrentLiabilities": "156785000",
            "currentDebt": "1188000",
            "netIncome": "104116000",
            "capitalExpenditures": "21757000",
            "operatingCashflow": "82282000",
            "grossProfit": "206296000",
            "totalRevenue": "369373000",
            "sentiment": 0,
            "surprise": "0.27",
            "closePrice": "166.39"
        },
        {
            "fiscalDateEnding": "2017-03-31",
            "totalCurrentAssets": "1391014000",
            "cashAndShortTermInvestments": "862803000",
            "totalCurrentLiabilities": "157736000",
            "currentDebt": "3188000",
            "netIncome": "74945000",
            "capitalExpenditures": "21875000",
            "operatingCashflow": "50820000",
            "grossProfit": "157267000",
            "totalRevenue": "285846000",
            "sentiment": 0,
            "surprise": "0.18",
            "closePrice": "136.2"
        },
        {
            "fiscalDateEnding": "2016-12-31",
            "totalCurrentAssets": "1300962000",
            "cashAndShortTermInvestments": "830634000",
            "totalCurrentLiabilities": "158275000",
            "currentDebt": "3188000",
            "netIncome": "75133000",
            "capitalExpenditures": "26995000",
            "operatingCashflow": "101851000",
            "grossProfit": "155336000",
            "totalRevenue": "280122000",
            "sentiment": 0,
            "surprise": "-0.01",
            "closePrice": "117.02"
        },
        {
            "fiscalDateEnding": "2016-09-30",
            "totalCurrentAssets": "1276498000",
            "cashAndShortTermInvestments": "772528000",
            "totalCurrentLiabilities": "155627000",
            "currentDebt": "3188000",
            "netIncome": "69235000",
            "capitalExpenditures": "29184000",
            "operatingCashflow": "87541000",
            "grossProfit": "144791000",
            "totalRevenue": "266017000",
            "sentiment": 0,
            "surprise": "0.06",
            "closePrice": "94.1"
        },
        {
            "fiscalDateEnding": "2016-06-30",
            "totalCurrentAssets": "1197247000",
            "cashAndShortTermInvestments": "714080000",
            "totalCurrentLiabilities": "134976000",
            "currentDebt": "3188000",
            "netIncome": "67058000",
            "capitalExpenditures": "45903000",
            "operatingCashflow": "43407000",
            "grossProfit": "137703000",
            "totalRevenue": "252787000",
            "sentiment": 0,
            "surprise": "0.06",
            "closePrice": "84.25"
        },
        {
            "fiscalDateEnding": "2016-03-31",
            "totalCurrentAssets": "1197639000",
            "cashAndShortTermInvestments": "739965000",
            "totalCurrentLiabilities": "150671000",
            "currentDebt": "2000000",
            "netIncome": "49326000",
            "capitalExpenditures": "24960000",
            "operatingCashflow": "64897000",
            "grossProfit": "114410000",
            "totalRevenue": "207248000",
            "sentiment": 0,
            "surprise": "-0.06",
            "closePrice": "86.47"
        },
        {
            "fiscalDateEnding": "2015-12-31",
            "totalCurrentAssets": "1102589000",
            "cashAndShortTermInvestments": "689116000",
            "totalCurrentLiabilities": "141790000",
            "currentDebt": "2000000",
            "netIncome": "60704000",
            "capitalExpenditures": "19360000",
            "operatingCashflow": "68871000",
            "grossProfit": "122043000",
            "totalRevenue": "223626000",
            "sentiment": 0,
            "surprise": "0.05",
            "closePrice": "76.07"
        },
        {
            "fiscalDateEnding": "2015-09-30",
            "totalCurrentAssets": "1078072000",
            "cashAndShortTermInvestments": "651220000",
            "totalCurrentLiabilities": "148850000",
            "currentDebt": "2000000",
            "netIncome": "62792000",
            "capitalExpenditures": "18153000",
            "operatingCashflow": "93201000",
            "grossProfit": "133304000",
            "totalRevenue": "243541000",
            "sentiment": 0,
            "surprise": "-0.03",
            "closePrice": "79.42"
        },
        {
            "fiscalDateEnding": "2015-06-30",
            "totalCurrentAssets": "1002370000",
            "cashAndShortTermInvestments": "571508000",
            "totalCurrentLiabilities": "125771000",
            "currentDebt": "2000000",
            "netIncome": "61299000",
            "capitalExpenditures": "18579000",
            "operatingCashflow": "49402000",
            "grossProfit": "128703000",
            "totalRevenue": "235138000",
            "sentiment": 0,
            "surprise": "0.04",
            "closePrice": "89.71"
        },
        {
            "fiscalDateEnding": "2015-03-31",
            "totalCurrentAssets": "931028000",
            "cashAndShortTermInvestments": "541474000",
            "totalCurrentLiabilities": "123130000",
            "currentDebt": "13000000",
            "netIncome": "57359000",
            "capitalExpenditures": "14027000",
            "operatingCashflow": "52008000",
            "grossProfit": "107827000",
            "totalRevenue": "198960000",
            "sentiment": 0,
            "surprise": "0.1",
            "closePrice": "92.815"
        },
        {
            "fiscalDateEnding": "2014-12-31",
            "totalCurrentAssets": "893838000",
            "cashAndShortTermInvestments": "522150000",
            "totalCurrentLiabilities": "122075000",
            "currentDebt": "13333000",
            "netIncome": "56431000",
            "capitalExpenditures": "15878000",
            "operatingCashflow": "56018000",
            "grossProfit": "113917000",
            "totalRevenue": "207402000",
            "sentiment": 0,
            "surprise": "0.03",
            "closePrice": "93.28"
        },
        {
            "fiscalDateEnding": "2014-09-30",
            "totalCurrentAssets": "863254000",
            "cashAndShortTermInvestments": "487518000",
            "totalCurrentLiabilities": "128013000",
            "currentDebt": "11667000",
            "netIncome": "55200000",
            "capitalExpenditures": "28942000",
            "operatingCashflow": "47212000",
            "grossProfit": "109090000",
            "totalRevenue": "199651000",
            "sentiment": 0,
            "surprise": "0.08",
            "closePrice": "69.43"
        },
        {
            "fiscalDateEnding": "2014-06-30",
            "totalCurrentAssets": "854092000",
            "cashAndShortTermInvestments": "483432000",
            "totalCurrentLiabilities": "113172000",
            "currentDebt": "12000000",
            "netIncome": "48283000",
            "capitalExpenditures": "34325000",
            "operatingCashflow": "33484000",
            "grossProfit": "104227000",
            "totalRevenue": "192204000",
            "sentiment": 0,
            "surprise": "0.07",
            "closePrice": "71.16"
        },
        {
            "fiscalDateEnding": "2014-03-31",
            "totalCurrentAssets": "825133000",
            "cashAndShortTermInvestments": "480609000",
            "totalCurrentLiabilities": "103278000",
            "currentDebt": "1333000",
            "netIncome": "40531000",
            "capitalExpenditures": "11456000",
            "operatingCashflow": "43391000",
            "grossProfit": "89284000",
            "totalRevenue": "170575000",
            "sentiment": 0,
            "surprise": "0",
            "closePrice": "64.35"
        },
        {
            "fiscalDateEnding": "2013-12-31",
            "totalCurrentAssets": "786343000",
            "cashAndShortTermInvestments": "448776000",
            "totalCurrentLiabilities": "100079000",
            "currentDebt": "1333000",
            "netIncome": "36595000",
            "capitalExpenditures": "22586000",
            "operatingCashflow": "58406000",
            "grossProfit": "81522000",
            "totalRevenue": "165859000",
            "sentiment": 0,
            "surprise": "-0.05",
            "closePrice": "67.81"
        },
        {
            "fiscalDateEnding": "2013-09-30",
            "totalCurrentAssets": "749208000",
            "cashAndShortTermInvestments": "398355000",
            "totalCurrentLiabilities": "105807000",
            "currentDebt": "1333000",
            "netIncome": "42338000",
            "capitalExpenditures": "14070000",
            "operatingCashflow": "36687000",
            "grossProfit": "92813000",
            "totalRevenue": "172152000",
            "sentiment": 0,
            "surprise": "-0.03",
            "closePrice": "60.1"
        },
        {
            "fiscalDateEnding": "2013-06-30",
            "totalCurrentAssets": "691585000",
            "cashAndShortTermInvestments": "369484000",
            "totalCurrentLiabilities": "95202000",
            "currentDebt": "1333000",
            "netIncome": "41720000",
            "capitalExpenditures": "16517000",
            "operatingCashflow": "35613000",
            "grossProfit": "89922000",
            "totalRevenue": "168171000",
            "sentiment": 0,
            "surprise": "0.02",
            "closePrice": "61.9"
        },
        {
            "fiscalDateEnding": "2013-03-31",
            "totalCurrentAssets": "649371000",
            "cashAndShortTermInvestments": "355715000",
            "totalCurrentLiabilities": "88110000",
            "currentDebt": "1529000",
            "netIncome": "35127000",
            "capitalExpenditures": "17746000",
            "operatingCashflow": "-11339000",
            "grossProfit": "75641000",
            "totalRevenue": "141852000",
            "sentiment": 0,
            "surprise": "-0.03",
            "closePrice": "58.17"
        },
        {
            "fiscalDateEnding": "2012-12-31",
            "totalCurrentAssets": "664959000",
            "cashAndShortTermInvestments": "384053000",
            "totalCurrentLiabilities": "125455000",
            "currentDebt": "1505000",
            "netIncome": "34912000",
            "capitalExpenditures": "16469000",
            "operatingCashflow": "58771000",
            "grossProfit": "75174000",
            "totalRevenue": "145030000",
            "sentiment": 0,
            "surprise": "-0.05",
            "closePrice": "62.76"
        },
        {
            "fiscalDateEnding": "2012-09-30",
            "totalCurrentAssets": "661106000",
            "cashAndShortTermInvestments": "372569000",
            "totalCurrentLiabilities": "121281000",
            "currentDebt": "1572000",
            "netIncome": "42435000",
            "capitalExpenditures": "15749000",
            "operatingCashflow": "38050000",
            "grossProfit": "85959000",
            "totalRevenue": "156379000",
            "sentiment": 0,
            "surprise": "0.01",
            "closePrice": "52.6279767301299"
        },
        {
            "fiscalDateEnding": "2012-06-30",
            "totalCurrentAssets": "602957000",
            "cashAndShortTermInvestments": "355343000",
            "totalCurrentLiabilities": "103778000",
            "currentDebt": "1580000",
            "netIncome": "37742000",
            "capitalExpenditures": "22187000",
            "operatingCashflow": "51450000",
            "grossProfit": "74910000",
            "totalRevenue": "137927000",
            "sentiment": 0,
            "surprise": "0.06",
            "closePrice": "51.3209413720157"
        },
        {
            "fiscalDateEnding": "2012-03-31",
            "totalCurrentAssets": "647678000",
            "cashAndShortTermInvestments": "395522000",
            "totalCurrentLiabilities": "103139000",
            "currentDebt": "1575000",
            "netIncome": "29915000",
            "capitalExpenditures": "13779000",
            "operatingCashflow": "27005000",
            "grossProfit": "68684000",
            "totalRevenue": "123192000",
            "sentiment": 0,
            "surprise": "0.02",
            "closePrice": "54.6281368993654"
        },
        {
            "fiscalDateEnding": "2011-12-31",
            "totalCurrentAssets": "434457000",
            "cashAndShortTermInvestments": "205685000",
            "totalCurrentLiabilities": "93712000",
            "currentDebt": "1613000",
            "netIncome": "31086000",
            "capitalExpenditures": "18257000",
            "operatingCashflow": "31356000",
            "grossProfit": "66424000",
            "totalRevenue": "123524000",
            "sentiment": 0,
            "surprise": "-0.01",
            "closePrice": "54.8954850407978"
        },
        {
            "fiscalDateEnding": "2011-09-30",
            "totalCurrentAssets": "431612000",
            "cashAndShortTermInvestments": "196586000",
            "totalCurrentLiabilities": "110658000",
            "currentDebt": "1546000",
            "netIncome": "32869000",
            "capitalExpenditures": "11964000",
            "operatingCashflow": "29003000",
            "grossProfit": "70459000",
            "totalRevenue": "129064000",
            "sentiment": 0,
            "surprise": "0.02",
            "closePrice": "49.3603883348444"
        },
        {
            "fiscalDateEnding": "2011-06-30",
            "totalCurrentAssets": "399800000",
            "cashAndShortTermInvestments": "188196000",
            "totalCurrentLiabilities": "90828000",
            "currentDebt": "1586000",
            "netIncome": "30736000",
            "capitalExpenditures": "13199000",
            "operatingCashflow": "16838000",
            "grossProfit": "66706000",
            "totalRevenue": "121936000",
            "sentiment": 0,
            "surprise": "0.08",
            "closePrice": "62.4802508310668"
        }
    ]
}