{
    "IT": [
        {
            "fiscalDateEnding": "2023-12-31",
            "totalCurrentAssets": "3427886000",
            "cashAndShortTermInvestments": "1318999000",
            "totalCurrentLiabilities": "3777719000",
            "currentDebt": "9600000",
            "netIncome": "208631000",
            "capitalExpenditures": "27979000",
            "operatingCashflow": "224330000",
            "grossProfit": "282434000",
            "totalRevenue": "1569462000",
            "sentiment": 0.2122354665821461,
            "surprise": "0.21",
            "closePrice": "461.7"
        },
        {
            "fiscalDateEnding": "2023-09-30",
            "totalCurrentAssets": "2837556000",
            "cashAndShortTermInvestments": "1249355000",
            "totalCurrentLiabilities": "3312714000",
            "currentDebt": "9600000",
            "netIncome": "180009000",
            "capitalExpenditures": "28451000",
            "operatingCashflow": "330946000",
            "grossProfit": "265513000",
            "totalRevenue": "1400870000",
            "sentiment": 0.18022286616295768,
            "surprise": "0.6",
            "closePrice": "386.71"
        },
        {
            "fiscalDateEnding": "2023-06-30",
            "totalCurrentAssets": "2899178000",
            "cashAndShortTermInvestments": "1172828000",
            "totalCurrentLiabilities": "3337252000",
            "currentDebt": "9000000",
            "netIncome": "198043000",
            "capitalExpenditures": "25572000",
            "operatingCashflow": "435782000",
            "grossProfit": "301425000",
            "totalRevenue": "1491911000",
            "sentiment": 0.15087701795486927,
            "surprise": "0.34",
            "closePrice": "343.92"
        },
        {
            "fiscalDateEnding": "2023-03-31",
            "totalCurrentAssets": "2903319000",
            "cashAndShortTermInvestments": "893512000",
            "totalCurrentLiabilities": "3454256000",
            "currentDebt": "8400000",
            "netIncome": "295783000",
            "capitalExpenditures": "21122000",
            "operatingCashflow": "164679000",
            "grossProfit": "384462000",
            "totalRevenue": "1532042000",
            "sentiment": 0.17498994529399658,
            "surprise": "0.88",
            "closePrice": "301.99"
        },
        {
            "fiscalDateEnding": "2022-12-31",
            "totalCurrentAssets": "2786107000",
            "cashAndShortTermInvestments": "697999000",
            "totalCurrentLiabilities": "3597600000",
            "currentDebt": "7800000",
            "netIncome": "256814000",
            "capitalExpenditures": "37589000",
            "operatingCashflow": "203109000",
            "grossProfit": "364796000",
            "totalRevenue": "1550842000",
            "sentiment": 0.21120791053452972,
            "surprise": "1.2",
            "closePrice": "352.89"
        },
        {
            "fiscalDateEnding": "2022-09-30",
            "totalCurrentAssets": "1980255000",
            "cashAndShortTermInvestments": "528687000",
            "totalCurrentLiabilities": "3085893000",
            "currentDebt": "7335000",
            "netIncome": "173545000",
            "capitalExpenditures": "32076000",
            "operatingCashflow": "314921000",
            "grossProfit": "256966000",
            "totalRevenue": "1313203000",
            "sentiment": 0.21110103245449327,
            "surprise": "0.54",
            "closePrice": "325.0"
        },
        {
            "fiscalDateEnding": "2022-06-30",
            "totalCurrentAssets": "1981282000",
            "cashAndShortTermInvestments": "360473000",
            "totalCurrentLiabilities": "3178382000",
            "currentDebt": "6868000",
            "netIncome": "204925000",
            "capitalExpenditures": "21092000",
            "operatingCashflow": "415607000",
            "grossProfit": "292814000",
            "totalRevenue": "1358614000",
            "sentiment": 0.06086880558506026,
            "surprise": "0.72",
            "closePrice": "289.69"
        },
        {
            "fiscalDateEnding": "2022-03-31",
            "totalCurrentAssets": "2273929000",
            "cashAndShortTermInvestments": "456175000",
            "totalCurrentLiabilities": "3260416000",
            "currentDebt": "6400000",
            "netIncome": "172515000",
            "capitalExpenditures": "17293000",
            "operatingCashflow": "167785000",
            "grossProfit": "181103000",
            "totalRevenue": "1248289000",
            "sentiment": -0.03952201222300894,
            "surprise": "0.58",
            "closePrice": "281.13"
        },
        {
            "fiscalDateEnding": "2021-12-31",
            "totalCurrentAssets": "2620080000",
            "cashAndShortTermInvestments": "756493000",
            "totalCurrentLiabilities": "3378780000",
            "currentDebt": "5931000",
            "netIncome": "209359000",
            "capitalExpenditures": "21164000",
            "operatingCashflow": "234786000",
            "grossProfit": "-68800000",
            "totalRevenue": "1290353000",
            "sentiment": 0,
            "surprise": "0.57",
            "closePrice": "302.66"
        },
        {
            "fiscalDateEnding": "2021-09-30",
            "totalCurrentAssets": "2108848000",
            "cashAndShortTermInvestments": "765500000",
            "totalCurrentLiabilities": "2904544000",
            "currentDebt": "5326000",
            "netIncome": "148865000",
            "capitalExpenditures": "14191000",
            "operatingCashflow": "345039000",
            "grossProfit": "236485000",
            "totalRevenue": "1135404000",
            "sentiment": 0,
            "surprise": "0.47",
            "closePrice": "339.69"
        },
        {
            "fiscalDateEnding": "2021-06-30",
            "totalCurrentAssets": "2257166000",
            "cashAndShortTermInvestments": "796257000",
            "totalCurrentLiabilities": "2909606000",
            "currentDebt": "5322000",
            "netIncome": "271236000",
            "capitalExpenditures": "11958000",
            "operatingCashflow": "575347000",
            "grossProfit": "285061000",
            "totalRevenue": "1150513000",
            "sentiment": 0,
            "surprise": "0.51",
            "closePrice": "293.67"
        },
        {
            "fiscalDateEnding": "2021-03-31",
            "totalCurrentAssets": "1997856000",
            "cashAndShortTermInvestments": "445995000",
            "totalCurrentLiabilities": "2812421000",
            "currentDebt": "20519000",
            "netIncome": "164100000",
            "capitalExpenditures": "12521000",
            "operatingCashflow": "157298000",
            "grossProfit": "226007000",
            "totalRevenue": "1103993000",
            "sentiment": 0,
            "surprise": "0.95",
            "closePrice": "225.49"
        },
        {
            "fiscalDateEnding": "2020-12-31",
            "totalCurrentAssets": "2323058000",
            "cashAndShortTermInvestments": "712583000",
            "totalCurrentLiabilities": "2947494000",
            "currentDebt": "20515000",
            "netIncome": "119607000",
            "capitalExpenditures": "23043000",
            "operatingCashflow": "260448000",
            "grossProfit": "176178000",
            "totalRevenue": "1111863000",
            "sentiment": 0,
            "surprise": "0.77",
            "closePrice": "183.72"
        },
        {
            "fiscalDateEnding": "2020-09-30",
            "totalCurrentAssets": "1865404000",
            "cashAndShortTermInvestments": "553715000",
            "totalCurrentLiabilities": "2521562000",
            "currentDebt": "20511000",
            "netIncome": "16964000",
            "capitalExpenditures": "14980000",
            "operatingCashflow": "243913000",
            "grossProfit": "43540000",
            "totalRevenue": "926043000",
            "sentiment": 0,
            "surprise": "0.38",
            "closePrice": "140.8"
        },
        {
            "fiscalDateEnding": "2020-06-30",
            "totalCurrentAssets": "1767185000",
            "cashAndShortTermInvestments": "356633000",
            "totalCurrentLiabilities": "2539322000",
            "currentDebt": "38019000",
            "netIncome": "55077000",
            "capitalExpenditures": "21329000",
            "operatingCashflow": "343168000",
            "grossProfit": "104967000",
            "totalRevenue": "953558000",
            "sentiment": 0,
            "surprise": "0.39",
            "closePrice": "126.3"
        },
        {
            "fiscalDateEnding": "2020-03-31",
            "totalCurrentAssets": "1772618000",
            "cashAndShortTermInvestments": "227850000",
            "totalCurrentLiabilities": "2530338000",
            "currentDebt": "225727000",
            "netIncome": "75097000",
            "capitalExpenditures": "24536000",
            "operatingCashflow": "55749000",
            "grossProfit": "111019000",
            "totalRevenue": "1003632000",
            "sentiment": 0,
            "surprise": "0.88",
            "closePrice": "123.81"
        },
        {
            "fiscalDateEnding": "2019-12-31",
            "totalCurrentAssets": "2018741000",
            "cashAndShortTermInvestments": "280836000",
            "totalCurrentLiabilities": "2856534000",
            "currentDebt": "216234000",
            "netIncome": "67701000",
            "capitalExpenditures": "53315000",
            "operatingCashflow": "82835000",
            "grossProfit": "121744000",
            "totalRevenue": "1184391000",
            "sentiment": 0,
            "surprise": "0.37",
            "closePrice": "154.0"
        },
        {
            "fiscalDateEnding": "2019-09-30",
            "totalCurrentAssets": "1706505000",
            "cashAndShortTermInvestments": "306727000",
            "totalCurrentLiabilities": "2527263000",
            "currentDebt": "210603000",
            "netIncome": "41388000",
            "capitalExpenditures": "36222000",
            "operatingCashflow": "219523000",
            "grossProfit": "77725000",
            "totalRevenue": "986634000",
            "sentiment": 0,
            "surprise": "0.27",
            "closePrice": "154.08"
        },
        {
            "fiscalDateEnding": "2019-06-30",
            "totalCurrentAssets": "1691104000",
            "cashAndShortTermInvestments": "218453000",
            "totalCurrentLiabilities": "2482151000",
            "currentDebt": "194407000",
            "netIncome": "103406000",
            "capitalExpenditures": "39419000",
            "operatingCashflow": "227482000",
            "grossProfit": "121283000",
            "totalRevenue": "1056422000",
            "sentiment": 0,
            "surprise": "0.27",
            "closePrice": "138.26"
        },
        {
            "fiscalDateEnding": "2019-03-31",
            "totalCurrentAssets": "1716013000",
            "cashAndShortTermInvestments": "149270000",
            "totalCurrentLiabilities": "2568918000",
            "currentDebt": "204863000",
            "netIncome": "20795000",
            "capitalExpenditures": "20060000",
            "operatingCashflow": "35596000",
            "grossProfit": "24649000",
            "totalRevenue": "943522000",
            "sentiment": 0,
            "surprise": "0.05",
            "closePrice": "155.19"
        },
        {
            "fiscalDateEnding": "2018-12-31",
            "totalCurrentAssets": "1811739000",
            "cashAndShortTermInvestments": "156368000",
            "totalCurrentLiabilities": "2620935000",
            "currentDebt": "165578000",
            "netIncome": "84020000",
            "capitalExpenditures": "62242000",
            "operatingCashflow": "45147000",
            "grossProfit": "502347000",
            "totalRevenue": "1452465000",
            "sentiment": 0,
            "surprise": "-0.05",
            "closePrice": "141.0"
        },
        {
            "fiscalDateEnding": "2018-09-30",
            "totalCurrentAssets": "1535340000",
            "cashAndShortTermInvestments": "210997000",
            "totalCurrentLiabilities": "2343596000",
            "currentDebt": "93294000",
            "netIncome": "11753000",
            "capitalExpenditures": "24505000",
            "operatingCashflow": "249264000",
            "grossProfit": "1981000",
            "totalRevenue": "907730000",
            "sentiment": 0,
            "surprise": "0.23",
            "closePrice": "141.88"
        },
        {
            "fiscalDateEnding": "2018-06-30",
            "totalCurrentAssets": "1608484000",
            "cashAndShortTermInvestments": "141805000",
            "totalCurrentLiabilities": "2513804000",
            "currentDebt": "284009000",
            "netIncome": "46270000",
            "capitalExpenditures": "22447000",
            "operatingCashflow": "174023000",
            "grossProfit": "33825000",
            "totalRevenue": "989192000",
            "sentiment": 0,
            "surprise": "0.07",
            "closePrice": "130.89"
        },
        {
            "fiscalDateEnding": "2018-03-31",
            "totalCurrentAssets": "2310662000",
            "cashAndShortTermInvestments": "189979000",
            "totalCurrentLiabilities": "3185856000",
            "currentDebt": "789724000",
            "netIncome": "-19587000",
            "capitalExpenditures": "17679000",
            "operatingCashflow": "2724000",
            "grossProfit": "979061000",
            "totalRevenue": "1892071000",
            "sentiment": 0,
            "surprise": "0.14",
            "closePrice": "130.53"
        },
        {
            "fiscalDateEnding": "2017-12-31",
            "totalCurrentAssets": "2588608000",
            "cashAndShortTermInvestments": "538908000",
            "totalCurrentLiabilities": "2822585000",
            "currentDebt": "379721000",
            "netIncome": "107307000",
            "capitalExpenditures": "35146000",
            "operatingCashflow": "22250000",
            "grossProfit": "327528000",
            "totalRevenue": "1262797000",
            "sentiment": 0,
            "surprise": "-0.15",
            "closePrice": "124.02"
        },
        {
            "fiscalDateEnding": "2017-09-30",
            "totalCurrentAssets": "1812283000",
            "cashAndShortTermInvestments": "630016000",
            "totalCurrentLiabilities": "2482035000",
            "currentDebt": "419601000",
            "netIncome": "-48180000",
            "capitalExpenditures": "33992000",
            "operatingCashflow": "149549000",
            "grossProfit": "-15271000",
            "totalRevenue": "789323000",
            "sentiment": 0,
            "surprise": "0.13",
            "closePrice": "120.34"
        },
        {
            "fiscalDateEnding": "2017-06-30",
            "totalCurrentAssets": "1759974000",
            "cashAndShortTermInvestments": "589282000",
            "totalCurrentLiabilities": "2243907000",
            "currentDebt": "277578000",
            "netIncome": "-92281000",
            "capitalExpenditures": "30927000",
            "operatingCashflow": "112323000",
            "grossProfit": "-25955000",
            "totalRevenue": "799775000",
            "sentiment": 0,
            "surprise": "0.05",
            "closePrice": "122.3"
        },
        {
            "fiscalDateEnding": "2017-03-31",
            "totalCurrentAssets": "2175695000",
            "cashAndShortTermInvestments": "1227891000",
            "totalCurrentLiabilities": "1470356000",
            "currentDebt": "29366000",
            "netIncome": "36433000",
            "capitalExpenditures": "10700000",
            "operatingCashflow": "-29605000",
            "grossProfit": "60880000",
            "totalRevenue": "619263000",
            "sentiment": 0,
            "surprise": "0.01",
            "closePrice": "112.92"
        },
        {
            "fiscalDateEnding": "2016-12-31",
            "totalCurrentAssets": "1343196000",
            "cashAndShortTermInvestments": "474233000",
            "totalCurrentLiabilities": "1460249000",
            "currentDebt": "30000000",
            "netIncome": "66485000",
            "capitalExpenditures": "12986000",
            "operatingCashflow": "83369000",
            "grossProfit": "114605000",
            "totalRevenue": "699495000",
            "sentiment": 0,
            "surprise": "-0.01",
            "closePrice": "99.15"
        },
        {
            "fiscalDateEnding": "2016-09-30",
            "totalCurrentAssets": "1245949000",
            "cashAndShortTermInvestments": "465734000",
            "totalCurrentLiabilities": "1417424000",
            "currentDebt": "40000000",
            "netIncome": "30484000",
            "capitalExpenditures": "11540000",
            "operatingCashflow": "120480000",
            "grossProfit": "68882000",
            "totalRevenue": "568127000",
            "sentiment": 0,
            "surprise": "0.08",
            "closePrice": "94.04"
        },
        {
            "fiscalDateEnding": "2016-06-30",
            "totalCurrentAssets": "1233656000",
            "cashAndShortTermInvestments": "445053000",
            "totalCurrentLiabilities": "1387241000",
            "currentDebt": "70000000",
            "netIncome": "51626000",
            "capitalExpenditures": "18777000",
            "operatingCashflow": "148452000",
            "grossProfit": "93001000",
            "totalRevenue": "602642000",
            "sentiment": 0,
            "surprise": "0.03",
            "closePrice": "95.34"
        },
        {
            "fiscalDateEnding": "2016-03-31",
            "totalCurrentAssets": "1179277000",
            "cashAndShortTermInvestments": "403943000",
            "totalCurrentLiabilities": "1291224000",
            "currentDebt": "57500000",
            "netIncome": "44987000",
            "capitalExpenditures": "6560000",
            "operatingCashflow": "13331000",
            "grossProfit": "66791000",
            "totalRevenue": "551260000",
            "sentiment": 0,
            "surprise": "0.17",
            "closePrice": "95.16"
        },
        {
            "fiscalDateEnding": "2015-12-31",
            "totalCurrentAssets": "1140997000",
            "cashAndShortTermInvestments": "372976000",
            "totalCurrentLiabilities": "1323492000",
            "currentDebt": "35000000",
            "netIncome": "65763000",
            "capitalExpenditures": "10061000",
            "operatingCashflow": "79254000",
            "grossProfit": "119220000",
            "totalRevenue": "635155000",
            "sentiment": 0,
            "surprise": "0.04",
            "closePrice": "83.99"
        },
        {
            "fiscalDateEnding": "2015-09-30",
            "totalCurrentAssets": "1061399000",
            "cashAndShortTermInvestments": "371244000",
            "totalCurrentLiabilities": "1235100000",
            "currentDebt": "20000000",
            "netIncome": "30366000",
            "capitalExpenditures": "12453000",
            "operatingCashflow": "116904000",
            "grossProfit": "54923000",
            "totalRevenue": "494117000",
            "sentiment": 0,
            "surprise": "0.03",
            "closePrice": "86.46"
        },
        {
            "fiscalDateEnding": "2015-06-30",
            "totalCurrentAssets": "1066068000",
            "cashAndShortTermInvestments": "357581000",
            "totalCurrentLiabilities": "1204520000",
            "currentDebt": "20000000",
            "netIncome": "51155000",
            "capitalExpenditures": "11982000",
            "operatingCashflow": "143740000",
            "grossProfit": "92103000",
            "totalRevenue": "542696000",
            "sentiment": 0,
            "surprise": "0.02",
            "closePrice": "87.54"
        },
        {
            "fiscalDateEnding": "2015-03-31",
            "totalCurrentAssets": "1000648000",
            "cashAndShortTermInvestments": "281653000",
            "totalCurrentLiabilities": "1420731000",
            "currentDebt": "285000000",
            "netIncome": "28351000",
            "capitalExpenditures": "11632000",
            "operatingCashflow": "5663000",
            "grossProfit": "295834000",
            "totalRevenue": "471186000",
            "sentiment": 0,
            "surprise": "0",
            "closePrice": "84.98"
        },
        {
            "fiscalDateEnding": "2014-12-31",
            "totalCurrentAssets": "1096658000",
            "cashAndShortTermInvestments": "365302000",
            "totalCurrentLiabilities": "1215218000",
            "currentDebt": "20000000",
            "netIncome": "59144000",
            "capitalExpenditures": "12970000",
            "operatingCashflow": "71170000",
            "grossProfit": "353264000",
            "totalRevenue": "583979000",
            "sentiment": 0,
            "surprise": "-0.08",
            "closePrice": "79.05"
        },
        {
            "fiscalDateEnding": "2014-09-30",
            "totalCurrentAssets": "959234000",
            "cashAndShortTermInvestments": "341220000",
            "totalCurrentLiabilities": "1358872000",
            "currentDebt": "245000000",
            "netIncome": "33846000",
            "capitalExpenditures": "6365000",
            "operatingCashflow": "122851000",
            "grossProfit": "282833000",
            "totalRevenue": "470940000",
            "sentiment": 0,
            "surprise": "0.04",
            "closePrice": "84.6"
        },
        {
            "fiscalDateEnding": "2014-06-30",
            "totalCurrentAssets": "971769000",
            "cashAndShortTermInvestments": "317925000",
            "totalCurrentLiabilities": "1345548000",
            "currentDebt": "246250000",
            "netIncome": "53040000",
            "capitalExpenditures": "9966000",
            "operatingCashflow": "136288000",
            "grossProfit": "318730000",
            "totalRevenue": "519820000",
            "sentiment": 0,
            "surprise": "0.02",
            "closePrice": "72.08"
        },
        {
            "fiscalDateEnding": "2014-03-31",
            "totalCurrentAssets": "945668000",
            "cashAndShortTermInvestments": "283284000",
            "totalCurrentLiabilities": "1266621000",
            "currentDebt": "222500000",
            "netIncome": "37736000",
            "capitalExpenditures": "9185000",
            "operatingCashflow": "16470000",
            "grossProfit": "279402000",
            "totalRevenue": "446702000",
            "sentiment": 0,
            "surprise": "0.03",
            "closePrice": "73.54"
        },
        {
            "fiscalDateEnding": "2013-12-31",
            "totalCurrentAssets": "1084882000",
            "cashAndShortTermInvestments": "423990000",
            "totalCurrentLiabilities": "1159923000",
            "currentDebt": "205000000",
            "netIncome": "61418000",
            "capitalExpenditures": "8726000",
            "operatingCashflow": "73585000",
            "grossProfit": "315057000",
            "totalRevenue": "520707000",
            "sentiment": 0,
            "surprise": "-0.03",
            "closePrice": "62.51"
        },
        {
            "fiscalDateEnding": "2013-09-30",
            "totalCurrentAssets": "935155000",
            "cashAndShortTermInvestments": "374521000",
            "totalCurrentLiabilities": "1043993000",
            "currentDebt": "65000000",
            "netIncome": "38194000",
            "capitalExpenditures": "8137000",
            "operatingCashflow": "101753000",
            "grossProfit": "248538000",
            "totalRevenue": "410705000",
            "sentiment": 0,
            "surprise": "0.01",
            "closePrice": "57.82"
        },
        {
            "fiscalDateEnding": "2013-06-30",
            "totalCurrentAssets": "923358000",
            "cashAndShortTermInvestments": "333363000",
            "totalCurrentLiabilities": "1014840000",
            "currentDebt": "61250000",
            "netIncome": "46514000",
            "capitalExpenditures": "9987000",
            "operatingCashflow": "120623000",
            "grossProfit": "269710000",
            "totalRevenue": "446047000",
            "sentiment": 0,
            "surprise": "-0.03",
            "closePrice": "56.74"
        },
        {
            "fiscalDateEnding": "2013-03-31",
            "totalCurrentAssets": "875040000",
            "cashAndShortTermInvestments": "269063000",
            "totalCurrentLiabilities": "975092000",
            "currentDebt": "57500000",
            "netIncome": "36675000",
            "capitalExpenditures": "9648000",
            "operatingCashflow": "19693000",
            "grossProfit": "244860000",
            "totalRevenue": "406754000",
            "sentiment": 0,
            "surprise": "-0.02",
            "closePrice": "55.58"
        },
        {
            "fiscalDateEnding": "2012-12-31",
            "totalCurrentAssets": "927466000",
            "cashAndShortTermInvestments": "299852000",
            "totalCurrentLiabilities": "1070000000",
            "currentDebt": "205000000",
            "netIncome": "58823000",
            "capitalExpenditures": "13537000",
            "operatingCashflow": "71062000",
            "grossProfit": "279414000",
            "totalRevenue": "474749000",
            "sentiment": 0,
            "surprise": "0.02",
            "closePrice": "50.3"
        },
        {
            "fiscalDateEnding": "2012-09-30",
            "totalCurrentAssets": "781978000",
            "cashAndShortTermInvestments": "255391000",
            "totalCurrentLiabilities": "968893000",
            "currentDebt": "80000000",
            "netIncome": "31375000",
            "capitalExpenditures": "10158000",
            "operatingCashflow": "109299000",
            "grossProfit": "222431000",
            "totalRevenue": "374406000",
            "sentiment": 0,
            "surprise": "-0.02",
            "closePrice": "43.75"
        },
        {
            "fiscalDateEnding": "2012-06-30",
            "totalCurrentAssets": "686350000",
            "cashAndShortTermInvestments": "150531000",
            "totalCurrentLiabilities": "908357000",
            "currentDebt": "70176000",
            "netIncome": "41484000",
            "capitalExpenditures": "13524000",
            "operatingCashflow": "80773000",
            "grossProfit": "237771000",
            "totalRevenue": "397482000",
            "sentiment": 0,
            "surprise": "0.02",
            "closePrice": "46.84"
        },
        {
            "fiscalDateEnding": "2012-03-31",
            "totalCurrentAssets": "676820000",
            "cashAndShortTermInvestments": "138985000",
            "totalCurrentLiabilities": "911052000",
            "currentDebt": "100293000",
            "netIncome": "34221000",
            "capitalExpenditures": "7118000",
            "operatingCashflow": "18679000",
            "grossProfit": "224097000",
            "totalRevenue": "369171000",
            "sentiment": 0,
            "surprise": "0.01",
            "closePrice": "43.65"
        },
        {
            "fiscalDateEnding": "2011-12-31",
            "totalCurrentAssets": "705785000",
            "cashAndShortTermInvestments": "142739000",
            "totalCurrentLiabilities": "921137000",
            "currentDebt": "200000000",
            "netIncome": "45024000",
            "capitalExpenditures": "18234000",
            "operatingCashflow": "79101000",
            "grossProfit": "249466000",
            "totalRevenue": "427694000",
            "sentiment": 0,
            "surprise": "-0.01",
            "closePrice": "37.71"
        },
        {
            "fiscalDateEnding": "2011-09-30",
            "totalCurrentAssets": "633686000",
            "cashAndShortTermInvestments": "156903000",
            "totalCurrentLiabilities": "834492000",
            "currentDebt": "52500000",
            "netIncome": "30464000",
            "capitalExpenditures": "14260000",
            "operatingCashflow": "112552000",
            "grossProfit": "203626000",
            "totalRevenue": "345784000",
            "sentiment": 0,
            "surprise": "0.02",
            "closePrice": "39.03"
        },
        {
            "fiscalDateEnding": "2011-06-30",
            "totalCurrentAssets": "625609000",
            "cashAndShortTermInvestments": "125341000",
            "totalCurrentLiabilities": "799367000",
            "currentDebt": "55000000",
            "netIncome": "32223000",
            "capitalExpenditures": "5755000",
            "operatingCashflow": "88576000",
            "grossProfit": "214492000",
            "totalRevenue": "365543000",
            "sentiment": 0,
            "surprise": "0.01",
            "closePrice": "37.48"
        },
        {
            "fiscalDateEnding": "2011-03-31",
            "totalCurrentAssets": "616240000",
            "cashAndShortTermInvestments": "109003000",
            "totalCurrentLiabilities": "784218000",
            "currentDebt": "82667000",
            "netIncome": "29191000",
            "capitalExpenditures": "3705000",
            "operatingCashflow": "-24663000",
            "grossProfit": "195655000",
            "totalRevenue": "329567000",
            "sentiment": 0,
            "surprise": "0",
            "closePrice": "38.49"
        },
        {
            "fiscalDateEnding": "2010-12-31",
            "totalCurrentAssets": "621102000",
            "cashAndShortTermInvestments": "120181000",
            "totalCurrentLiabilities": "811152000",
            "currentDebt": "40156000",
            "netIncome": "36694000",
            "capitalExpenditures": "9483000",
            "operatingCashflow": "79124000",
            "grossProfit": "220075000",
            "totalRevenue": "382304000",
            "sentiment": 0,
            "surprise": "0.01",
            "closePrice": "36.59"
        },
        {
            "fiscalDateEnding": "2010-09-30",
            "totalCurrentAssets": "571848000",
            "cashAndShortTermInvestments": "148412000",
            "totalCurrentLiabilities": "927377000",
            "currentDebt": "248500000",
            "netIncome": "20075000",
            "capitalExpenditures": "4518000",
            "operatingCashflow": "64783000",
            "grossProfit": "170560000",
            "totalRevenue": "296122000",
            "sentiment": 0,
            "surprise": "0",
            "closePrice": "31.83"
        },
        {
            "fiscalDateEnding": "2010-06-30",
            "totalCurrentAssets": "517967000",
            "cashAndShortTermInvestments": "122364000",
            "totalCurrentLiabilities": "892496000",
            "currentDebt": "279750000",
            "netIncome": "20113000",
            "capitalExpenditures": "4281000",
            "operatingCashflow": "69558000",
            "grossProfit": "179288000",
            "totalRevenue": "314195000",
            "sentiment": 0,
            "surprise": "0.02",
            "closePrice": "25.56"
        }
    ]
}