{
    "ITRI": [
        {
            "fiscalDateEnding": "2023-12-31",
            "totalCurrentAssets": "1049438000",
            "cashAndShortTermInvestments": "302049000",
            "totalCurrentLiabilities": "537236000",
            "currentDebt": "None",
            "netIncome": "44386000",
            "capitalExpenditures": "8580000",
            "operatingCashflow": "47895000",
            "grossProfit": "196390000",
            "totalRevenue": "578411000",
            "sentiment": 0.32648424569357803,
            "surprise": "0.48",
            "closePrice": "91.46"
        },
        {
            "fiscalDateEnding": "2023-09-30",
            "totalCurrentAssets": "1009742000",
            "cashAndShortTermInvestments": "254771000",
            "totalCurrentLiabilities": "555924000",
            "currentDebt": "None",
            "netIncome": "40172000",
            "capitalExpenditures": "5806000",
            "operatingCashflow": "34087000",
            "grossProfit": "187203000",
            "totalRevenue": "558327000",
            "sentiment": 0.23347755362267655,
            "surprise": "0.47",
            "closePrice": "64.1"
        },
        {
            "fiscalDateEnding": "2023-06-30",
            "totalCurrentAssets": "969987000",
            "cashAndShortTermInvestments": "232787000",
            "totalCurrentLiabilities": "559920000",
            "currentDebt": "None",
            "netIncome": "24201000",
            "capitalExpenditures": "5596000",
            "operatingCashflow": "41560000",
            "grossProfit": "173947000",
            "totalRevenue": "539093000",
            "sentiment": 0.3730460598523929,
            "surprise": "0.34",
            "closePrice": "76.56"
        },
        {
            "fiscalDateEnding": "2023-03-31",
            "totalCurrentAssets": "902056000",
            "cashAndShortTermInvestments": "196013000",
            "totalCurrentLiabilities": "536555000",
            "currentDebt": "None",
            "netIncome": "-11836000",
            "capitalExpenditures": "6902000",
            "operatingCashflow": "1429000",
            "grossProfit": "156368000",
            "totalRevenue": "492543000",
            "sentiment": 0.11953099779710556,
            "surprise": "0.38",
            "closePrice": "65.6"
        },
        {
            "fiscalDateEnding": "2022-12-31",
            "totalCurrentAssets": "829584000",
            "cashAndShortTermInvestments": "202007000",
            "totalCurrentLiabilities": "498572000",
            "currentDebt": "None",
            "netIncome": "22212000",
            "capitalExpenditures": "4861000",
            "operatingCashflow": "-13030000",
            "grossProfit": "140798000",
            "totalRevenue": "468275000",
            "sentiment": 0.26747892776028137,
            "surprise": "0.62",
            "closePrice": "51.74"
        },
        {
            "fiscalDateEnding": "2022-09-30",
            "totalCurrentAssets": "808642000",
            "cashAndShortTermInvestments": "215413000",
            "totalCurrentLiabilities": "502117000",
            "currentDebt": "None",
            "netIncome": "4117000",
            "capitalExpenditures": "4223000",
            "operatingCashflow": "14874000",
            "grossProfit": "120062000",
            "totalRevenue": "419181000",
            "sentiment": 0.1779332970290655,
            "surprise": "0.01",
            "closePrice": "43.15"
        },
        {
            "fiscalDateEnding": "2022-06-30",
            "totalCurrentAssets": "756088000",
            "cashAndShortTermInvestments": "208500000",
            "totalCurrentLiabilities": "461190000",
            "currentDebt": "None",
            "netIncome": "-36967000",
            "capitalExpenditures": "5294000",
            "operatingCashflow": "15065000",
            "grossProfit": "126105000",
            "totalRevenue": "430222000",
            "sentiment": 0.04049943908619954,
            "surprise": "-0.14",
            "closePrice": "50.66"
        },
        {
            "fiscalDateEnding": "2022-03-31",
            "totalCurrentAssets": "792527000",
            "cashAndShortTermInvestments": "203997000",
            "totalCurrentLiabilities": "501568000",
            "currentDebt": "None",
            "netIncome": "906000",
            "capitalExpenditures": "5369000",
            "operatingCashflow": "7591000",
            "grossProfit": "135224000",
            "totalRevenue": "471518000",
            "sentiment": 0.11200778247300955,
            "surprise": "0.03",
            "closePrice": "49.17"
        },
        {
            "fiscalDateEnding": "2021-12-31",
            "totalCurrentAssets": "749929000",
            "cashAndShortTermInvestments": "162579000",
            "totalCurrentLiabilities": "501344000",
            "currentDebt": "None",
            "netIncome": "-58866000",
            "capitalExpenditures": "6901000",
            "operatingCashflow": "13647000",
            "grossProfit": "121287000",
            "totalRevenue": "451291000",
            "sentiment": 0,
            "surprise": "0.56",
            "closePrice": "47.67"
        },
        {
            "fiscalDateEnding": "2021-09-30",
            "totalCurrentAssets": "802387000",
            "cashAndShortTermInvestments": "188691000",
            "totalCurrentLiabilities": "495754000",
            "currentDebt": "None",
            "netIncome": "-1869000",
            "capitalExpenditures": "7305000",
            "operatingCashflow": "18467000",
            "grossProfit": "134963000",
            "totalRevenue": "484321000",
            "sentiment": 0,
            "surprise": "0.03",
            "closePrice": "77.8"
        },
        {
            "fiscalDateEnding": "2021-06-30",
            "totalCurrentAssets": "842900000",
            "cashAndShortTermInvestments": "207131000",
            "totalCurrentLiabilities": "514365000",
            "currentDebt": "None",
            "netIncome": "-33123000",
            "capitalExpenditures": "9064000",
            "operatingCashflow": "72725000",
            "grossProfit": "149875000",
            "totalRevenue": "475408000",
            "sentiment": 0,
            "surprise": "-0.2",
            "closePrice": "71.84"
        },
        {
            "fiscalDateEnding": "2021-03-31",
            "totalCurrentAssets": "1260101000",
            "cashAndShortTermInvestments": "574592000",
            "totalCurrentLiabilities": "909562000",
            "currentDebt": "400000000",
            "netIncome": "12603000",
            "capitalExpenditures": "11412000",
            "operatingCashflow": "49955000",
            "grossProfit": "167044000",
            "totalRevenue": "507707000",
            "sentiment": 0,
            "surprise": "0.1",
            "closePrice": "88.45"
        },
        {
            "fiscalDateEnding": "2020-12-31",
            "totalCurrentAssets": "930262000",
            "cashAndShortTermInvestments": "206933000",
            "totalCurrentLiabilities": "549899000",
            "currentDebt": "18359000",
            "netIncome": "21520000",
            "capitalExpenditures": "9911000",
            "operatingCashflow": "38943000",
            "grossProfit": "148833000",
            "totalRevenue": "515205000",
            "sentiment": 0,
            "surprise": "0.35",
            "closePrice": "115.28"
        },
        {
            "fiscalDateEnding": "2020-09-30",
            "totalCurrentAssets": "1352171000",
            "cashAndShortTermInvestments": "586167000",
            "totalCurrentLiabilities": "586705000",
            "currentDebt": "21406000",
            "netIncome": "-25357000",
            "capitalExpenditures": "7248000",
            "operatingCashflow": "44785000",
            "grossProfit": "143251000",
            "totalRevenue": "529374000",
            "sentiment": 0,
            "surprise": "0.36",
            "closePrice": "67.23"
        },
        {
            "fiscalDateEnding": "2020-06-30",
            "totalCurrentAssets": "1354828000",
            "cashAndShortTermInvestments": "544823000",
            "totalCurrentLiabilities": "601679000",
            "currentDebt": "14063000",
            "netIncome": "-62802000",
            "capitalExpenditures": "16447000",
            "operatingCashflow": "6892000",
            "grossProfit": "138517000",
            "totalRevenue": "497910000",
            "sentiment": 0,
            "surprise": "0.24",
            "closePrice": "71.41"
        },
        {
            "fiscalDateEnding": "2020-03-31",
            "totalCurrentAssets": "1387726000",
            "cashAndShortTermInvestments": "554520000",
            "totalCurrentLiabilities": "667094000",
            "currentDebt": "6719000",
            "netIncome": "8684000",
            "capitalExpenditures": "12602000",
            "operatingCashflow": "18894000",
            "grossProfit": "171566000",
            "totalRevenue": "587138000",
            "sentiment": 0,
            "surprise": "0.01",
            "closePrice": "67.38"
        },
        {
            "fiscalDateEnding": "2019-12-31",
            "totalCurrentAssets": "997251000",
            "cashAndShortTermInvestments": "149904000",
            "totalCurrentLiabilities": "671391000",
            "currentDebt": "17049000",
            "netIncome": "14620000",
            "capitalExpenditures": "16179000",
            "operatingCashflow": "44740000",
            "grossProfit": "177438000",
            "totalRevenue": "628383000",
            "sentiment": 0,
            "surprise": "0.18",
            "closePrice": "78.52"
        },
        {
            "fiscalDateEnding": "2019-09-30",
            "totalCurrentAssets": "967023000",
            "cashAndShortTermInvestments": "140938000",
            "totalCurrentLiabilities": "684603000",
            "currentDebt": "54911000",
            "netIncome": "16847000",
            "capitalExpenditures": "18059000",
            "operatingCashflow": "50037000",
            "grossProfit": "196404000",
            "totalRevenue": "611606000",
            "sentiment": 0,
            "surprise": "0.38",
            "closePrice": "77.4"
        },
        {
            "fiscalDateEnding": "2019-06-30",
            "totalCurrentAssets": "962596000",
            "cashAndShortTermInvestments": "135736000",
            "totalCurrentLiabilities": "670160000",
            "currentDebt": "26563000",
            "netIncome": "19446000",
            "capitalExpenditures": "15096000",
            "operatingCashflow": "53139000",
            "grossProfit": "191214000",
            "totalRevenue": "621541000",
            "sentiment": 0,
            "surprise": "0.4",
            "closePrice": "57.96"
        },
        {
            "fiscalDateEnding": "2019-03-31",
            "totalCurrentAssets": "934977000",
            "cashAndShortTermInvestments": "110828000",
            "totalCurrentLiabilities": "665878000",
            "currentDebt": "22500000",
            "netIncome": "-1907000",
            "capitalExpenditures": "11415000",
            "operatingCashflow": "24924000",
            "grossProfit": "187263000",
            "totalRevenue": "601041000",
            "sentiment": 0,
            "surprise": "0.26",
            "closePrice": "53.47"
        },
        {
            "fiscalDateEnding": "2018-12-31",
            "totalCurrentAssets": "896141000",
            "cashAndShortTermInvestments": "120221000",
            "totalCurrentLiabilities": "652707000",
            "currentDebt": "28438000",
            "netIncome": "23877000",
            "capitalExpenditures": "17459000",
            "operatingCashflow": "42372000",
            "grossProfit": "176790000",
            "totalRevenue": "587044000",
            "sentiment": 0,
            "surprise": "0.2",
            "closePrice": "61.57"
        },
        {
            "fiscalDateEnding": "2018-09-30",
            "totalCurrentAssets": "868185000",
            "cashAndShortTermInvestments": "109044000",
            "totalCurrentLiabilities": "615845000",
            "currentDebt": "24375000",
            "netIncome": "19882000",
            "capitalExpenditures": "13184000",
            "operatingCashflow": "50504000",
            "grossProfit": "197097000",
            "totalRevenue": "581791000",
            "sentiment": 0,
            "surprise": "0.29",
            "closePrice": "54.77"
        },
        {
            "fiscalDateEnding": "2018-06-30",
            "totalCurrentAssets": "896750000",
            "cashAndShortTermInvestments": "162882000",
            "totalCurrentLiabilities": "595497000",
            "currentDebt": "20313000",
            "netIncome": "2657000",
            "capitalExpenditures": "11876000",
            "operatingCashflow": "41327000",
            "grossProfit": "176577000",
            "totalRevenue": "571245000",
            "sentiment": 0,
            "surprise": "0.02",
            "closePrice": "60.6"
        },
        {
            "fiscalDateEnding": "2018-03-31",
            "totalCurrentAssets": "932638000",
            "cashAndShortTermInvestments": "143951000",
            "totalCurrentLiabilities": "638008000",
            "currentDebt": "16250000",
            "netIncome": "-145666000",
            "capitalExpenditures": "17433000",
            "operatingCashflow": "-24448000",
            "grossProfit": "179855000",
            "totalRevenue": "591717000",
            "sentiment": 0,
            "surprise": "0",
            "closePrice": "67.15"
        },
        {
            "fiscalDateEnding": "2017-12-31",
            "totalCurrentAssets": "849742000",
            "cashAndShortTermInvestments": "176274000",
            "totalCurrentLiabilities": "507783000",
            "currentDebt": "19688000",
            "netIncome": "1780000",
            "capitalExpenditures": "16002000",
            "operatingCashflow": "76853000",
            "grossProfit": "175082000",
            "totalRevenue": "550776000",
            "sentiment": 0,
            "surprise": "0.08",
            "closePrice": "70.0"
        },
        {
            "fiscalDateEnding": "2017-09-30",
            "totalCurrentAssets": "834395000",
            "cashAndShortTermInvestments": "137584000",
            "totalCurrentLiabilities": "498394000",
            "currentDebt": "18281000",
            "netIncome": "25576000",
            "capitalExpenditures": "11595000",
            "operatingCashflow": "21057000",
            "grossProfit": "165755000",
            "totalRevenue": "483849000",
            "sentiment": 0,
            "surprise": "-0.12",
            "closePrice": "78.3"
        },
        {
            "fiscalDateEnding": "2017-06-30",
            "totalCurrentAssets": "798960000",
            "cashAndShortTermInvestments": "127880000",
            "totalCurrentLiabilities": "504787000",
            "currentDebt": "16875000",
            "netIncome": "14097000",
            "capitalExpenditures": "12776000",
            "operatingCashflow": "30187000",
            "grossProfit": "178277000",
            "totalRevenue": "500206000",
            "sentiment": 0,
            "surprise": "0.03",
            "closePrice": "73.05"
        },
        {
            "fiscalDateEnding": "2017-03-31",
            "totalCurrentAssets": "805823000",
            "cashAndShortTermInvestments": "187928000",
            "totalCurrentLiabilities": "464791000",
            "currentDebt": "15469000",
            "netIncome": "15845000",
            "capitalExpenditures": "9122000",
            "operatingCashflow": "63257000",
            "grossProfit": "157637000",
            "totalRevenue": "474918000",
            "sentiment": 0,
            "surprise": "0.09",
            "closePrice": "62.95"
        },
        {
            "fiscalDateEnding": "2016-12-31",
            "totalCurrentAssets": "732466000",
            "cashAndShortTermInvestments": "133565000",
            "totalCurrentLiabilities": "413046000",
            "currentDebt": "14063000",
            "netIncome": "11649000",
            "capitalExpenditures": "12980000",
            "operatingCashflow": "156663000",
            "grossProfit": "156663000",
            "totalRevenue": "495713000",
            "sentiment": 0,
            "surprise": "0.1",
            "closePrice": "64.7"
        },
        {
            "fiscalDateEnding": "2016-09-30",
            "totalCurrentAssets": "831680000",
            "cashAndShortTermInvestments": "151380000",
            "totalCurrentLiabilities": "479222000",
            "currentDebt": "12656000",
            "netIncome": "-9885000",
            "capitalExpenditures": "10679000",
            "operatingCashflow": "30754000",
            "grossProfit": "170749000",
            "totalRevenue": "504168000",
            "sentiment": 0,
            "surprise": "0.16",
            "closePrice": "51.9"
        },
        {
            "fiscalDateEnding": "2016-06-30",
            "totalCurrentAssets": "804748000",
            "cashAndShortTermInvestments": "132014000",
            "totalCurrentLiabilities": "494138000",
            "currentDebt": "11250000",
            "netIncome": "19917000",
            "capitalExpenditures": "11093000",
            "operatingCashflow": "17322000",
            "grossProfit": "169705000",
            "totalRevenue": "510289000",
            "sentiment": 0,
            "surprise": "0.22",
            "closePrice": "50.95"
        },
        {
            "fiscalDateEnding": "2016-03-31",
            "totalCurrentAssets": "801053000",
            "cashAndShortTermInvestments": "132615000",
            "totalCurrentLiabilities": "517760000",
            "currentDebt": "11250000",
            "netIncome": "10089000",
            "capitalExpenditures": "8791000",
            "operatingCashflow": "33805000",
            "grossProfit": "163203000",
            "totalRevenue": "494672000",
            "sentiment": 0,
            "surprise": "0.12",
            "closePrice": "42.33"
        },
        {
            "fiscalDateEnding": "2015-12-31",
            "totalCurrentAssets": "758940000",
            "cashAndShortTermInvestments": "131018000",
            "totalCurrentLiabilities": "477774000",
            "currentDebt": "11250000",
            "netIncome": "8986000",
            "capitalExpenditures": "10594000",
            "operatingCashflow": "152419000",
            "grossProfit": "152419000",
            "totalRevenue": "496448000",
            "sentiment": 0,
            "surprise": "0.02",
            "closePrice": "36.5"
        },
        {
            "fiscalDateEnding": "2015-09-30",
            "totalCurrentAssets": "828840000",
            "cashAndShortTermInvestments": "109458000",
            "totalCurrentLiabilities": "495309000",
            "currentDebt": "11250000",
            "netIncome": "12640000",
            "capitalExpenditures": "12332000",
            "operatingCashflow": "2587000",
            "grossProfit": "147290000",
            "totalRevenue": "465472000",
            "sentiment": 0,
            "surprise": "-0.12",
            "closePrice": "37.29"
        },
        {
            "fiscalDateEnding": "2015-06-30",
            "totalCurrentAssets": "835419000",
            "cashAndShortTermInvestments": "128814000",
            "totalCurrentLiabilities": "510016000",
            "currentDebt": "11250000",
            "netIncome": "-14346000",
            "capitalExpenditures": "11520000",
            "operatingCashflow": "17981000",
            "grossProfit": "118554000",
            "totalRevenue": "465427000",
            "sentiment": 0,
            "surprise": "None",
            "closePrice": "30.91"
        },
        {
            "fiscalDateEnding": "2015-03-31",
            "totalCurrentAssets": "783272000",
            "cashAndShortTermInvestments": "118084000",
            "totalCurrentLiabilities": "503070000",
            "currentDebt": "30000000",
            "netIncome": "5398000",
            "capitalExpenditures": "9472000",
            "operatingCashflow": "7723000",
            "grossProfit": "138422000",
            "totalRevenue": "445565000",
            "sentiment": 0,
            "surprise": "-0.05",
            "closePrice": "35.7"
        },
        {
            "fiscalDateEnding": "2014-12-31",
            "totalCurrentAssets": "782462000",
            "cashAndShortTermInvestments": "112371000",
            "totalCurrentLiabilities": "520069000",
            "currentDebt": "30000000",
            "netIncome": "8986000",
            "capitalExpenditures": "12435000",
            "operatingCashflow": "154787000",
            "grossProfit": "152419000",
            "totalRevenue": "510095000",
            "sentiment": 0,
            "surprise": "-0.03",
            "closePrice": "36.01"
        },
        {
            "fiscalDateEnding": "2014-09-30",
            "totalCurrentAssets": "820869000",
            "cashAndShortTermInvestments": "122475000",
            "totalCurrentLiabilities": "499489000",
            "currentDebt": "30000000",
            "netIncome": "12640000",
            "capitalExpenditures": "12657000",
            "operatingCashflow": "35429000",
            "grossProfit": "147290000",
            "totalRevenue": "493439000",
            "sentiment": 0,
            "surprise": "0.03",
            "closePrice": "39.67"
        },
        {
            "fiscalDateEnding": "2014-06-30",
            "totalCurrentAssets": "844745000",
            "cashAndShortTermInvestments": "114780000",
            "totalCurrentLiabilities": "507147000",
            "currentDebt": "30000000",
            "netIncome": "-14346000",
            "capitalExpenditures": "10839000",
            "operatingCashflow": "49728000",
            "grossProfit": "118554000",
            "totalRevenue": "486440000",
            "sentiment": 0,
            "surprise": "0.18",
            "closePrice": "36.4"
        },
        {
            "fiscalDateEnding": "2014-03-31",
            "totalCurrentAssets": "836408000",
            "cashAndShortTermInvestments": "146327000",
            "totalCurrentLiabilities": "506118000",
            "currentDebt": "28125000",
            "netIncome": "5398000",
            "capitalExpenditures": "8564000",
            "operatingCashflow": "66761000",
            "grossProfit": "138422000",
            "totalRevenue": "471886000",
            "sentiment": 0,
            "surprise": "0.05",
            "closePrice": "36.04"
        },
        {
            "fiscalDateEnding": "2013-12-31",
            "totalCurrentAssets": "799366000",
            "cashAndShortTermInvestments": "124805000",
            "totalCurrentLiabilities": "455012000",
            "currentDebt": "26250000",
            "netIncome": "-154430000",
            "capitalExpenditures": "15472000",
            "operatingCashflow": "164738000",
            "grossProfit": "164738000",
            "totalRevenue": "523526000",
            "sentiment": 0,
            "surprise": "-0.38",
            "closePrice": "39.19"
        },
        {
            "fiscalDateEnding": "2013-09-30",
            "totalCurrentAssets": "816788000",
            "cashAndShortTermInvestments": "122047000",
            "totalCurrentLiabilities": "467040000",
            "currentDebt": "24375000",
            "netIncome": "-7348000",
            "capitalExpenditures": "15653000",
            "operatingCashflow": "22114000",
            "grossProfit": "150084000",
            "totalRevenue": "492644000",
            "sentiment": 0,
            "surprise": "-0.01",
            "closePrice": "45.58"
        },
        {
            "fiscalDateEnding": "2013-06-30",
            "totalCurrentAssets": "811468000",
            "cashAndShortTermInvestments": "103662000",
            "totalCurrentLiabilities": "456400000",
            "currentDebt": "22500000",
            "netIncome": "12399000",
            "capitalExpenditures": "14130000",
            "operatingCashflow": "18379000",
            "grossProfit": "159588000",
            "totalRevenue": "479839000",
            "sentiment": 0,
            "surprise": "0",
            "closePrice": "43.12"
        },
        {
            "fiscalDateEnding": "2013-03-31",
            "totalCurrentAssets": "784410000",
            "cashAndShortTermInvestments": "101561000",
            "totalCurrentLiabilities": "448918000",
            "currentDebt": "20625000",
            "netIncome": "2570000",
            "capitalExpenditures": "14765000",
            "operatingCashflow": "595000",
            "grossProfit": "140123000",
            "totalRevenue": "445198000",
            "sentiment": 0,
            "surprise": "-0.14",
            "closePrice": "39.85"
        },
        {
            "fiscalDateEnding": "2012-12-31",
            "totalCurrentAssets": "820950000",
            "cashAndShortTermInvestments": "136411000",
            "totalCurrentLiabilities": "467373000",
            "currentDebt": "18750000",
            "netIncome": "15960000",
            "capitalExpenditures": "16265000",
            "operatingCashflow": "68087000",
            "grossProfit": "163500000",
            "totalRevenue": "523335000",
            "sentiment": 0,
            "surprise": "-0.08",
            "closePrice": "47.85"
        },
        {
            "fiscalDateEnding": "2012-09-30",
            "totalCurrentAssets": "817421000",
            "cashAndShortTermInvestments": "91474000",
            "totalCurrentLiabilities": "464318000",
            "currentDebt": "16875000",
            "netIncome": "35347000",
            "capitalExpenditures": "10731000",
            "operatingCashflow": "44613000",
            "grossProfit": "171797000",
            "totalRevenue": "501512000",
            "sentiment": 0,
            "surprise": "0.03",
            "closePrice": "39.57"
        },
        {
            "fiscalDateEnding": "2012-06-30",
            "totalCurrentAssets": "844349000",
            "cashAndShortTermInvestments": "102800000",
            "totalCurrentLiabilities": "498151000",
            "currentDebt": "15000000",
            "netIncome": "31615000",
            "capitalExpenditures": "11504000",
            "operatingCashflow": "38387000",
            "grossProfit": "196745000",
            "totalRevenue": "576534000",
            "sentiment": 0,
            "surprise": "0.19",
            "closePrice": "38.28"
        },
        {
            "fiscalDateEnding": "2012-03-31",
            "totalCurrentAssets": "900432000",
            "cashAndShortTermInvestments": "154438000",
            "totalCurrentLiabilities": "509010000",
            "currentDebt": "15000000",
            "netIncome": "25353000",
            "capitalExpenditures": "12043000",
            "operatingCashflow": "54003000",
            "grossProfit": "183105000",
            "totalRevenue": "569203000",
            "sentiment": 0,
            "surprise": "-0.02",
            "closePrice": "44.73"
        },
        {
            "fiscalDateEnding": "2011-12-31",
            "totalCurrentAssets": "840354000",
            "cashAndShortTermInvestments": "133086000",
            "totalCurrentLiabilities": "510722000",
            "currentDebt": "15000000",
            "netIncome": "-54631000",
            "capitalExpenditures": "14277000",
            "operatingCashflow": "98557000",
            "grossProfit": "192533000",
            "totalRevenue": "640013000",
            "sentiment": 0,
            "surprise": "0.2",
            "closePrice": "40.11"
        },
        {
            "fiscalDateEnding": "2011-09-30",
            "totalCurrentAssets": "880353000",
            "cashAndShortTermInvestments": "129514000",
            "totalCurrentLiabilities": "507943000",
            "currentDebt": "15000000",
            "netIncome": "-517082000",
            "capitalExpenditures": "17087000",
            "operatingCashflow": "66109000",
            "grossProfit": "176996000",
            "totalRevenue": "604759000",
            "sentiment": 0,
            "surprise": "-0.12",
            "closePrice": "35.73"
        },
        {
            "fiscalDateEnding": "2011-06-30",
            "totalCurrentAssets": "958839000",
            "cashAndShortTermInvestments": "168284000",
            "totalCurrentLiabilities": "747093000",
            "currentDebt": "234449000",
            "netIncome": "34436000",
            "capitalExpenditures": "17462000",
            "operatingCashflow": "51679000",
            "grossProfit": "191951000",
            "totalRevenue": "600981000",
            "sentiment": 0,
            "surprise": "0.16",
            "closePrice": "47.08"
        },
        {
            "fiscalDateEnding": "2011-03-31",
            "totalCurrentAssets": "891715000",
            "cashAndShortTermInvestments": "133412000",
            "totalCurrentLiabilities": "713819000",
            "currentDebt": "231682000",
            "netIncome": "27120000",
            "capitalExpenditures": "11250000",
            "operatingCashflow": "36013000",
            "grossProfit": "184978000",
            "totalRevenue": "551577000",
            "sentiment": 0,
            "surprise": "0.04",
            "closePrice": "55.18"
        },
        {
            "fiscalDateEnding": "2010-12-31",
            "totalCurrentAssets": "882217000",
            "cashAndShortTermInvestments": "169477000",
            "totalCurrentLiabilities": "703734000",
            "currentDebt": "228721000",
            "netIncome": "26570000",
            "capitalExpenditures": "17315000",
            "operatingCashflow": "87475000",
            "grossProfit": "187792000",
            "totalRevenue": "601875000",
            "sentiment": 0,
            "surprise": "-0.1",
            "closePrice": "63.62"
        },
        {
            "fiscalDateEnding": "2010-09-30",
            "totalCurrentAssets": "853029000",
            "cashAndShortTermInvestments": "148114000",
            "totalCurrentLiabilities": "704389000",
            "currentDebt": "226246000",
            "netIncome": "27639000",
            "capitalExpenditures": "17791000",
            "operatingCashflow": "50030000",
            "grossProfit": "181763000",
            "totalRevenue": "562640000",
            "sentiment": 0,
            "surprise": "0.2",
            "closePrice": "62.96"
        },
        {
            "fiscalDateEnding": "2010-06-30",
            "totalCurrentAssets": "791694000",
            "cashAndShortTermInvestments": "137371000",
            "totalCurrentLiabilities": "474645000",
            "currentDebt": "10182000",
            "netIncome": "25311000",
            "capitalExpenditures": "11565000",
            "operatingCashflow": "51307000",
            "grossProfit": "174056000",
            "totalRevenue": "555495000",
            "sentiment": 0,
            "surprise": "0.25",
            "closePrice": "57.88"
        }
    ]
}