{
    "JAMF": [
        {
            "fiscalDateEnding": "2023-12-31",
            "totalCurrentAssets": "402634000",
            "cashAndShortTermInvestments": "243576000",
            "totalCurrentLiabilities": "422150000",
            "currentDebt": "None",
            "netIncome": "-17410000",
            "capitalExpenditures": "412000",
            "operatingCashflow": "15919000",
            "grossProfit": "117455000",
            "totalRevenue": "150645000",
            "sentiment": 0.5784317738949127,
            "surprise": "0.01",
            "closePrice": "19.97"
        },
        {
            "fiscalDateEnding": "2023-09-30",
            "totalCurrentAssets": "372022000",
            "cashAndShortTermInvestments": "227619000",
            "totalCurrentLiabilities": "401314000",
            "currentDebt": "None",
            "netIncome": "-32277000",
            "capitalExpenditures": "736000",
            "operatingCashflow": "33276000",
            "grossProfit": "110386000",
            "totalRevenue": "142625000",
            "sentiment": 0.61769545643316,
            "surprise": "0.01",
            "closePrice": "16.21"
        },
        {
            "fiscalDateEnding": "2023-06-30",
            "totalCurrentAssets": "358993000",
            "cashAndShortTermInvestments": "211471000",
            "totalCurrentLiabilities": "363599000",
            "currentDebt": "None",
            "netIncome": "-36199000",
            "capitalExpenditures": "665000",
            "operatingCashflow": "11569000",
            "grossProfit": "104206000",
            "totalRevenue": "135089000",
            "sentiment": 0.5506164859905138,
            "surprise": "0.01",
            "closePrice": "19.85"
        },
        {
            "fiscalDateEnding": "2023-03-31",
            "totalCurrentAssets": "333756000",
            "cashAndShortTermInvestments": "200340000",
            "totalCurrentLiabilities": "342929000",
            "currentDebt": "None",
            "netIncome": "-24200000",
            "capitalExpenditures": "1121000",
            "operatingCashflow": "-24800000",
            "grossProfit": "102465000",
            "totalRevenue": "132212000",
            "sentiment": 0.4729374320234041,
            "surprise": "0.03",
            "closePrice": "17.92"
        },
        {
            "fiscalDateEnding": "2022-12-31",
            "totalCurrentAssets": "351046000",
            "cashAndShortTermInvestments": "224338000",
            "totalCurrentLiabilities": "360968000",
            "currentDebt": "None",
            "netIncome": "-21231000",
            "capitalExpenditures": "2082000",
            "operatingCashflow": "27174000",
            "grossProfit": "99910000",
            "totalRevenue": "130323000",
            "sentiment": 0.4630656419562237,
            "surprise": "0.02",
            "closePrice": "21.22"
        },
        {
            "fiscalDateEnding": "2022-09-30",
            "totalCurrentAssets": "357650000",
            "cashAndShortTermInvestments": "225480000",
            "totalCurrentLiabilities": "346694000",
            "currentDebt": "None",
            "netIncome": "-31302000",
            "capitalExpenditures": "2769000",
            "operatingCashflow": "46489000",
            "grossProfit": "93362000",
            "totalRevenue": "124557000",
            "sentiment": 0.46008167260413474,
            "surprise": "0.01",
            "closePrice": "20.0"
        },
        {
            "fiscalDateEnding": "2022-06-30",
            "totalCurrentAssets": "317175000",
            "cashAndShortTermInvestments": "182349000",
            "totalCurrentLiabilities": "309844000",
            "currentDebt": "None",
            "netIncome": "-63139000",
            "capitalExpenditures": "912000",
            "operatingCashflow": "19332000",
            "grossProfit": "86246000",
            "totalRevenue": "115638000",
            "sentiment": 0.15959971572890255,
            "surprise": "0.01",
            "closePrice": "26.99"
        },
        {
            "fiscalDateEnding": "2022-03-31",
            "totalCurrentAssets": "284079000",
            "cashAndShortTermInvestments": "164595000",
            "totalCurrentLiabilities": "289131000",
            "currentDebt": "None",
            "netIncome": "-25629000",
            "capitalExpenditures": "1964000",
            "operatingCashflow": "-2990000",
            "grossProfit": "80031000",
            "totalRevenue": "108258000",
            "sentiment": -0.06433270342097515,
            "surprise": "0.02",
            "closePrice": "23.87"
        },
        {
            "fiscalDateEnding": "2021-12-31",
            "totalCurrentAssets": "291598000",
            "cashAndShortTermInvestments": "177150000",
            "totalCurrentLiabilities": "286526000",
            "currentDebt": "None",
            "netIncome": "-23750000",
            "capitalExpenditures": "2494000",
            "operatingCashflow": "338000",
            "grossProfit": "76513000",
            "totalRevenue": "103802000",
            "sentiment": 0,
            "surprise": "0.01",
            "closePrice": "33.14"
        },
        {
            "fiscalDateEnding": "2021-09-30",
            "totalCurrentAssets": "331228000",
            "cashAndShortTermInvestments": "227148000",
            "totalCurrentLiabilities": "323074000",
            "currentDebt": "None",
            "netIncome": "-30383000",
            "capitalExpenditures": "2050000",
            "operatingCashflow": "26805000",
            "grossProfit": "69151000",
            "totalRevenue": "95621000",
            "sentiment": 0,
            "surprise": "0",
            "closePrice": "41.28"
        },
        {
            "fiscalDateEnding": "2021-06-30",
            "totalCurrentAssets": "321316000",
            "cashAndShortTermInvestments": "226485000",
            "totalCurrentLiabilities": "228424000",
            "currentDebt": "None",
            "netIncome": "-16467000",
            "capitalExpenditures": "1921000",
            "operatingCashflow": "33999000",
            "grossProfit": "66896000",
            "totalRevenue": "86238000",
            "sentiment": 0,
            "surprise": "0.01",
            "closePrice": "31.42"
        },
        {
            "fiscalDateEnding": "2021-03-31",
            "totalCurrentAssets": "299251000",
            "cashAndShortTermInvestments": "196190000",
            "totalCurrentLiabilities": "202809000",
            "currentDebt": "None",
            "netIncome": "-4589000",
            "capitalExpenditures": "3290000",
            "operatingCashflow": "4023000",
            "grossProfit": "63471000",
            "totalRevenue": "80727000",
            "sentiment": 0,
            "surprise": "0.03",
            "closePrice": "31.55"
        },
        {
            "fiscalDateEnding": "2020-12-31",
            "totalCurrentAssets": "287236000",
            "cashAndShortTermInvestments": "194868000",
            "totalCurrentLiabilities": "199598000",
            "currentDebt": "None",
            "netIncome": "-8364000",
            "capitalExpenditures": "2532000",
            "operatingCashflow": "19702000",
            "grossProfit": "59060000",
            "totalRevenue": "76267000",
            "sentiment": 0,
            "surprise": "0.01",
            "closePrice": "36.47"
        },
        {
            "fiscalDateEnding": "2020-09-30",
            "totalCurrentAssets": "268137000",
            "cashAndShortTermInvestments": "177457000",
            "totalCurrentLiabilities": "181019000",
            "currentDebt": "None",
            "netIncome": "-5388000",
            "capitalExpenditures": "470000",
            "operatingCashflow": "23584000",
            "grossProfit": "55390000",
            "totalRevenue": "70548000",
            "sentiment": 0,
            "surprise": "0.04",
            "closePrice": "34.53"
        },
        {
            "fiscalDateEnding": "2020-06-30",
            "totalCurrentAssets": "115440000",
            "cashAndShortTermInvestments": "38424000",
            "totalCurrentLiabilities": "161090000",
            "currentDebt": "None",
            "netIncome": "-834000",
            "capitalExpenditures": "327000",
            "operatingCashflow": "16870000",
            "grossProfit": "48636000",
            "totalRevenue": "62264000",
            "sentiment": 0,
            "surprise": "-0.02",
            "closePrice": "41.18"
        }
    ]
}