{
    "JKHY": [
        {
            "fiscalDateEnding": "2023-12-31",
            "totalCurrentAssets": "554267000",
            "cashAndShortTermInvestments": "26709000",
            "totalCurrentLiabilities": "404024000",
            "currentDebt": "None",
            "netIncome": "91965000",
            "capitalExpenditures": "59459000",
            "operatingCashflow": "81533000",
            "grossProfit": "225978000",
            "totalRevenue": "546957000",
            "sentiment": 0.22503457738866087,
            "surprise": "0.12",
            "closePrice": "168.64624792061"
        },
        {
            "fiscalDateEnding": "2023-09-30",
            "totalCurrentAssets": "563496000",
            "cashAndShortTermInvestments": "31467000",
            "totalCurrentLiabilities": "470565000",
            "currentDebt": "None",
            "netIncome": "101679000",
            "capitalExpenditures": "51378000",
            "operatingCashflow": "157139000",
            "grossProfit": "248914000",
            "totalRevenue": "571916000",
            "sentiment": 0.2929943755617138,
            "surprise": "0.07",
            "closePrice": "142.510504962816"
        },
        {
            "fiscalDateEnding": "2023-06-30",
            "totalCurrentAssets": "627962000",
            "cashAndShortTermInvestments": "12243000",
            "totalCurrentLiabilities": "523759000",
            "currentDebt": "None",
            "netIncome": "97773000",
            "capitalExpenditures": "54166000",
            "operatingCashflow": "174528000",
            "grossProfit": "225518000",
            "totalRevenue": "534385000",
            "sentiment": 0.030293015293447502,
            "surprise": "0.16",
            "closePrice": "166.657011091171"
        },
        {
            "fiscalDateEnding": "2023-03-31",
            "totalCurrentAssets": "488194000",
            "cashAndShortTermInvestments": "26552000",
            "totalCurrentLiabilities": "320556000",
            "currentDebt": "2000",
            "netIncome": "81549000",
            "capitalExpenditures": "53369000",
            "operatingCashflow": "16320000",
            "grossProfit": "198932000",
            "totalRevenue": "506277000",
            "sentiment": 0.21216151430919428,
            "surprise": "0.02",
            "closePrice": "157.835618820461"
        },
        {
            "fiscalDateEnding": "2022-12-31",
            "totalCurrentAssets": "469228000",
            "cashAndShortTermInvestments": "25763000",
            "totalCurrentLiabilities": "407537000",
            "currentDebt": "42000",
            "netIncome": "80775000",
            "capitalExpenditures": "52589000",
            "operatingCashflow": "53880000",
            "grossProfit": "198559000",
            "totalRevenue": "503148000",
            "sentiment": 0.1685582693130504,
            "surprise": "-0.01",
            "closePrice": "178.482951818674"
        },
        {
            "fiscalDateEnding": "2022-09-30",
            "totalCurrentAssets": "485097000",
            "cashAndShortTermInvestments": "31970000",
            "totalCurrentLiabilities": "470331000",
            "currentDebt": "82000",
            "netIncome": "106549000",
            "capitalExpenditures": "46860000",
            "operatingCashflow": "136831000",
            "grossProfit": "229517000",
            "totalRevenue": "527778000",
            "sentiment": 0.28638492076404065,
            "surprise": "0.06",
            "closePrice": "177.512117060712"
        },
        {
            "fiscalDateEnding": "2022-06-30",
            "totalCurrentAssets": "613524000",
            "cashAndShortTermInvestments": "48787000",
            "totalCurrentLiabilities": "543830000",
            "currentDebt": "134000",
            "netIncome": "80426000",
            "capitalExpenditures": "46353000",
            "operatingCashflow": "203234000",
            "grossProfit": "194876000",
            "totalRevenue": "481691000",
            "sentiment": 0.030621865062313743,
            "surprise": "0.1",
            "closePrice": "206.333464537564"
        },
        {
            "fiscalDateEnding": "2022-03-31",
            "totalCurrentAssets": "470898000",
            "cashAndShortTermInvestments": "39797000",
            "totalCurrentLiabilities": "320161000",
            "currentDebt": "202000",
            "netIncome": "84707000",
            "capitalExpenditures": "44000000",
            "operatingCashflow": "104046000",
            "grossProfit": "195233000",
            "totalRevenue": "477572000",
            "sentiment": 0.14314459906193275,
            "surprise": "0.1",
            "closePrice": "187.72619641187"
        },
        {
            "fiscalDateEnding": "2021-12-31",
            "totalCurrentAssets": "467032000",
            "cashAndShortTermInvestments": "29120000",
            "totalCurrentLiabilities": "373354000",
            "currentDebt": "206000",
            "netIncome": "95670000",
            "capitalExpenditures": "54651000",
            "operatingCashflow": "90802000",
            "grossProfit": "210630000",
            "totalRevenue": "493455000",
            "sentiment": 0,
            "surprise": "0.17",
            "closePrice": "164.71048783157"
        },
        {
            "fiscalDateEnding": "2021-09-30",
            "totalCurrentAssets": "490961000",
            "cashAndShortTermInvestments": "44251000",
            "totalCurrentLiabilities": "430038000",
            "currentDebt": "220000",
            "netIncome": "102114000",
            "capitalExpenditures": "46494000",
            "operatingCashflow": "106549000",
            "grossProfit": "211179000",
            "totalRevenue": "487815000",
            "sentiment": 0,
            "surprise": "0.06",
            "closePrice": "156.352705112588"
        },
        {
            "fiscalDateEnding": "2021-06-30",
            "totalCurrentAssets": "543737000",
            "cashAndShortTermInvestments": "50992000",
            "totalCurrentLiabilities": "520860000",
            "currentDebt": "220000",
            "netIncome": "76862000",
            "capitalExpenditures": "41227000",
            "operatingCashflow": "195814000",
            "grossProfit": "174756000",
            "totalRevenue": "449674000",
            "sentiment": 0,
            "surprise": "0.11",
            "closePrice": "172.858722812056"
        },
        {
            "fiscalDateEnding": "2021-03-31",
            "totalCurrentAssets": "442669000",
            "cashAndShortTermInvestments": "70116000",
            "totalCurrentLiabilities": "301729000",
            "currentDebt": "11971000",
            "netIncome": "71409000",
            "capitalExpenditures": "40126000",
            "operatingCashflow": "72331000",
            "grossProfit": "165740000",
            "totalRevenue": "433510000",
            "sentiment": 0,
            "surprise": "0.09",
            "closePrice": "158.210266942104"
        },
        {
            "fiscalDateEnding": "2020-12-31",
            "totalCurrentAssets": "518484000",
            "cashAndShortTermInvestments": "147762000",
            "totalCurrentLiabilities": "350973000",
            "currentDebt": "11924000",
            "netIncome": "71982000",
            "capitalExpenditures": "39298000",
            "operatingCashflow": "79507000",
            "grossProfit": "164514000",
            "totalRevenue": "422296000",
            "sentiment": 0,
            "surprise": "0.07",
            "closePrice": "152.228486028921"
        },
        {
            "fiscalDateEnding": "2020-09-30",
            "totalCurrentAssets": "574539000",
            "cashAndShortTermInvestments": "195320000",
            "totalCurrentLiabilities": "407377000",
            "currentDebt": "13264000",
            "netIncome": "91216000",
            "capitalExpenditures": "37303000",
            "operatingCashflow": "114477000",
            "grossProfit": "188822000",
            "totalRevenue": "451751000",
            "sentiment": 0,
            "surprise": "0.14",
            "closePrice": "155.863911492868"
        },
        {
            "fiscalDateEnding": "2020-06-30",
            "totalCurrentAssets": "669101000",
            "cashAndShortTermInvestments": "213345000",
            "totalCurrentLiabilities": "494845000",
            "currentDebt": "11942000",
            "netIncome": "61345000",
            "capitalExpenditures": "44530000",
            "operatingCashflow": "234079000",
            "grossProfit": "155577000",
            "totalRevenue": "410412000",
            "sentiment": 0,
            "surprise": "0.02",
            "closePrice": "189.177849517519"
        },
        {
            "fiscalDateEnding": "2020-03-31",
            "totalCurrentAssets": "479650000",
            "cashAndShortTermInvestments": "109514000",
            "totalCurrentLiabilities": "298408000",
            "currentDebt": "11880000",
            "netIncome": "73855000",
            "capitalExpenditures": "96671000",
            "operatingCashflow": "61440000",
            "grossProfit": "170867000",
            "totalRevenue": "429438000",
            "sentiment": 0,
            "surprise": "0.16",
            "closePrice": "154.692586216159"
        },
        {
            "fiscalDateEnding": "2019-12-31",
            "totalCurrentAssets": "427731000",
            "cashAndShortTermInvestments": "72513000",
            "totalCurrentLiabilities": "343154000",
            "currentDebt": "12094000",
            "netIncome": "72098000",
            "capitalExpenditures": "20784000",
            "operatingCashflow": "91961000",
            "grossProfit": "170042000",
            "totalRevenue": "419309000",
            "sentiment": 0,
            "surprise": "0.05",
            "closePrice": "146.391790193914"
        },
        {
            "fiscalDateEnding": "2019-09-30",
            "totalCurrentAssets": "484123000",
            "cashAndShortTermInvestments": "96679000",
            "totalCurrentLiabilities": "393078000",
            "currentDebt": "12042000",
            "netIncome": "89370000",
            "capitalExpenditures": "15525000",
            "operatingCashflow": "123052000",
            "grossProfit": "192566000",
            "totalRevenue": "438357000",
            "sentiment": 0,
            "surprise": "0.12",
            "closePrice": "135.515232703718"
        },
        {
            "fiscalDateEnding": "2019-06-30",
            "totalCurrentAssets": "569448000",
            "cashAndShortTermInvestments": "93628000",
            "totalCurrentLiabilities": "469962000",
            "currentDebt": "0",
            "netIncome": "60993000",
            "capitalExpenditures": "12964000",
            "operatingCashflow": "197759000",
            "grossProfit": "153240000",
            "totalRevenue": "393280000",
            "sentiment": 0,
            "surprise": "0.02",
            "closePrice": "133.302760514003"
        },
        {
            "fiscalDateEnding": "2019-03-31",
            "totalCurrentAssets": "388556000",
            "cashAndShortTermInvestments": "35398000",
            "totalCurrentLiabilities": "330865000",
            "currentDebt": "35000000",
            "netIncome": "59252000",
            "capitalExpenditures": "11041000",
            "operatingCashflow": "41325000",
            "grossProfit": "144701000",
            "totalRevenue": "380295000",
            "sentiment": 0,
            "surprise": "0",
            "closePrice": "140.738008536541"
        },
        {
            "fiscalDateEnding": "2018-12-31",
            "totalCurrentAssets": "362639000",
            "cashAndShortTermInvestments": "26156000",
            "totalCurrentLiabilities": "340074000",
            "currentDebt": "None",
            "netIncome": "68089000",
            "capitalExpenditures": "10035000",
            "operatingCashflow": "45310000",
            "grossProfit": "159095000",
            "totalRevenue": "386379000",
            "sentiment": 0,
            "surprise": "0.03",
            "closePrice": "127.823366482791"
        },
        {
            "fiscalDateEnding": "2018-09-30",
            "totalCurrentAssets": "457839000",
            "cashAndShortTermInvestments": "114872000",
            "totalCurrentLiabilities": "420226000",
            "currentDebt": "None",
            "netIncome": "83551000",
            "capitalExpenditures": "25627000",
            "operatingCashflow": "146734000",
            "grossProfit": "172575000",
            "totalRevenue": "392687000",
            "sentiment": 0,
            "surprise": "0.15",
            "closePrice": "141.521444080919"
        },
        {
            "fiscalDateEnding": "2018-06-30",
            "totalCurrentAssets": "470742000",
            "cashAndShortTermInvestments": "31440000",
            "totalCurrentLiabilities": "448055000",
            "currentDebt": "0",
            "netIncome": "67836000",
            "capitalExpenditures": "28450000",
            "operatingCashflow": "177270000",
            "grossProfit": "193623000",
            "totalRevenue": "417229000",
            "sentiment": 0,
            "surprise": "0.15",
            "closePrice": "134.974995210254"
        },
        {
            "fiscalDateEnding": "2018-03-31",
            "totalCurrentAssets": "362030000",
            "cashAndShortTermInvestments": "57402000",
            "totalCurrentLiabilities": "289238000",
            "currentDebt": "None",
            "netIncome": "69085000",
            "capitalExpenditures": "6549000",
            "operatingCashflow": "57964000",
            "grossProfit": "166167000",
            "totalRevenue": "384684000",
            "sentiment": 0,
            "surprise": "0.07",
            "closePrice": "113.391626539539"
        },
        {
            "fiscalDateEnding": "2017-12-31",
            "totalCurrentAssets": "369600000",
            "cashAndShortTermInvestments": "57719000",
            "totalCurrentLiabilities": "353754000",
            "currentDebt": "None",
            "netIncome": "161243000",
            "capitalExpenditures": "11114000",
            "operatingCashflow": "38186000",
            "grossProfit": "167656000",
            "totalRevenue": "374756000",
            "sentiment": 0,
            "surprise": "0",
            "closePrice": "109.814282441803"
        },
        {
            "fiscalDateEnding": "2017-09-30",
            "totalCurrentAssets": "403871000",
            "cashAndShortTermInvestments": "104040000",
            "totalCurrentLiabilities": "414740000",
            "currentDebt": "None",
            "netIncome": "66870000",
            "capitalExpenditures": "7160000",
            "operatingCashflow": "138722000",
            "grossProfit": "156019000",
            "totalRevenue": "359934000",
            "sentiment": 0,
            "surprise": "0.01",
            "closePrice": "104.493896901471"
        },
        {
            "fiscalDateEnding": "2017-06-30",
            "totalCurrentAssets": "520031000",
            "cashAndShortTermInvestments": "114765000",
            "totalCurrentLiabilities": "471192000",
            "currentDebt": "0",
            "netIncome": "64691000",
            "capitalExpenditures": "15625000",
            "operatingCashflow": "158455000",
            "grossProfit": "164371000",
            "totalRevenue": "383769000",
            "sentiment": 0,
            "surprise": "-0.01",
            "closePrice": "98.5772566320196"
        },
        {
            "fiscalDateEnding": "2017-03-31",
            "totalCurrentAssets": "299154000",
            "cashAndShortTermInvestments": "42916000",
            "totalCurrentLiabilities": "269876000",
            "currentDebt": "0",
            "netIncome": "60044000",
            "capitalExpenditures": "14070000",
            "operatingCashflow": "35000000",
            "grossProfit": "147040000",
            "totalRevenue": "353767000",
            "sentiment": 0,
            "surprise": "0.05",
            "closePrice": "89.8360812079937"
        },
        {
            "fiscalDateEnding": "2016-12-31",
            "totalCurrentAssets": "323737000",
            "cashAndShortTermInvestments": "64188000",
            "totalCurrentLiabilities": "328588000",
            "currentDebt": "0",
            "netIncome": "58814000",
            "capitalExpenditures": "16419000",
            "operatingCashflow": "30496000",
            "grossProfit": "150407000",
            "totalRevenue": "348553000",
            "sentiment": 0,
            "surprise": "0.01",
            "closePrice": "82.7804156683697"
        },
        {
            "fiscalDateEnding": "2016-09-30",
            "totalCurrentAssets": "342900000",
            "cashAndShortTermInvestments": "84519000",
            "totalCurrentLiabilities": "379371000",
            "currentDebt": "0",
            "netIncome": "62244000",
            "capitalExpenditures": "12441000",
            "operatingCashflow": "133371000",
            "grossProfit": "150265000",
            "totalRevenue": "345028000",
            "sentiment": 0,
            "surprise": "0.09",
            "closePrice": "74.9462825967643"
        },
        {
            "fiscalDateEnding": "2016-06-30",
            "totalCurrentAssets": "431929000",
            "cashAndShortTermInvestments": "70310000",
            "totalCurrentLiabilities": "443732000",
            "currentDebt": "200000",
            "netIncome": "84270000",
            "capitalExpenditures": "14694000",
            "operatingCashflow": "159051000",
            "grossProfit": "161700000",
            "totalRevenue": "366970000",
            "sentiment": 0,
            "surprise": "0.04",
            "closePrice": "80.7884928469995"
        },
        {
            "fiscalDateEnding": "2016-03-31",
            "totalCurrentAssets": "309970000",
            "cashAndShortTermInvestments": "54001000",
            "totalCurrentLiabilities": "279264000",
            "currentDebt": "213000",
            "netIncome": "53883000",
            "capitalExpenditures": "13768000",
            "operatingCashflow": "60091000",
            "grossProfit": "138913000",
            "totalRevenue": "333186000",
            "sentiment": 0,
            "surprise": "0.02",
            "closePrice": "74.1842438671747"
        },
        {
            "fiscalDateEnding": "2015-12-31",
            "totalCurrentAssets": "320017000",
            "cashAndShortTermInvestments": "55126000",
            "totalCurrentLiabilities": "333751000",
            "currentDebt": "323000",
            "netIncome": "59348000",
            "capitalExpenditures": "22379000",
            "operatingCashflow": "20470000",
            "grossProfit": "142427000",
            "totalRevenue": "332872000",
            "sentiment": 0,
            "surprise": "0.07",
            "closePrice": "73.2608267629846"
        },
        {
            "fiscalDateEnding": "2015-09-30",
            "totalCurrentAssets": "345425000",
            "cashAndShortTermInvestments": "84485000",
            "totalCurrentLiabilities": "397226000",
            "currentDebt": "1107000",
            "netIncome": "51366000",
            "capitalExpenditures": "17310000",
            "operatingCashflow": "126810000",
            "grossProfit": "137955000",
            "totalRevenue": "321618000",
            "sentiment": 0,
            "surprise": "0.03",
            "closePrice": "70.2059975458504"
        },
        {
            "fiscalDateEnding": "2015-06-30",
            "totalCurrentAssets": "493499000",
            "cashAndShortTermInvestments": "148313000",
            "totalCurrentLiabilities": "443611000",
            "currentDebt": "2595000",
            "netIncome": "60539000",
            "capitalExpenditures": "22296000",
            "operatingCashflow": "191303000",
            "grossProfit": "146414000",
            "totalRevenue": "333713000",
            "sentiment": 0,
            "surprise": "0.08",
            "closePrice": "59.3884723336011"
        },
        {
            "fiscalDateEnding": "2015-03-31",
            "totalCurrentAssets": "294532000",
            "cashAndShortTermInvestments": "52800000",
            "totalCurrentLiabilities": "287605000",
            "currentDebt": "7247000",
            "netIncome": "50712000",
            "capitalExpenditures": "11312000",
            "operatingCashflow": "55589000",
            "grossProfit": "131815000",
            "totalRevenue": "309709000",
            "sentiment": 0,
            "surprise": "0.01",
            "closePrice": "60.2474874541732"
        },
        {
            "fiscalDateEnding": "2014-12-31",
            "totalCurrentAssets": "306781000",
            "cashAndShortTermInvestments": "49332000",
            "totalCurrentLiabilities": "405259000",
            "currentDebt": "77888000",
            "netIncome": "53882000",
            "capitalExpenditures": "9881000",
            "operatingCashflow": "33750000",
            "grossProfit": "131035000",
            "totalRevenue": "311294000",
            "sentiment": 0,
            "surprise": "0.05",
            "closePrice": "56.4668655704041"
        },
        {
            "fiscalDateEnding": "2014-09-30",
            "totalCurrentAssets": "310323000",
            "cashAndShortTermInvestments": "39402000",
            "totalCurrentLiabilities": "404724000",
            "currentDebt": "9964000",
            "netIncome": "46088000",
            "capitalExpenditures": "24940000",
            "operatingCashflow": "93148000",
            "grossProfit": "126590000",
            "totalRevenue": "301474000",
            "sentiment": 0,
            "surprise": "0.01",
            "closePrice": "53.5555897075739"
        },
        {
            "fiscalDateEnding": "2014-06-30",
            "totalCurrentAssets": "390506000",
            "cashAndShortTermInvestments": "70377000",
            "totalCurrentLiabilities": "446809000",
            "currentDebt": "5407000",
            "netIncome": "52529000",
            "capitalExpenditures": "10412000",
            "operatingCashflow": "180222000",
            "grossProfit": "136119000",
            "totalRevenue": "315166000",
            "sentiment": 0,
            "surprise": "0",
            "closePrice": "51.2132814591599"
        },
        {
            "fiscalDateEnding": "2014-03-31",
            "totalCurrentAssets": "278985000",
            "cashAndShortTermInvestments": "52244000",
            "totalCurrentLiabilities": "254448000",
            "currentDebt": "11832000",
            "netIncome": "42606000",
            "capitalExpenditures": "10215000",
            "operatingCashflow": "30121000",
            "grossProfit": "117375000",
            "totalRevenue": "291434000",
            "sentiment": 0,
            "surprise": "0",
            "closePrice": "48.7943383888372"
        },
        {
            "fiscalDateEnding": "2013-12-31",
            "totalCurrentAssets": "382711000",
            "cashAndShortTermInvestments": "155501000",
            "totalCurrentLiabilities": "289546000",
            "currentDebt": "3989000",
            "netIncome": "48360000",
            "capitalExpenditures": "18312000",
            "operatingCashflow": "33626000",
            "grossProfit": "123019000",
            "totalRevenue": "288843000",
            "sentiment": 0,
            "surprise": "0.01",
            "closePrice": "48.1800055772528"
        },
        {
            "fiscalDateEnding": "2013-09-30",
            "totalCurrentAssets": "430459000",
            "cashAndShortTermInvestments": "181787000",
            "totalCurrentLiabilities": "365243000",
            "currentDebt": "11447000",
            "netIncome": "43220000",
            "capitalExpenditures": "10534000",
            "operatingCashflow": "97690000",
            "grossProfit": "117288000",
            "totalRevenue": "277730000",
            "sentiment": 0,
            "surprise": "0.02",
            "closePrice": "47.6338275612316"
        },
        {
            "fiscalDateEnding": "2013-06-30",
            "totalCurrentAssets": "456119000",
            "cashAndShortTermInvestments": "127905000",
            "totalCurrentLiabilities": "434202000",
            "currentDebt": "7929000",
            "netIncome": "53248000",
            "capitalExpenditures": "31233000",
            "operatingCashflow": "156749000",
            "grossProfit": "124237000",
            "totalRevenue": "311326000",
            "sentiment": 0,
            "surprise": "0.04",
            "closePrice": "44.4096318241302"
        },
        {
            "fiscalDateEnding": "2013-03-31",
            "totalCurrentAssets": "392764000",
            "cashAndShortTermInvestments": "182051000",
            "totalCurrentLiabilities": "260791000",
            "currentDebt": "37581000",
            "netIncome": "45996000",
            "capitalExpenditures": "23572000",
            "operatingCashflow": "33257000",
            "grossProfit": "114590000",
            "totalRevenue": "281543000",
            "sentiment": 0,
            "surprise": "0.02",
            "closePrice": "40.4181952612961"
        },
        {
            "fiscalDateEnding": "2012-12-31",
            "totalCurrentAssets": "408936000",
            "cashAndShortTermInvestments": "192854000",
            "totalCurrentLiabilities": "299756000",
            "currentDebt": "30376000",
            "netIncome": "40505000",
            "capitalExpenditures": "24343000",
            "operatingCashflow": "17319000",
            "grossProfit": "122237000",
            "totalRevenue": "278694000",
            "sentiment": 0,
            "surprise": "0.07",
            "closePrice": "36.5810680242289"
        },
        {
            "fiscalDateEnding": "2012-09-30",
            "totalCurrentAssets": "450729000",
            "cashAndShortTermInvestments": "223688000",
            "totalCurrentLiabilities": "355371000",
            "currentDebt": "31474000",
            "netIncome": "42475000",
            "capitalExpenditures": "18626000",
            "operatingCashflow": "101849000",
            "grossProfit": "115928000",
            "totalRevenue": "271001000",
            "sentiment": 0,
            "surprise": "0.03",
            "closePrice": "32.9046781988104"
        },
        {
            "fiscalDateEnding": "2012-06-30",
            "totalCurrentAssets": "468649000",
            "cashAndShortTermInvestments": "157313000",
            "totalCurrentLiabilities": "402243000",
            "currentDebt": "25503000",
            "netIncome": "43327000",
            "capitalExpenditures": "26904000",
            "operatingCashflow": "146533000",
            "grossProfit": "108512000",
            "totalRevenue": "266609000",
            "sentiment": 0,
            "surprise": "0.04",
            "closePrice": "30.9912220244923"
        },
        {
            "fiscalDateEnding": "2012-03-31",
            "totalCurrentAssets": "292963000",
            "cashAndShortTermInvestments": "89771000",
            "totalCurrentLiabilities": "221707000",
            "currentDebt": "28567000",
            "netIncome": "36657000",
            "capitalExpenditures": "17852000",
            "operatingCashflow": "21756000",
            "grossProfit": "103383000",
            "totalRevenue": "256304000",
            "sentiment": 0,
            "surprise": "0",
            "closePrice": "29.3685596861164"
        },
        {
            "fiscalDateEnding": "2011-12-31",
            "totalCurrentAssets": "308773000",
            "cashAndShortTermInvestments": "96202000",
            "totalCurrentLiabilities": "277361000",
            "currentDebt": "28914000",
            "netIncome": "38525000",
            "capitalExpenditures": "16439000",
            "operatingCashflow": "17798000",
            "grossProfit": "107409000",
            "totalRevenue": "255858000",
            "sentiment": 0,
            "surprise": "0.01",
            "closePrice": "29.3227141384813"
        },
        {
            "fiscalDateEnding": "2011-09-30",
            "totalCurrentAssets": "322974000",
            "cashAndShortTermInvestments": "109055000",
            "totalCurrentLiabilities": "327799000",
            "currentDebt": "33161000",
            "netIncome": "36475000",
            "capitalExpenditures": "18839000",
            "operatingCashflow": "78463000",
            "grossProfit": "104426000",
            "totalRevenue": "248338000",
            "sentiment": 0,
            "surprise": "0.01",
            "closePrice": "26.3500014354353"
        },
        {
            "fiscalDateEnding": "2011-06-30",
            "totalCurrentAssets": "353950000",
            "cashAndShortTermInvestments": "64125000",
            "totalCurrentLiabilities": "380511000",
            "currentDebt": "26092000",
            "netIncome": "36574000",
            "capitalExpenditures": "15544000",
            "operatingCashflow": "124974000",
            "grossProfit": "104192000",
            "totalRevenue": "249255000",
            "sentiment": 0,
            "surprise": "0.02",
            "closePrice": "23.4759999777545"
        },
        {
            "fiscalDateEnding": "2011-03-31",
            "totalCurrentAssets": "231754000",
            "cashAndShortTermInvestments": "55383000",
            "totalCurrentLiabilities": "207152000",
            "currentDebt": "20102000",
            "netIncome": "33081000",
            "capitalExpenditures": "15910000",
            "operatingCashflow": "29329000",
            "grossProfit": "95290000",
            "totalRevenue": "240185000",
            "sentiment": 0,
            "surprise": "0",
            "closePrice": "28.3362756996033"
        },
        {
            "fiscalDateEnding": "2010-12-31",
            "totalCurrentAssets": "239063000",
            "cashAndShortTermInvestments": "47871000",
            "totalCurrentLiabilities": "249258000",
            "currentDebt": "15043000",
            "netIncome": "36045000",
            "capitalExpenditures": "43767000",
            "operatingCashflow": "10466000",
            "grossProfit": "102819000",
            "totalRevenue": "242635000",
            "sentiment": 0,
            "surprise": "0.05",
            "closePrice": "25.1820632996825"
        },
        {
            "fiscalDateEnding": "2010-09-30",
            "totalCurrentAssets": "248754000",
            "cashAndShortTermInvestments": "47766000",
            "totalCurrentLiabilities": "305040000",
            "currentDebt": "11043000",
            "netIncome": "31771000",
            "capitalExpenditures": "-16182000",
            "operatingCashflow": "75363000",
            "grossProfit": "97033000",
            "totalRevenue": "234822000",
            "sentiment": 0,
            "surprise": "0.03",
            "closePrice": "23.1223425021922"
        }
    ]
}