{
    "JNPR": [
        {
            "fiscalDateEnding": "2023-12-31",
            "totalCurrentAssets": "3795500000",
            "cashAndShortTermInvestments": "1207500000",
            "totalCurrentLiabilities": "2104000000",
            "currentDebt": "None",
            "netIncome": "124300000",
            "capitalExpenditures": "35400000",
            "operatingCashflow": "9100000",
            "grossProfit": "807200000",
            "totalRevenue": "1344200000",
            "sentiment": 0.2898656864950973,
            "surprise": "-0.03",
            "closePrice": "36.9604134228188"
        },
        {
            "fiscalDateEnding": "2023-09-30",
            "totalCurrentAssets": "3871300000",
            "cashAndShortTermInvestments": "1377100000",
            "totalCurrentLiabilities": "2236800000",
            "currentDebt": "None",
            "netIncome": "76100000",
            "capitalExpenditures": "40800000",
            "operatingCashflow": "329200000",
            "grossProfit": "810400000",
            "totalRevenue": "1377300000",
            "sentiment": 0.17620728826248086,
            "surprise": "0.05",
            "closePrice": "24.7405610991074"
        },
        {
            "fiscalDateEnding": "2023-06-30",
            "totalCurrentAssets": "3751000000",
            "cashAndShortTermInvestments": "1234100000",
            "totalCurrentLiabilities": "2262200000",
            "currentDebt": "None",
            "netIncome": "24400000",
            "capitalExpenditures": "41100000",
            "operatingCashflow": "343000000",
            "grossProfit": "813100000",
            "totalRevenue": "1410400000",
            "sentiment": 0.28592261830365345,
            "surprise": "0.03",
            "closePrice": "29.0685568729845"
        },
        {
            "fiscalDateEnding": "2023-03-31",
            "totalCurrentAssets": "3658100000",
            "cashAndShortTermInvestments": "1098400000",
            "totalCurrentLiabilities": "2074200000",
            "currentDebt": "None",
            "netIncome": "85400000",
            "capitalExpenditures": "42100000",
            "operatingCashflow": "191500000",
            "grossProfit": "771200000",
            "totalRevenue": "1352600000",
            "sentiment": 0.236728252130117,
            "surprise": "0.05",
            "closePrice": "30.1134145104337"
        },
        {
            "fiscalDateEnding": "2022-12-31",
            "totalCurrentAssets": "3617100000",
            "cashAndShortTermInvestments": "1090400000",
            "totalCurrentLiabilities": "2078900000",
            "currentDebt": "None",
            "netIncome": "180400000",
            "capitalExpenditures": "31700000",
            "operatingCashflow": "119600000",
            "grossProfit": "827000000",
            "totalRevenue": "1431300000",
            "sentiment": 0.24430672465881537,
            "surprise": "0",
            "closePrice": "31.1736771130033"
        },
        {
            "fiscalDateEnding": "2022-09-30",
            "totalCurrentAssets": "3208700000",
            "cashAndShortTermInvestments": "1057100000",
            "totalCurrentLiabilities": "1896700000",
            "currentDebt": "None",
            "netIncome": "121500000",
            "capitalExpenditures": "23900000",
            "operatingCashflow": "51800000",
            "grossProfit": "787800000",
            "totalRevenue": "1399400000",
            "sentiment": 0.06396661007044567,
            "surprise": "0.08",
            "closePrice": "27.9664874557086"
        },
        {
            "fiscalDateEnding": "2022-06-30",
            "totalCurrentAssets": "3072000000",
            "cashAndShortTermInvestments": "1016100000",
            "totalCurrentLiabilities": "1949900000",
            "currentDebt": "None",
            "netIncome": "113400000",
            "capitalExpenditures": "24500000",
            "operatingCashflow": "-266900000",
            "grossProfit": "694100000",
            "totalRevenue": "1302000000",
            "sentiment": 0.03686941615562375,
            "surprise": "-0.03",
            "closePrice": "26.7236356339349"
        },
        {
            "fiscalDateEnding": "2022-03-31",
            "totalCurrentAssets": "3038300000",
            "cashAndShortTermInvestments": "1306700000",
            "totalCurrentLiabilities": "1858400000",
            "currentDebt": "None",
            "netIncome": "55700000",
            "capitalExpenditures": "25000000",
            "operatingCashflow": "193100000",
            "grossProfit": "649400000",
            "totalRevenue": "1155700000",
            "sentiment": 0.03898256767147156,
            "surprise": "-0.01",
            "closePrice": "31.7709245661807"
        },
        {
            "fiscalDateEnding": "2021-12-31",
            "totalCurrentAssets": "2956600000",
            "cashAndShortTermInvestments": "1238000000",
            "totalCurrentLiabilities": "1876500000",
            "currentDebt": "0",
            "netIncome": "132900000",
            "capitalExpenditures": "30500000",
            "operatingCashflow": "116000000",
            "grossProfit": "750400000",
            "totalRevenue": "1287600000",
            "sentiment": 0,
            "surprise": "0.03",
            "closePrice": "29.5542879615894"
        },
        {
            "fiscalDateEnding": "2021-09-30",
            "totalCurrentAssets": "2739600000",
            "cashAndShortTermInvestments": "1331800000",
            "totalCurrentLiabilities": "1639100000",
            "currentDebt": "0",
            "netIncome": "88900000",
            "capitalExpenditures": "28400000",
            "operatingCashflow": "136700000",
            "grossProfit": "692200000",
            "totalRevenue": "1176600000",
            "sentiment": 0,
            "surprise": "0",
            "closePrice": "25.6680759938185"
        },
        {
            "fiscalDateEnding": "2021-06-30",
            "totalCurrentAssets": "2646100000",
            "cashAndShortTermInvestments": "1322200000",
            "totalCurrentLiabilities": "1690900000",
            "currentDebt": "None",
            "netIncome": "62000000",
            "capitalExpenditures": "21400000",
            "operatingCashflow": "257200000",
            "grossProfit": "681900000",
            "totalRevenue": "1159700000",
            "sentiment": 0,
            "surprise": "0.04",
            "closePrice": "25.6312454091921"
        },
        {
            "fiscalDateEnding": "2021-03-31",
            "totalCurrentAssets": "2600300000",
            "cashAndShortTermInvestments": "1283200000",
            "totalCurrentLiabilities": "1607700000",
            "currentDebt": "None",
            "netIncome": "-31100000",
            "capitalExpenditures": "19700000",
            "operatingCashflow": "179800000",
            "grossProfit": "615600000",
            "totalRevenue": "1000100000",
            "sentiment": 0,
            "surprise": "0.05",
            "closePrice": "23.2660334889092"
        },
        {
            "fiscalDateEnding": "2020-12-31",
            "totalCurrentAssets": "3271200000",
            "cashAndShortTermInvestments": "1774000000",
            "totalCurrentLiabilities": "2161100000",
            "currentDebt": "421500000",
            "netIncome": "30800000",
            "capitalExpenditures": "32500000",
            "operatingCashflow": "125800000",
            "grossProfit": "717000000",
            "totalRevenue": "1222600000",
            "sentiment": 0,
            "surprise": "0.02",
            "closePrice": "23.8252263047823"
        },
        {
            "fiscalDateEnding": "2020-09-30",
            "totalCurrentAssets": "3038500000",
            "cashAndShortTermInvestments": "1840800000",
            "totalCurrentLiabilities": "1501600000",
            "currentDebt": "None",
            "netIncome": "145400000",
            "capitalExpenditures": "24100000",
            "operatingCashflow": "116400000",
            "grossProfit": "657800000",
            "totalRevenue": "1119100000",
            "sentiment": 0,
            "surprise": "0",
            "closePrice": "19.7564985118877"
        },
        {
            "fiscalDateEnding": "2020-06-30",
            "totalCurrentAssets": "3001200000",
            "cashAndShortTermInvestments": "1857900000",
            "totalCurrentLiabilities": "1596300000",
            "currentDebt": "None",
            "netIncome": "61200000",
            "capitalExpenditures": "22000000",
            "operatingCashflow": "97600000",
            "grossProfit": "619600000",
            "totalRevenue": "1067000000",
            "sentiment": 0,
            "surprise": "0.01",
            "closePrice": "21.7614985788018"
        },
        {
            "fiscalDateEnding": "2020-03-31",
            "totalCurrentAssets": "2972700000",
            "cashAndShortTermInvestments": "1921600000",
            "totalCurrentLiabilities": "1536500000",
            "currentDebt": "None",
            "netIncome": "20400000",
            "capitalExpenditures": "21800000",
            "operatingCashflow": "272200000",
            "grossProfit": "579300000",
            "totalRevenue": "977900000",
            "sentiment": 0,
            "surprise": "-0.02",
            "closePrice": "21.298866556685"
        },
        {
            "fiscalDateEnding": "2019-12-31",
            "totalCurrentAssets": "3209800000",
            "cashAndShortTermInvestments": "1953800000",
            "totalCurrentLiabilities": "1543900000",
            "currentDebt": "None",
            "netIncome": "168400000",
            "capitalExpenditures": "26100000",
            "operatingCashflow": "95700000",
            "grossProfit": "719300000",
            "totalRevenue": "1208100000",
            "sentiment": 0,
            "surprise": "0.01",
            "closePrice": "21.5671236832062"
        },
        {
            "fiscalDateEnding": "2019-09-30",
            "totalCurrentAssets": "3187500000",
            "cashAndShortTermInvestments": "2245600000",
            "totalCurrentLiabilities": "1422900000",
            "currentDebt": "40400000",
            "netIncome": "99300000",
            "capitalExpenditures": "28300000",
            "operatingCashflow": "185000000",
            "grossProfit": "678400000",
            "totalRevenue": "1095700000",
            "sentiment": 0,
            "surprise": "0.02",
            "closePrice": "21.4398259318918"
        },
        {
            "fiscalDateEnding": "2019-06-30",
            "totalCurrentAssets": "3758600000",
            "cashAndShortTermInvestments": "2800200000",
            "totalCurrentLiabilities": "1766200000",
            "currentDebt": "339300000",
            "netIncome": "46200000",
            "capitalExpenditures": "27300000",
            "operatingCashflow": "88800000",
            "grossProfit": "636800000",
            "totalRevenue": "1080500000",
            "sentiment": 0,
            "surprise": "0",
            "closePrice": "22.9616131657041"
        },
        {
            "fiscalDateEnding": "2019-03-31",
            "totalCurrentAssets": "4309600000",
            "cashAndShortTermInvestments": "3383000000",
            "totalCurrentLiabilities": "1489100000",
            "currentDebt": "None",
            "netIncome": "31100000",
            "capitalExpenditures": "27900000",
            "operatingCashflow": "159400000",
            "grossProfit": "582300000",
            "totalRevenue": "977500000",
            "sentiment": 0,
            "surprise": "0.05",
            "closePrice": "24.1974295051371"
        },
        {
            "fiscalDateEnding": "2018-12-31",
            "totalCurrentAssets": "4581800000",
            "cashAndShortTermInvestments": "2489000000",
            "totalCurrentLiabilities": "1842500000",
            "currentDebt": "None",
            "netIncome": "192200000",
            "capitalExpenditures": "36500000",
            "operatingCashflow": "212400000",
            "grossProfit": "710900000",
            "totalRevenue": "1181000000",
            "sentiment": 0,
            "surprise": "0.02",
            "closePrice": "23.8920668911047"
        },
        {
            "fiscalDateEnding": "2018-09-30",
            "totalCurrentAssets": "4290700000",
            "cashAndShortTermInvestments": "3389000000",
            "totalCurrentLiabilities": "1740500000",
            "currentDebt": "None",
            "netIncome": "223800000",
            "capitalExpenditures": "31600000",
            "operatingCashflow": "207300000",
            "grossProfit": "711000000",
            "totalRevenue": "1154000000",
            "sentiment": 0,
            "surprise": "0.09",
            "closePrice": "23.4271986212778"
        },
        {
            "fiscalDateEnding": "2018-06-30",
            "totalCurrentAssets": "4104600000",
            "cashAndShortTermInvestments": "3122700000",
            "totalCurrentLiabilities": "1808500000",
            "currentDebt": "None",
            "netIncome": "116500000",
            "capitalExpenditures": "37100000",
            "operatingCashflow": "170300000",
            "grossProfit": "700900000",
            "totalRevenue": "1178200000",
            "sentiment": 0,
            "surprise": "0.04",
            "closePrice": "23.8453417894506"
        },
        {
            "fiscalDateEnding": "2018-03-31",
            "totalCurrentAssets": "3920700000",
            "cashAndShortTermInvestments": "2931900000",
            "totalCurrentLiabilities": "1830000000",
            "currentDebt": "None",
            "netIncome": "34400000",
            "capitalExpenditures": "42200000",
            "operatingCashflow": "271100000",
            "grossProfit": "618400000",
            "totalRevenue": "1082600000",
            "sentiment": 0,
            "surprise": "0.02",
            "closePrice": "20.7424590767736"
        },
        {
            "fiscalDateEnding": "2017-12-31",
            "totalCurrentAssets": "4184500000",
            "cashAndShortTermInvestments": "2006500000",
            "totalCurrentLiabilities": "1738200000",
            "currentDebt": "None",
            "netIncome": "-148100000",
            "capitalExpenditures": "53600000",
            "operatingCashflow": "212600000",
            "grossProfit": "751200000",
            "totalRevenue": "1239500000",
            "sentiment": 0,
            "surprise": "0.01",
            "closePrice": "23.5785958448538"
        },
        {
            "fiscalDateEnding": "2017-09-30",
            "totalCurrentAssets": "4283300000",
            "cashAndShortTermInvestments": "3285700000",
            "totalCurrentLiabilities": "1585300000",
            "currentDebt": "None",
            "netIncome": "165700000",
            "capitalExpenditures": "33300000",
            "operatingCashflow": "201400000",
            "grossProfit": "772400000",
            "totalRevenue": "1257800000",
            "sentiment": 0,
            "surprise": "0",
            "closePrice": "21.7020509482012"
        },
        {
            "fiscalDateEnding": "2017-06-30",
            "totalCurrentAssets": "4145100000",
            "cashAndShortTermInvestments": "3145200000",
            "totalCurrentLiabilities": "1672800000",
            "currentDebt": "None",
            "netIncome": "179800000",
            "capitalExpenditures": "32200000",
            "operatingCashflow": "298700000",
            "grossProfit": "801900000",
            "totalRevenue": "1308900000",
            "sentiment": 0,
            "surprise": "0.03",
            "closePrice": "24.7648915259433"
        },
        {
            "fiscalDateEnding": "2017-03-31",
            "totalCurrentAssets": "3993800000",
            "cashAndShortTermInvestments": "2984300000",
            "totalCurrentLiabilities": "1582600000",
            "currentDebt": "None",
            "netIncome": "108800000",
            "capitalExpenditures": "32100000",
            "operatingCashflow": "546600000",
            "grossProfit": "746600000",
            "totalRevenue": "1221000000",
            "sentiment": 0,
            "surprise": "0.04",
            "closePrice": "22.8848016369986"
        },
        {
            "fiscalDateEnding": "2016-12-31",
            "totalCurrentAssets": "3971900000",
            "cashAndShortTermInvestments": "2585500000",
            "totalCurrentLiabilities": "1735900000",
            "currentDebt": "None",
            "netIncome": "188900000",
            "capitalExpenditures": "51800000",
            "operatingCashflow": "350300000",
            "grossProfit": "857700000",
            "totalRevenue": "1385600000",
            "sentiment": 0,
            "surprise": "0.03",
            "closePrice": "22.7550530182344"
        },
        {
            "fiscalDateEnding": "2016-09-30",
            "totalCurrentAssets": "3429400000",
            "cashAndShortTermInvestments": "2321700000",
            "totalCurrentLiabilities": "1508400000",
            "currentDebt": "None",
            "netIncome": "172400000",
            "capitalExpenditures": "46000000",
            "operatingCashflow": "243900000",
            "grossProfit": "799500000",
            "totalRevenue": "1285300000",
            "sentiment": 0,
            "surprise": "0.06",
            "closePrice": "19.3990569845023"
        },
        {
            "fiscalDateEnding": "2016-06-30",
            "totalCurrentAssets": "3453800000",
            "cashAndShortTermInvestments": "2344000000",
            "totalCurrentLiabilities": "1581800000",
            "currentDebt": "None",
            "netIncome": "140000000",
            "capitalExpenditures": "67600000",
            "operatingCashflow": "360000000",
            "grossProfit": "756400000",
            "totalRevenue": "1221300000",
            "sentiment": 0,
            "surprise": "0.03",
            "closePrice": "19.7230712625739"
        },
        {
            "fiscalDateEnding": "2016-03-31",
            "totalCurrentAssets": "3274200000",
            "cashAndShortTermInvestments": "2245400000",
            "totalCurrentLiabilities": "1515300000",
            "currentDebt": "None",
            "netIncome": "91400000",
            "capitalExpenditures": "49300000",
            "operatingCashflow": "172400000",
            "grossProfit": "690900000",
            "totalRevenue": "1097900000",
            "sentiment": 0,
            "surprise": "-0.01",
            "closePrice": "18.9810452264663"
        },
        {
            "fiscalDateEnding": "2015-12-31",
            "totalCurrentAssets": "2912400000",
            "cashAndShortTermInvestments": "1948000000",
            "totalCurrentLiabilities": "1801900000",
            "currentDebt": "None",
            "netIncome": "197800000",
            "capitalExpenditures": "55400000",
            "operatingCashflow": "124000000",
            "grossProfit": "842400000",
            "totalRevenue": "1319600000",
            "sentiment": 0,
            "surprise": "0.04",
            "closePrice": "21.4317573057575"
        },
        {
            "fiscalDateEnding": "2015-09-30",
            "totalCurrentAssets": "2898100000",
            "cashAndShortTermInvestments": "1983400000",
            "totalCurrentLiabilities": "1734900000",
            "currentDebt": "None",
            "netIncome": "197700000",
            "capitalExpenditures": "71100000",
            "operatingCashflow": "293000000",
            "grossProfit": "797400000",
            "totalRevenue": "1248600000",
            "sentiment": 0,
            "surprise": "0.04",
            "closePrice": "23.9528624220937"
        },
        {
            "fiscalDateEnding": "2015-06-30",
            "totalCurrentAssets": "2726900000",
            "cashAndShortTermInvestments": "1848000000",
            "totalCurrentLiabilities": "1762500000",
            "currentDebt": "None",
            "netIncome": "158000000",
            "capitalExpenditures": "39600000",
            "operatingCashflow": "263200000",
            "grossProfit": "781500000",
            "totalRevenue": "1222200000",
            "sentiment": 0,
            "surprise": "0.13",
            "closePrice": "21.2391929893153"
        },
        {
            "fiscalDateEnding": "2015-03-31",
            "totalCurrentAssets": "3101700000",
            "cashAndShortTermInvestments": "2209000000",
            "totalCurrentLiabilities": "1770400000",
            "currentDebt": "None",
            "netIncome": "80200000",
            "capitalExpenditures": "44200000",
            "operatingCashflow": "219300000",
            "grossProfit": "657300000",
            "totalRevenue": "1067400000",
            "sentiment": 0,
            "surprise": "0.01",
            "closePrice": "19.1737865001755"
        },
        {
            "fiscalDateEnding": "2014-12-31",
            "totalCurrentAssets": "2810600000",
            "cashAndShortTermInvestments": "1971800000",
            "totalCurrentLiabilities": "1513400000",
            "currentDebt": "None",
            "netIncome": "-769600000",
            "capitalExpenditures": "51900000",
            "operatingCashflow": "284900000",
            "grossProfit": "675100000",
            "totalRevenue": "1101600000",
            "sentiment": 0,
            "surprise": "0.1",
            "closePrice": "17.3675195835677"
        },
        {
            "fiscalDateEnding": "2014-09-30",
            "totalCurrentAssets": "3063300000",
            "cashAndShortTermInvestments": "1915400000",
            "totalCurrentLiabilities": "1449000000",
            "currentDebt": "None",
            "netIncome": "103600000",
            "capitalExpenditures": "42400000",
            "operatingCashflow": "-69700000",
            "grossProfit": "714800000",
            "totalRevenue": "1125900000",
            "sentiment": 0,
            "surprise": "0.01",
            "closePrice": "16.093568809518"
        },
        {
            "fiscalDateEnding": "2014-06-30",
            "totalCurrentAssets": "3497700000",
            "cashAndShortTermInvestments": "2620300000",
            "totalCurrentLiabilities": "1573500000",
            "currentDebt": "None",
            "netIncome": "221100000",
            "capitalExpenditures": "41200000",
            "operatingCashflow": "423600000",
            "grossProfit": "748200000",
            "totalRevenue": "1229500000",
            "sentiment": 0,
            "surprise": "0.02",
            "closePrice": "19.5731574841515"
        },
        {
            "fiscalDateEnding": "2014-03-31",
            "totalCurrentAssets": "3879800000",
            "cashAndShortTermInvestments": "2957500000",
            "totalCurrentLiabilities": "1446300000",
            "currentDebt": "None",
            "netIncome": "110600000",
            "capitalExpenditures": "57400000",
            "operatingCashflow": "124600000",
            "grossProfit": "720100000",
            "totalRevenue": "1170100000",
            "sentiment": 0,
            "surprise": "0",
            "closePrice": "20.4169640316149"
        },
        {
            "fiscalDateEnding": "2013-12-31",
            "totalCurrentAssets": "3703900000",
            "cashAndShortTermInvestments": "2845900000",
            "totalCurrentLiabilities": "1441400000",
            "currentDebt": "None",
            "netIncome": "151800000",
            "capitalExpenditures": "47000000",
            "operatingCashflow": "394000000",
            "grossProfit": "803600000",
            "totalRevenue": "1273600000",
            "sentiment": 0,
            "surprise": "0.06",
            "closePrice": "20.5115965416108"
        },
        {
            "fiscalDateEnding": "2013-09-30",
            "totalCurrentAssets": "3680400000",
            "cashAndShortTermInvestments": "2845200000",
            "totalCurrentLiabilities": "1400600000",
            "currentDebt": "None",
            "netIncome": "99100000",
            "capitalExpenditures": "40700000",
            "operatingCashflow": "176400000",
            "grossProfit": "746500000",
            "totalRevenue": "1185600000",
            "sentiment": 0,
            "surprise": "0.02",
            "closePrice": "16.055982529304"
        },
        {
            "fiscalDateEnding": "2013-06-30",
            "totalCurrentAssets": "3654100000",
            "cashAndShortTermInvestments": "2792800000",
            "totalCurrentLiabilities": "1422800000",
            "currentDebt": "None",
            "netIncome": "97900000",
            "capitalExpenditures": "70800000",
            "operatingCashflow": "284400000",
            "grossProfit": "720500000",
            "totalRevenue": "1150700000",
            "sentiment": 0,
            "surprise": "0.04",
            "closePrice": "16.8288146942704"
        },
        {
            "fiscalDateEnding": "2013-03-31",
            "totalCurrentAssets": "3540000000",
            "cashAndShortTermInvestments": "2656800000",
            "totalCurrentLiabilities": "1423700000",
            "currentDebt": "None",
            "netIncome": "91000000",
            "capitalExpenditures": "71500000",
            "operatingCashflow": "-8900000",
            "grossProfit": "670800000",
            "totalRevenue": "1059200000",
            "sentiment": 0,
            "surprise": "0",
            "closePrice": "13.6901697794065"
        },
        {
            "fiscalDateEnding": "2012-12-31",
            "totalCurrentAssets": "3600700000",
            "cashAndShortTermInvestments": "2849300000",
            "totalCurrentLiabilities": "1422000000",
            "currentDebt": "None",
            "netIncome": "95700000",
            "capitalExpenditures": "90900000",
            "operatingCashflow": "150100000",
            "grossProfit": "733000000",
            "totalRevenue": "1140800000",
            "sentiment": 0,
            "surprise": "0.06",
            "closePrice": "16.954991374265"
        },
        {
            "fiscalDateEnding": "2012-09-30",
            "totalCurrentAssets": "3942299000",
            "cashAndShortTermInvestments": "3147178000",
            "totalCurrentLiabilities": "1501801000",
            "currentDebt": "None",
            "netIncome": "16800000",
            "capitalExpenditures": "87100000",
            "operatingCashflow": "173200000",
            "grossProfit": "673800000",
            "totalRevenue": "1118300000",
            "sentiment": 0,
            "surprise": "0.05",
            "closePrice": "13.8557766718993"
        },
        {
            "fiscalDateEnding": "2012-06-30",
            "totalCurrentAssets": "4229756000",
            "cashAndShortTermInvestments": "3438807000",
            "totalCurrentLiabilities": "1453264000",
            "currentDebt": "None",
            "netIncome": "57700000",
            "capitalExpenditures": "87700000",
            "operatingCashflow": "212100000",
            "grossProfit": "667900000",
            "totalRevenue": "1073800000",
            "sentiment": 0,
            "surprise": "0.03",
            "closePrice": "11.6831719632435"
        },
        {
            "fiscalDateEnding": "2012-03-31",
            "totalCurrentAssets": "4231018000",
            "cashAndShortTermInvestments": "3430503000",
            "totalCurrentLiabilities": "1360756000",
            "currentDebt": "None",
            "netIncome": "16300000",
            "capitalExpenditures": "82000000",
            "operatingCashflow": "102300000",
            "grossProfit": "634100000",
            "totalRevenue": "1032500000",
            "sentiment": 0,
            "surprise": "0.03",
            "closePrice": "17.0575099267605"
        },
        {
            "fiscalDateEnding": "2011-12-31",
            "totalCurrentAssets": "4439700000",
            "cashAndShortTermInvestments": "3551700000",
            "totalCurrentLiabilities": "1466700000",
            "currentDebt": "None",
            "netIncome": "96200000",
            "capitalExpenditures": "78414000",
            "operatingCashflow": "243579000",
            "grossProfit": "698900000",
            "totalRevenue": "1120800000",
            "sentiment": 0,
            "surprise": "0",
            "closePrice": "17.6410770717352"
        },
        {
            "fiscalDateEnding": "2011-09-30",
            "totalCurrentAssets": "4131590000",
            "cashAndShortTermInvestments": "3354845000",
            "totalCurrentLiabilities": "1366680000",
            "currentDebt": "None",
            "netIncome": "83700000",
            "capitalExpenditures": "71945000",
            "operatingCashflow": "185164000",
            "grossProfit": "711600000",
            "totalRevenue": "1105800000",
            "sentiment": 0,
            "surprise": "0",
            "closePrice": "16.8840169917681"
        },
        {
            "fiscalDateEnding": "2011-06-30",
            "totalCurrentAssets": "4285943000",
            "cashAndShortTermInvestments": "3469847000",
            "totalCurrentLiabilities": "1429348000",
            "currentDebt": "None",
            "netIncome": "115500000",
            "capitalExpenditures": "61969000",
            "operatingCashflow": "318307000",
            "grossProfit": "722200000",
            "totalRevenue": "1120500000",
            "sentiment": 0,
            "surprise": "-0.02",
            "closePrice": "24.5807944714344"
        },
        {
            "fiscalDateEnding": "2011-03-31",
            "totalCurrentAssets": "4304427000",
            "cashAndShortTermInvestments": "3437940000",
            "totalCurrentLiabilities": "1403744000",
            "currentDebt": "None",
            "netIncome": "129700000",
            "capitalExpenditures": "53972000",
            "operatingCashflow": "239650000",
            "grossProfit": "735900000",
            "totalRevenue": "1101600000",
            "sentiment": 0,
            "surprise": "0",
            "closePrice": "30.3376054961848"
        },
        {
            "fiscalDateEnding": "2010-12-31",
            "totalCurrentAssets": "3214370000",
            "cashAndShortTermInvestments": "2286414000",
            "totalCurrentLiabilities": "1471976000",
            "currentDebt": "None",
            "netIncome": "190200000",
            "capitalExpenditures": "47819000",
            "operatingCashflow": "371000000",
            "grossProfit": "792000000",
            "totalRevenue": "1190000000",
            "sentiment": 0,
            "surprise": "0.02",
            "closePrice": "27.4591999838096"
        },
        {
            "fiscalDateEnding": "2010-09-30",
            "totalCurrentAssets": "2866811000",
            "cashAndShortTermInvestments": "2099437000",
            "totalCurrentLiabilities": "1240767000",
            "currentDebt": "None",
            "netIncome": "134500000",
            "capitalExpenditures": "54324000",
            "operatingCashflow": "131411000",
            "grossProfit": "677800000",
            "totalRevenue": "1012400000",
            "sentiment": 0,
            "surprise": "0",
            "closePrice": "24.0839737939559"
        },
        {
            "fiscalDateEnding": "2010-06-30",
            "totalCurrentAssets": "2899306000",
            "cashAndShortTermInvestments": "2223401000",
            "totalCurrentLiabilities": "1221019000",
            "currentDebt": "None",
            "netIncome": "130500000",
            "capitalExpenditures": "45350000",
            "operatingCashflow": "221343000",
            "grossProfit": "659900000",
            "totalRevenue": "978300000",
            "sentiment": 0,
            "surprise": "0.01",
            "closePrice": "21.0478474315875"
        },
        {
            "fiscalDateEnding": "2010-03-31",
            "totalCurrentAssets": "2996980000",
            "cashAndShortTermInvestments": "2316628000",
            "totalCurrentLiabilities": "1255152000",
            "currentDebt": "None",
            "netIncome": "163100000",
            "capitalExpenditures": "37807000",
            "operatingCashflow": "88546000",
            "grossProfit": "612000000",
            "totalRevenue": "912600000",
            "sentiment": 0,
            "surprise": "0.01",
            "closePrice": "24.8883501289211"
        },
        {
            "fiscalDateEnding": "2009-12-31",
            "totalCurrentAssets": "2878959000",
            "cashAndShortTermInvestments": "2175222000",
            "totalCurrentLiabilities": "1375785000",
            "currentDebt": "None",
            "netIncome": "22900000",
            "capitalExpenditures": "39891000",
            "operatingCashflow": "259605000",
            "grossProfit": "631200000",
            "totalRevenue": "941500000",
            "sentiment": 0,
            "surprise": "0.06",
            "closePrice": "19.3129180816628"
        },
        {
            "fiscalDateEnding": "2009-09-30",
            "totalCurrentAssets": "2653771000",
            "cashAndShortTermInvestments": "2067576000",
            "totalCurrentLiabilities": "1083269000",
            "currentDebt": "None",
            "netIncome": "83800000",
            "capitalExpenditures": "33786000",
            "operatingCashflow": "223946000",
            "grossProfit": "543300000",
            "totalRevenue": "823900000",
            "sentiment": 0,
            "surprise": "0.02",
            "closePrice": "22.2544119340352"
        },
        {
            "fiscalDateEnding": "2009-06-30",
            "totalCurrentAssets": "2595149000",
            "cashAndShortTermInvestments": "1978106000",
            "totalCurrentLiabilities": "1061845000",
            "currentDebt": "None",
            "netIncome": "14800000",
            "capitalExpenditures": "45198000",
            "operatingCashflow": "148681000",
            "grossProfit": "506400000",
            "totalRevenue": "786400000",
            "sentiment": 0,
            "surprise": "0.01",
            "closePrice": "20.9374428365923"
        }
    ]
}