{
    "KEYS": [
        {
            "fiscalDateEnding": "2024-01-31",
            "totalCurrentAssets": "4076000000",
            "cashAndShortTermInvestments": "1745000000",
            "totalCurrentLiabilities": "2116000000",
            "currentDebt": "609000000",
            "netIncome": "172000000",
            "capitalExpenditures": "47000000",
            "operatingCashflow": "328000000",
            "grossProfit": "396000000",
            "totalRevenue": "1259000000",
            "sentiment": 0.22741048793907692,
            "surprise": "0.04",
            "closePrice": "154.43"
        },
        {
            "fiscalDateEnding": "2023-10-31",
            "totalCurrentAssets": "4809000000",
            "cashAndShortTermInvestments": "2472000000",
            "totalCurrentLiabilities": "2049000000",
            "currentDebt": "599000000",
            "netIncome": "226000000",
            "capitalExpenditures": "38000000",
            "operatingCashflow": "378000000",
            "grossProfit": "511000000",
            "totalRevenue": "1311000000",
            "sentiment": 0.25105110385127233,
            "surprise": "0.12",
            "closePrice": "155.6"
        },
        {
            "fiscalDateEnding": "2023-07-31",
            "totalCurrentAssets": "4902000000",
            "cashAndShortTermInvestments": "2572000000",
            "totalCurrentLiabilities": "1338000000",
            "currentDebt": "None",
            "netIncome": "288000000",
            "capitalExpenditures": "45000000",
            "operatingCashflow": "241000000",
            "grossProfit": "548000000",
            "totalRevenue": "1382000000",
            "sentiment": 0.28773861663105854,
            "surprise": "0.15",
            "closePrice": "150.05"
        },
        {
            "fiscalDateEnding": "2023-04-30",
            "totalCurrentAssets": "4764000000",
            "cashAndShortTermInvestments": "2498000000",
            "totalCurrentLiabilities": "1422000000",
            "currentDebt": "None",
            "netIncome": "283000000",
            "capitalExpenditures": "53000000",
            "operatingCashflow": "423000000",
            "grossProfit": "544000000",
            "totalRevenue": "1390000000",
            "sentiment": 0.07650471362398363,
            "surprise": "0.17",
            "closePrice": "146.52"
        },
        {
            "fiscalDateEnding": "2023-01-31",
            "totalCurrentAssets": "4498000000",
            "cashAndShortTermInvestments": "2228000000",
            "totalCurrentLiabilities": "1465000000",
            "currentDebt": "None",
            "netIncome": "260000000",
            "capitalExpenditures": "60000000",
            "operatingCashflow": "366000000",
            "grossProfit": "520000000",
            "totalRevenue": "1381000000",
            "sentiment": 0.16127860790895848,
            "surprise": "0.17",
            "closePrice": "182.98"
        },
        {
            "fiscalDateEnding": "2022-10-31",
            "totalCurrentAssets": "4234000000",
            "cashAndShortTermInvestments": "2042000000",
            "totalCurrentLiabilities": "1407000000",
            "currentDebt": "0",
            "netIncome": "299000000",
            "capitalExpenditures": "58000000",
            "operatingCashflow": "398000000",
            "grossProfit": "556000000",
            "totalRevenue": "1443000000",
            "sentiment": 0.259538633831507,
            "surprise": "0.15",
            "closePrice": "166.03"
        },
        {
            "fiscalDateEnding": "2022-07-31",
            "totalCurrentAssets": "3961000000",
            "cashAndShortTermInvestments": "1847000000",
            "totalCurrentLiabilities": "1312000000",
            "currentDebt": "None",
            "netIncome": "338000000",
            "capitalExpenditures": "32000000",
            "operatingCashflow": "224000000",
            "grossProfit": "529000000",
            "totalRevenue": "1376000000",
            "sentiment": 0.16063104160499464,
            "surprise": "0.23",
            "closePrice": "169.29"
        },
        {
            "fiscalDateEnding": "2022-04-30",
            "totalCurrentAssets": "3886000000",
            "cashAndShortTermInvestments": "1886000000",
            "totalCurrentLiabilities": "1360000000",
            "currentDebt": "None",
            "netIncome": "258000000",
            "capitalExpenditures": "53000000",
            "operatingCashflow": "298000000",
            "grossProfit": "509000000",
            "totalRevenue": "1351000000",
            "sentiment": -0.057637514688561535,
            "surprise": "0.16",
            "closePrice": "140.37"
        },
        {
            "fiscalDateEnding": "2022-01-31",
            "totalCurrentAssets": "3808000000",
            "cashAndShortTermInvestments": "1977000000",
            "totalCurrentLiabilities": "1257000000",
            "currentDebt": "None",
            "netIncome": "229000000",
            "capitalExpenditures": "42000000",
            "operatingCashflow": "224000000",
            "grossProfit": "449000000",
            "totalRevenue": "1250000000",
            "sentiment": 0,
            "surprise": "0.1",
            "closePrice": "165.5"
        },
        {
            "fiscalDateEnding": "2021-10-31",
            "totalCurrentAssets": "3834000000",
            "cashAndShortTermInvestments": "2052000000",
            "totalCurrentLiabilities": "1309000000",
            "currentDebt": "None",
            "netIncome": "282000000",
            "capitalExpenditures": "73000000",
            "operatingCashflow": "368000000",
            "grossProfit": "509000000",
            "totalRevenue": "1294000000",
            "sentiment": 0,
            "surprise": "0.18",
            "closePrice": "191.94"
        },
        {
            "fiscalDateEnding": "2021-07-31",
            "totalCurrentAssets": "3829000000",
            "cashAndShortTermInvestments": "2153000000",
            "totalCurrentLiabilities": "1199000000",
            "currentDebt": "None",
            "netIncome": "254000000",
            "capitalExpenditures": "40000000",
            "operatingCashflow": "257000000",
            "grossProfit": "451000000",
            "totalRevenue": "1246000000",
            "sentiment": 0,
            "surprise": "0.1",
            "closePrice": "163.66"
        },
        {
            "fiscalDateEnding": "2021-04-30",
            "totalCurrentAssets": "3718000000",
            "cashAndShortTermInvestments": "1993000000",
            "totalCurrentLiabilities": "1288000000",
            "currentDebt": "None",
            "netIncome": "186000000",
            "capitalExpenditures": "33000000",
            "operatingCashflow": "402000000",
            "grossProfit": "381000000",
            "totalRevenue": "1221000000",
            "sentiment": 0,
            "surprise": "0.1",
            "closePrice": "138.15"
        },
        {
            "fiscalDateEnding": "2021-01-31",
            "totalCurrentAssets": "3566000000",
            "cashAndShortTermInvestments": "1887000000",
            "totalCurrentLiabilities": "1124000000",
            "currentDebt": "None",
            "netIncome": "172000000",
            "capitalExpenditures": "28000000",
            "operatingCashflow": "295000000",
            "grossProfit": "345000000",
            "totalRevenue": "1180000000",
            "sentiment": 0,
            "surprise": "0.06",
            "closePrice": "148.04"
        },
        {
            "fiscalDateEnding": "2020-10-31",
            "totalCurrentAssets": "3374000000",
            "cashAndShortTermInvestments": "1808000000",
            "totalCurrentLiabilities": "1081000000",
            "currentDebt": "None",
            "netIncome": "217000000",
            "capitalExpenditures": "30000000",
            "operatingCashflow": "338000000",
            "grossProfit": "405000000",
            "totalRevenue": "1220000000",
            "sentiment": 0,
            "surprise": "0.16",
            "closePrice": "115.14"
        },
        {
            "fiscalDateEnding": "2020-07-31",
            "totalCurrentAssets": "3278000000",
            "cashAndShortTermInvestments": "1697000000",
            "totalCurrentLiabilities": "980000000",
            "currentDebt": "None",
            "netIncome": "176000000",
            "capitalExpenditures": "32000000",
            "operatingCashflow": "183000000",
            "grossProfit": "285000000",
            "totalRevenue": "1011000000",
            "sentiment": 0,
            "surprise": "0.36",
            "closePrice": "102.82"
        },
        {
            "fiscalDateEnding": "2020-04-30",
            "totalCurrentAssets": "3293000000",
            "cashAndShortTermInvestments": "1841000000",
            "totalCurrentLiabilities": "949000000",
            "currentDebt": "38000000",
            "netIncome": "71000000",
            "capitalExpenditures": "23000000",
            "operatingCashflow": "298000000",
            "grossProfit": "210000000",
            "totalRevenue": "895000000",
            "sentiment": 0,
            "surprise": "-0.38",
            "closePrice": "103.4"
        },
        {
            "fiscalDateEnding": "2020-01-31",
            "totalCurrentAssets": "3326000000",
            "cashAndShortTermInvestments": "1691000000",
            "totalCurrentLiabilities": "982000000",
            "currentDebt": "36000000",
            "netIncome": "163000000",
            "capitalExpenditures": "32000000",
            "operatingCashflow": "197000000",
            "grossProfit": "330000000",
            "totalRevenue": "1095000000",
            "sentiment": 0,
            "surprise": "0.18",
            "closePrice": "90.89"
        },
        {
            "fiscalDateEnding": "2019-10-31",
            "totalCurrentAssets": "3215000000",
            "cashAndShortTermInvestments": "1598000000",
            "totalCurrentLiabilities": "1003000000",
            "currentDebt": "0",
            "netIncome": "195000000",
            "capitalExpenditures": "30000000",
            "operatingCashflow": "263000000",
            "grossProfit": "327000000",
            "totalRevenue": "1120000000",
            "sentiment": 0,
            "surprise": "0.15",
            "closePrice": "105.73"
        },
        {
            "fiscalDateEnding": "2019-07-31",
            "totalCurrentAssets": "2935000000",
            "cashAndShortTermInvestments": "1394000000",
            "totalCurrentLiabilities": "1432000000",
            "currentDebt": "500000000",
            "netIncome": "159000000",
            "capitalExpenditures": "30000000",
            "operatingCashflow": "274000000",
            "grossProfit": "305000000",
            "totalRevenue": "1087000000",
            "sentiment": 0,
            "surprise": "0.23",
            "closePrice": "89.14"
        },
        {
            "fiscalDateEnding": "2019-04-30",
            "totalCurrentAssets": "2824000000",
            "cashAndShortTermInvestments": "1277000000",
            "totalCurrentLiabilities": "1485000000",
            "currentDebt": "500000000",
            "netIncome": "153000000",
            "capitalExpenditures": "29000000",
            "operatingCashflow": "221000000",
            "grossProfit": "291000000",
            "totalRevenue": "1090000000",
            "sentiment": 0,
            "surprise": "0.24",
            "closePrice": "71.42"
        },
        {
            "fiscalDateEnding": "2019-01-31",
            "totalCurrentAssets": "2544000000",
            "cashAndShortTermInvestments": "1098000000",
            "totalCurrentLiabilities": "1400000000",
            "currentDebt": "499000000",
            "netIncome": "114000000",
            "capitalExpenditures": "31000000",
            "operatingCashflow": "240000000",
            "grossProfit": "237000000",
            "totalRevenue": "1006000000",
            "sentiment": 0,
            "surprise": "0.13",
            "closePrice": "81.75"
        },
        {
            "fiscalDateEnding": "2018-10-31",
            "totalCurrentAssets": "2378000000",
            "cashAndShortTermInvestments": "913000000",
            "totalCurrentLiabilities": "1462000000",
            "currentDebt": "499000000",
            "netIncome": "-114000000",
            "capitalExpenditures": "34000000",
            "operatingCashflow": "235000000",
            "grossProfit": "-1656000000",
            "totalRevenue": "988000000",
            "sentiment": 0,
            "surprise": "0.11",
            "closePrice": "54.35"
        },
        {
            "fiscalDateEnding": "2018-07-31",
            "totalCurrentAssets": "2182000000",
            "cashAndShortTermInvestments": "742000000",
            "totalCurrentLiabilities": "900000000",
            "currentDebt": "0",
            "netIncome": "121000000",
            "capitalExpenditures": "40000000",
            "operatingCashflow": "38000000",
            "grossProfit": "565000000",
            "totalRevenue": "1004000000",
            "sentiment": 0,
            "surprise": "0.1",
            "closePrice": "60.44"
        },
        {
            "fiscalDateEnding": "2018-04-30",
            "totalCurrentAssets": "2189000000",
            "cashAndShortTermInvestments": "784000000",
            "totalCurrentLiabilities": "953000000",
            "currentDebt": "0",
            "netIncome": "64000000",
            "capitalExpenditures": "34000000",
            "operatingCashflow": "111000000",
            "grossProfit": "543000000",
            "totalRevenue": "990000000",
            "sentiment": 0,
            "surprise": "0",
            "closePrice": "52.99"
        },
        {
            "fiscalDateEnding": "2018-01-31",
            "totalCurrentAssets": "2275000000",
            "cashAndShortTermInvestments": "980000000",
            "totalCurrentLiabilities": "886000000",
            "currentDebt": "20000000",
            "netIncome": "94000000",
            "capitalExpenditures": "24000000",
            "operatingCashflow": "171000000",
            "grossProfit": "427000000",
            "totalRevenue": "837000000",
            "sentiment": 0,
            "surprise": "0.12",
            "closePrice": "46.58"
        },
        {
            "fiscalDateEnding": "2017-10-31",
            "totalCurrentAssets": "2177000000",
            "cashAndShortTermInvestments": "831000000",
            "totalCurrentLiabilities": "819000000",
            "currentDebt": "10000000",
            "netIncome": "-68000000",
            "capitalExpenditures": "18000000",
            "operatingCashflow": "63000000",
            "grossProfit": "359000000",
            "totalRevenue": "763000000",
            "sentiment": 0,
            "surprise": "0.07",
            "closePrice": "42.08"
        },
        {
            "fiscalDateEnding": "2017-07-31",
            "totalCurrentAssets": "2158000000",
            "cashAndShortTermInvestments": "876000000",
            "totalCurrentLiabilities": "784000000",
            "currentDebt": "40000000",
            "netIncome": "-18000000",
            "capitalExpenditures": "21000000",
            "operatingCashflow": "101000000",
            "grossProfit": "442000000",
            "totalRevenue": "863000000",
            "sentiment": 0,
            "surprise": "0.01",
            "closePrice": "40.2"
        },
        {
            "fiscalDateEnding": "2017-04-30",
            "totalCurrentAssets": "2314000000",
            "cashAndShortTermInvestments": "1023000000",
            "totalCurrentLiabilities": "876000000",
            "currentDebt": "170000000",
            "netIncome": "49000000",
            "capitalExpenditures": "17000000",
            "operatingCashflow": "49000000",
            "grossProfit": "418000000",
            "totalRevenue": "758000000",
            "sentiment": 0,
            "surprise": "0.09",
            "closePrice": "40.25"
        },
        {
            "fiscalDateEnding": "2017-01-31",
            "totalCurrentAssets": "1932000000",
            "cashAndShortTermInvestments": "896000000",
            "totalCurrentLiabilities": "596000000",
            "currentDebt": "None",
            "netIncome": "109000000",
            "capitalExpenditures": "16000000",
            "operatingCashflow": "115000000",
            "grossProfit": "404000000",
            "totalRevenue": "726000000",
            "sentiment": 0,
            "surprise": "0.01",
            "closePrice": "38.22"
        },
        {
            "fiscalDateEnding": "2016-10-31",
            "totalCurrentAssets": "1854000000",
            "cashAndShortTermInvestments": "783000000",
            "totalCurrentLiabilities": "644000000",
            "currentDebt": "0",
            "netIncome": "92000000",
            "capitalExpenditures": "15000000",
            "operatingCashflow": "143000000",
            "grossProfit": "408000000",
            "totalRevenue": "692000000",
            "sentiment": 0,
            "surprise": "0",
            "closePrice": "35.22"
        },
        {
            "fiscalDateEnding": "2016-07-31",
            "totalCurrentAssets": "1711000000",
            "cashAndShortTermInvestments": "664000000",
            "totalCurrentLiabilities": "601000000",
            "currentDebt": "None",
            "netIncome": "91000000",
            "capitalExpenditures": "14000000",
            "operatingCashflow": "68000000",
            "grossProfit": "409000000",
            "totalRevenue": "718000000",
            "sentiment": 0,
            "surprise": "0.03",
            "closePrice": "29.68"
        },
        {
            "fiscalDateEnding": "2016-04-30",
            "totalCurrentAssets": "1737000000",
            "cashAndShortTermInvestments": "620000000",
            "totalCurrentLiabilities": "652000000",
            "currentDebt": "None",
            "netIncome": "88000000",
            "capitalExpenditures": "28000000",
            "operatingCashflow": "117000000",
            "grossProfit": "410000000",
            "totalRevenue": "735000000",
            "sentiment": 0,
            "surprise": "0.05",
            "closePrice": "25.99"
        },
        {
            "fiscalDateEnding": "2016-01-31",
            "totalCurrentAssets": "1626000000",
            "cashAndShortTermInvestments": "572000000",
            "totalCurrentLiabilities": "602000000",
            "currentDebt": "None",
            "netIncome": "64000000",
            "capitalExpenditures": "34000000",
            "operatingCashflow": "92000000",
            "grossProfit": "397000000",
            "totalRevenue": "726000000",
            "sentiment": 0,
            "surprise": "0.06",
            "closePrice": "23.22"
        },
        {
            "fiscalDateEnding": "2015-10-31",
            "totalCurrentAssets": "1579000000",
            "cashAndShortTermInvestments": "483000000",
            "totalCurrentLiabilities": "686000000",
            "currentDebt": "None",
            "netIncome": "277000000",
            "capitalExpenditures": "26000000",
            "operatingCashflow": "81000000",
            "grossProfit": "407000000",
            "totalRevenue": "739000000",
            "sentiment": 0,
            "surprise": "0.07",
            "closePrice": "31.13"
        },
        {
            "fiscalDateEnding": "2015-07-31",
            "totalCurrentAssets": "1983000000",
            "cashAndShortTermInvestments": "1000000000",
            "totalCurrentLiabilities": "620000000",
            "currentDebt": "None",
            "netIncome": "70000000",
            "capitalExpenditures": "35000000",
            "operatingCashflow": "135000000",
            "grossProfit": "359000000",
            "totalRevenue": "654000000",
            "sentiment": 0,
            "surprise": "0.09",
            "closePrice": "29.54"
        },
        {
            "fiscalDateEnding": "2015-04-30",
            "totalCurrentAssets": "1927000000",
            "cashAndShortTermInvestments": "894000000",
            "totalCurrentLiabilities": "631000000",
            "currentDebt": "None",
            "netIncome": "96000000",
            "capitalExpenditures": "16000000",
            "operatingCashflow": "68000000",
            "grossProfit": "405000000",
            "totalRevenue": "729000000",
            "sentiment": 0,
            "surprise": "0.05",
            "closePrice": "34.99"
        },
        {
            "fiscalDateEnding": "2015-01-31",
            "totalCurrentAssets": "1892000000",
            "cashAndShortTermInvestments": "887000000",
            "totalCurrentLiabilities": "700000000",
            "currentDebt": "None",
            "netIncome": "70000000",
            "capitalExpenditures": "15000000",
            "operatingCashflow": "92000000",
            "grossProfit": "371000000",
            "totalRevenue": "689000000",
            "sentiment": 0,
            "surprise": "0.07",
            "closePrice": "37.31"
        }
    ]
}