{
    "KLIC": [
        {
            "fiscalDateEnding": "2023-12-31",
            "totalCurrentAssets": "1177653000",
            "cashAndShortTermInvestments": "709660000",
            "totalCurrentLiabilities": "181288000",
            "currentDebt": "None",
            "netIncome": "9293000",
            "capitalExpenditures": "4426000",
            "operatingCashflow": "-7331000",
            "grossProfit": "79896000",
            "totalRevenue": "171189000",
            "sentiment": 0.2281883577277101,
            "surprise": "0.04",
            "closePrice": "45.296871350916"
        },
        {
            "fiscalDateEnding": "2023-09-30",
            "totalCurrentAssets": "1189058000",
            "cashAndShortTermInvestments": "759402000",
            "totalCurrentLiabilities": "181551000",
            "currentDebt": "None",
            "netIncome": "23357000",
            "capitalExpenditures": "9281000",
            "operatingCashflow": "77492000",
            "grossProfit": "95839000",
            "totalRevenue": "202320000",
            "sentiment": 0.23687418377127648,
            "surprise": "0.08",
            "closePrice": "46.4083498981651"
        },
        {
            "fiscalDateEnding": "2023-06-30",
            "totalCurrentAssets": "1183048000",
            "cashAndShortTermInvestments": "711806000",
            "totalCurrentLiabilities": "196776000",
            "currentDebt": "None",
            "netIncome": "4161000",
            "capitalExpenditures": "10610000",
            "operatingCashflow": "8976000",
            "grossProfit": "90018000",
            "totalRevenue": "190917000",
            "sentiment": 0.4232671356332527,
            "surprise": "0.23",
            "closePrice": "54.5258429424978"
        },
        {
            "fiscalDateEnding": "2023-03-31",
            "totalCurrentAssets": "1188873000",
            "cashAndShortTermInvestments": "734102000",
            "totalCurrentLiabilities": "195751000",
            "currentDebt": "None",
            "netIncome": "15041000",
            "capitalExpenditures": "10637000",
            "operatingCashflow": "1820000",
            "grossProfit": "84092000",
            "totalRevenue": "173021000",
            "sentiment": 0.2839414239791187,
            "surprise": "0.12",
            "closePrice": "46.4827854478912"
        },
        {
            "fiscalDateEnding": "2022-12-31",
            "totalCurrentAssets": "1270709000",
            "cashAndShortTermInvestments": "795613000",
            "totalCurrentLiabilities": "221055000",
            "currentDebt": "None",
            "netIncome": "14589000",
            "capitalExpenditures": "13878000",
            "operatingCashflow": "85116000",
            "grossProfit": "88706000",
            "totalRevenue": "176233000",
            "sentiment": 0.14000302595578573,
            "surprise": "0.13",
            "closePrice": "52.6037735590589"
        },
        {
            "fiscalDateEnding": "2022-09-30",
            "totalCurrentAssets": "1332046000",
            "cashAndShortTermInvestments": "775537000",
            "totalCurrentLiabilities": "248681000",
            "currentDebt": "None",
            "netIncome": "64904000",
            "capitalExpenditures": "12605000",
            "operatingCashflow": "116563000",
            "grossProfit": "132687000",
            "totalRevenue": "286313000",
            "sentiment": 0.33055777868042746,
            "surprise": "0.21",
            "closePrice": "44.5504487001652"
        },
        {
            "fiscalDateEnding": "2022-06-30",
            "totalCurrentAssets": "1386118000",
            "cashAndShortTermInvestments": "745781000",
            "totalCurrentLiabilities": "274039000",
            "currentDebt": "None",
            "netIncome": "119034000",
            "capitalExpenditures": "4722000",
            "operatingCashflow": "104616000",
            "grossProfit": "190685000",
            "totalRevenue": "372137000",
            "sentiment": 0.10086181654254432,
            "surprise": "0.49",
            "closePrice": "46.8961281646018"
        },
        {
            "fiscalDateEnding": "2022-03-31",
            "totalCurrentAssets": "1321862000",
            "cashAndShortTermInvestments": "690453000",
            "totalCurrentLiabilities": "274889000",
            "currentDebt": "None",
            "netIncome": "116001000",
            "capitalExpenditures": "2947000",
            "operatingCashflow": "73135000",
            "grossProfit": "201710000",
            "totalRevenue": "384282000",
            "sentiment": 0.052466451038845056,
            "surprise": "0.48",
            "closePrice": "49.193560240141"
        },
        {
            "fiscalDateEnding": "2021-12-31",
            "totalCurrentAssets": "1463063000",
            "cashAndShortTermInvestments": "808490000",
            "totalCurrentLiabilities": "343805000",
            "currentDebt": "None",
            "netIncome": "133606000",
            "capitalExpenditures": "2711000",
            "operatingCashflow": "95874000",
            "grossProfit": "223238000",
            "totalRevenue": "460888000",
            "sentiment": 0,
            "surprise": "0.29",
            "closePrice": "52.6484327887062"
        },
        {
            "fiscalDateEnding": "2021-09-30",
            "totalCurrentAssets": "1351890000",
            "cashAndShortTermInvestments": "739788000",
            "totalCurrentLiabilities": "351875000",
            "currentDebt": "None",
            "netIncome": "133711000",
            "capitalExpenditures": "6028000",
            "operatingCashflow": "123376000",
            "grossProfit": "231315000",
            "totalRevenue": "485326000",
            "sentiment": 0,
            "surprise": "0.04",
            "closePrice": "59.4473156610472"
        },
        {
            "fiscalDateEnding": "2021-06-30",
            "totalCurrentAssets": "1179593000",
            "cashAndShortTermInvestments": "634999000",
            "totalCurrentLiabilities": "308260000",
            "currentDebt": "None",
            "netIncome": "113766000",
            "capitalExpenditures": "7848000",
            "operatingCashflow": "90936000",
            "grossProfit": "195695000",
            "totalRevenue": "424318000",
            "sentiment": 0,
            "surprise": "0.51",
            "closePrice": "51.1081490662025"
        },
        {
            "fiscalDateEnding": "2021-03-31",
            "totalCurrentAssets": "1035737000",
            "cashAndShortTermInvestments": "564333000",
            "totalCurrentLiabilities": "259572000",
            "currentDebt": "None",
            "netIncome": "71320000",
            "capitalExpenditures": "4002000",
            "operatingCashflow": "27085000",
            "grossProfit": "148490000",
            "totalRevenue": "340163000",
            "sentiment": 0,
            "surprise": "0.12",
            "closePrice": "51.7278404918613"
        },
        {
            "fiscalDateEnding": "2020-12-31",
            "totalCurrentAssets": "949611000",
            "cashAndShortTermInvestments": "576670000",
            "totalCurrentLiabilities": "200690000",
            "currentDebt": "None",
            "netIncome": "48363000",
            "capitalExpenditures": "4897000",
            "operatingCashflow": "58635000",
            "grossProfit": "121486000",
            "totalRevenue": "267857000",
            "sentiment": 0,
            "surprise": "0.11",
            "closePrice": "35.6537493696354"
        },
        {
            "fiscalDateEnding": "2020-09-30",
            "totalCurrentAssets": "860196000",
            "cashAndShortTermInvestments": "530127000",
            "totalCurrentLiabilities": "157893000",
            "currentDebt": "None",
            "netIncome": "15784000",
            "capitalExpenditures": "3870000",
            "operatingCashflow": "31731000",
            "grossProfit": "88885000",
            "totalRevenue": "177688000",
            "sentiment": 0,
            "surprise": "-0.02",
            "closePrice": "29.7029386538266"
        },
        {
            "fiscalDateEnding": "2020-06-30",
            "totalCurrentAssets": "839193000",
            "cashAndShortTermInvestments": "515775000",
            "totalCurrentLiabilities": "142804000",
            "currentDebt": "5471000",
            "netIncome": "11151000",
            "capitalExpenditures": "3158000",
            "operatingCashflow": "23598000",
            "grossProfit": "69423000",
            "totalRevenue": "150450000",
            "sentiment": 0,
            "surprise": "0.07",
            "closePrice": "24.230197907901"
        },
        {
            "fiscalDateEnding": "2020-03-31",
            "totalCurrentAssets": "970427000",
            "cashAndShortTermInvestments": "640307000",
            "totalCurrentLiabilities": "262037000",
            "currentDebt": "5236000",
            "netIncome": "11888000",
            "capitalExpenditures": "2466000",
            "operatingCashflow": "14055000",
            "grossProfit": "69303000",
            "totalRevenue": "150741000",
            "sentiment": 0,
            "surprise": "0.04",
            "closePrice": "24.6698674594347"
        },
        {
            "fiscalDateEnding": "2019-12-31",
            "totalCurrentAssets": "926607000",
            "cashAndShortTermInvestments": "616374000",
            "totalCurrentLiabilities": "202203000",
            "currentDebt": "5427000",
            "netIncome": "13477000",
            "capitalExpenditures": "2225000",
            "operatingCashflow": "25028000",
            "grossProfit": "70364000",
            "totalRevenue": "144297000",
            "sentiment": 0,
            "surprise": "0.1",
            "closePrice": "26.4966125384843"
        },
        {
            "fiscalDateEnding": "2019-09-30",
            "totalCurrentAssets": "893751000",
            "cashAndShortTermInvestments": "593184000",
            "totalCurrentLiabilities": "174642000",
            "currentDebt": "None",
            "netIncome": "6404000",
            "capitalExpenditures": "2077000",
            "operatingCashflow": "-17214000",
            "grossProfit": "65438000",
            "totalRevenue": "139827000",
            "sentiment": 0,
            "surprise": "0.03",
            "closePrice": "23.479301662845"
        },
        {
            "fiscalDateEnding": "2019-06-30",
            "totalCurrentAssets": "918440000",
            "cashAndShortTermInvestments": "643538000",
            "totalCurrentLiabilities": "189254000",
            "currentDebt": "None",
            "netIncome": "1287000",
            "capitalExpenditures": "3354000",
            "operatingCashflow": "-154000",
            "grossProfit": "58780000",
            "totalRevenue": "127109000",
            "sentiment": 0,
            "surprise": "0",
            "closePrice": "20.1029406778419"
        },
        {
            "fiscalDateEnding": "2019-03-31",
            "totalCurrentAssets": "882368000",
            "cashAndShortTermInvestments": "626872000",
            "totalCurrentLiabilities": "122748000",
            "currentDebt": "None",
            "netIncome": "-3555000",
            "capitalExpenditures": "3038000",
            "operatingCashflow": "27334000",
            "grossProfit": "55573000",
            "totalRevenue": "115908000",
            "sentiment": 0,
            "surprise": "-0.13",
            "closePrice": "20.8919355850019"
        },
        {
            "fiscalDateEnding": "2018-12-31",
            "totalCurrentAssets": "943580000",
            "cashAndShortTermInvestments": "632426000",
            "totalCurrentLiabilities": "143457000",
            "currentDebt": "None",
            "netIncome": "7517000",
            "capitalExpenditures": "3273000",
            "operatingCashflow": "56001000",
            "grossProfit": "74799000",
            "totalRevenue": "157208000",
            "sentiment": 0,
            "surprise": "0.05",
            "closePrice": "20.6849648648852"
        },
        {
            "fiscalDateEnding": "2018-09-30",
            "totalCurrentAssets": "987273000",
            "cashAndShortTermInvestments": "613630000",
            "totalCurrentLiabilities": "174076000",
            "currentDebt": "None",
            "netIncome": "29635000",
            "capitalExpenditures": "4344000",
            "operatingCashflow": "-29157000",
            "grossProfit": "85823000",
            "totalRevenue": "184824000",
            "sentiment": 0,
            "surprise": "0.14",
            "closePrice": "18.1578512424418"
        },
        {
            "fiscalDateEnding": "2018-06-30",
            "totalCurrentAssets": "1022442000",
            "cashAndShortTermInvestments": "362686000",
            "totalCurrentLiabilities": "203578000",
            "currentDebt": "None",
            "netIncome": "60256000",
            "capitalExpenditures": "4452000",
            "operatingCashflow": "62849000",
            "grossProfit": "126969000",
            "totalRevenue": "268834000",
            "sentiment": 0,
            "surprise": "0.28",
            "closePrice": "23.4879622114566"
        },
        {
            "fiscalDateEnding": "2018-03-31",
            "totalCurrentAssets": "995755000",
            "cashAndShortTermInvestments": "340151000",
            "totalCurrentLiabilities": "187189000",
            "currentDebt": "None",
            "netIncome": "36313000",
            "capitalExpenditures": "6517000",
            "operatingCashflow": "36976000",
            "grossProfit": "99447000",
            "totalRevenue": "221772000",
            "sentiment": 0,
            "surprise": "0.04",
            "closePrice": "21.7511881988112"
        },
        {
            "fiscalDateEnding": "2017-12-31",
            "totalCurrentAssets": "953335000",
            "cashAndShortTermInvestments": "390661000",
            "totalCurrentLiabilities": "40371000",
            "currentDebt": "None",
            "netIncome": "-69528000",
            "capitalExpenditures": "5183000",
            "operatingCashflow": "63254000",
            "grossProfit": "97202000",
            "totalRevenue": "213691000",
            "sentiment": 0,
            "surprise": "0.24",
            "closePrice": "20.7846694540966"
        },
        {
            "fiscalDateEnding": "2017-09-30",
            "totalCurrentAssets": "953382000",
            "cashAndShortTermInvestments": "608410000",
            "totalCurrentLiabilities": "192981000",
            "currentDebt": "None",
            "netIncome": "41224000",
            "capitalExpenditures": "3538000",
            "operatingCashflow": "115959000",
            "grossProfit": "107401000",
            "totalRevenue": "213794000",
            "sentiment": 0,
            "surprise": "0.16",
            "closePrice": "25.7617893451037"
        },
        {
            "fiscalDateEnding": "2017-06-30",
            "totalCurrentAssets": "959485000",
            "cashAndShortTermInvestments": "455357000",
            "totalCurrentLiabilities": "198593000",
            "currentDebt": "None",
            "netIncome": "34809000",
            "capitalExpenditures": "4613000",
            "operatingCashflow": "33329000",
            "grossProfit": "114003000",
            "totalRevenue": "243897000",
            "sentiment": 0,
            "surprise": "0.27",
            "closePrice": "17.2618441228938"
        },
        {
            "fiscalDateEnding": "2017-03-31",
            "totalCurrentAssets": "859308000",
            "cashAndShortTermInvestments": "574203000",
            "totalCurrentLiabilities": "156426000",
            "currentDebt": "None",
            "netIncome": "32670000",
            "capitalExpenditures": "14763000",
            "operatingCashflow": "31352000",
            "grossProfit": "92263000",
            "totalRevenue": "199613000",
            "sentiment": 0,
            "surprise": "0.08",
            "closePrice": "18.8335661937381"
        },
        {
            "fiscalDateEnding": "2016-12-31",
            "totalCurrentAssets": "793661000",
            "cashAndShortTermInvestments": "577426000",
            "totalCurrentLiabilities": "115210000",
            "currentDebt": "None",
            "netIncome": "17396000",
            "capitalExpenditures": "2676000",
            "operatingCashflow": "65523000",
            "grossProfit": "68427000",
            "totalRevenue": "156353000",
            "sentiment": 0,
            "surprise": "0.12",
            "closePrice": "17.3612058630047"
        },
        {
            "fiscalDateEnding": "2016-09-30",
            "totalCurrentAssets": "780942000",
            "cashAndShortTermInvestments": "547907000",
            "totalCurrentLiabilities": "125959000",
            "currentDebt": "None",
            "netIncome": "10761000",
            "capitalExpenditures": "1526000",
            "operatingCashflow": "56438000",
            "grossProfit": "66621000",
            "totalRevenue": "145844000",
            "sentiment": 0,
            "surprise": "0.04",
            "closePrice": "13.0886510382382"
        },
        {
            "fiscalDateEnding": "2016-06-30",
            "totalCurrentAssets": "795323000",
            "cashAndShortTermInvestments": "516128000",
            "totalCurrentLiabilities": "131870000",
            "currentDebt": "None",
            "netIncome": "32925000",
            "capitalExpenditures": "1847000",
            "operatingCashflow": "31103000",
            "grossProfit": "100040000",
            "totalRevenue": "216414000",
            "sentiment": 0,
            "surprise": "0.08",
            "closePrice": "10.722035046507"
        },
        {
            "fiscalDateEnding": "2016-03-31",
            "totalCurrentAssets": "740782000",
            "cashAndShortTermInvestments": "481993000",
            "totalCurrentLiabilities": "115701000",
            "currentDebt": "None",
            "netIncome": "5109000",
            "capitalExpenditures": "1118000",
            "operatingCashflow": "4664000",
            "grossProfit": "69647000",
            "totalRevenue": "156400000",
            "sentiment": 0,
            "surprise": "0.03",
            "closePrice": "10.243292116882"
        },
        {
            "fiscalDateEnding": "2015-12-31",
            "totalCurrentAssets": "688551000",
            "cashAndShortTermInvestments": "492935000",
            "totalCurrentLiabilities": "71904000",
            "currentDebt": "None",
            "netIncome": "-340000",
            "capitalExpenditures": "1727000",
            "operatingCashflow": "-440000",
            "grossProfit": "50421000",
            "totalRevenue": "108534000",
            "sentiment": 0,
            "surprise": "0.1556",
            "closePrice": "10.5504102226792"
        },
        {
            "fiscalDateEnding": "2015-09-30",
            "totalCurrentAssets": "707369000",
            "cashAndShortTermInvestments": "498614000",
            "totalCurrentLiabilities": "73934000",
            "currentDebt": "None",
            "netIncome": "9827000",
            "capitalExpenditures": "3370000",
            "operatingCashflow": "-22130000",
            "grossProfit": "58217000",
            "totalRevenue": "119172000",
            "sentiment": 0,
            "surprise": "-0.04",
            "closePrice": "9.66518744714619"
        },
        {
            "fiscalDateEnding": "2015-06-30",
            "totalCurrentAssets": "748603000",
            "cashAndShortTermInvestments": "475925000",
            "totalCurrentLiabilities": "95974000",
            "currentDebt": "None",
            "netIncome": "25039000",
            "capitalExpenditures": "1996000",
            "operatingCashflow": "27037000",
            "grossProfit": "77571000",
            "totalRevenue": "164343000",
            "sentiment": 0,
            "surprise": "0.16",
            "closePrice": "9.15934586112732"
        },
        {
            "fiscalDateEnding": "2015-03-31",
            "totalCurrentAssets": "773974000",
            "cashAndShortTermInvestments": "528775000",
            "totalCurrentLiabilities": "96776000",
            "currentDebt": "837000",
            "netIncome": "7931000",
            "capitalExpenditures": "2357000",
            "operatingCashflow": "9828000",
            "grossProfit": "68570000",
            "totalRevenue": "144911000",
            "sentiment": 0,
            "surprise": "-0.02",
            "closePrice": "12.2214940336344"
        },
        {
            "fiscalDateEnding": "2014-12-31",
            "totalCurrentAssets": "822549000",
            "cashAndShortTermInvestments": "633377000",
            "totalCurrentLiabilities": "62651000",
            "currentDebt": "None",
            "netIncome": "7842000",
            "capitalExpenditures": "2546000",
            "operatingCashflow": "111962000",
            "grossProfit": "54734000",
            "totalRevenue": "108704000",
            "sentiment": 0,
            "surprise": "0.19",
            "closePrice": "14.2267946067806"
        },
        {
            "fiscalDateEnding": "2014-09-30",
            "totalCurrentAssets": "837691000",
            "cashAndShortTermInvestments": "597086000",
            "totalCurrentLiabilities": "81351000",
            "currentDebt": "0",
            "netIncome": "29259000",
            "capitalExpenditures": "844000",
            "operatingCashflow": "-1729000",
            "grossProfit": "92360000",
            "totalRevenue": "194733000",
            "sentiment": 0,
            "surprise": "-0.04",
            "closePrice": "12.4744148266438"
        },
        {
            "fiscalDateEnding": "2014-06-30",
            "totalCurrentAssets": "831605000",
            "cashAndShortTermInvestments": "600057000",
            "totalCurrentLiabilities": "111704000",
            "currentDebt": "None",
            "netIncome": "26616000",
            "capitalExpenditures": "1877000",
            "operatingCashflow": "28492000",
            "grossProfit": "85157000",
            "totalRevenue": "180201000",
            "sentiment": 0,
            "surprise": "-0.01",
            "closePrice": "12.8266973597641"
        },
        {
            "fiscalDateEnding": "2014-03-31",
            "totalCurrentAssets": "760184000",
            "cashAndShortTermInvestments": "596262000",
            "totalCurrentLiabilities": "72246000",
            "currentDebt": "None",
            "netIncome": "9070000",
            "capitalExpenditures": "1988000",
            "operatingCashflow": "10906000",
            "grossProfit": "57672000",
            "totalRevenue": "113909000",
            "sentiment": 0,
            "surprise": "0.01",
            "closePrice": "12.3118228882806"
        },
        {
            "fiscalDateEnding": "2013-12-31",
            "totalCurrentAssets": "727950000",
            "cashAndShortTermInvestments": "557150000",
            "totalCurrentLiabilities": "52451000",
            "currentDebt": "None",
            "netIncome": "-1957000",
            "capitalExpenditures": "5429000",
            "operatingCashflow": "37249000",
            "grossProfit": "38365000",
            "totalRevenue": "78994000",
            "sentiment": 0,
            "surprise": "0.06",
            "closePrice": "10.866561213941"
        },
        {
            "fiscalDateEnding": "2013-09-30",
            "totalCurrentAssets": "754388000",
            "cashAndShortTermInvestments": "525040000",
            "totalCurrentLiabilities": "77402000",
            "currentDebt": "None",
            "netIncome": "29531000",
            "capitalExpenditures": "11215000",
            "operatingCashflow": "26644000",
            "grossProfit": "80686000",
            "totalRevenue": "173608000",
            "sentiment": 0,
            "surprise": "-0.02",
            "closePrice": "10.6317061918608"
        },
        {
            "fiscalDateEnding": "2013-06-30",
            "totalCurrentAssets": "728995000",
            "cashAndShortTermInvestments": "508493000",
            "totalCurrentLiabilities": "97729000",
            "currentDebt": "None",
            "netIncome": "18887000",
            "capitalExpenditures": "2554000",
            "operatingCashflow": "11348000",
            "grossProfit": "65914000",
            "totalRevenue": "141181000",
            "sentiment": 0,
            "surprise": "0.11",
            "closePrice": "10.6407390773254"
        },
        {
            "fiscalDateEnding": "2013-03-31",
            "totalCurrentAssets": "683423000",
            "cashAndShortTermInvestments": "498619000",
            "totalCurrentLiabilities": "70082000",
            "currentDebt": "None",
            "netIncome": "7336000",
            "capitalExpenditures": "1787000",
            "operatingCashflow": "-1662000",
            "grossProfit": "48820000",
            "totalRevenue": "106109000",
            "sentiment": 0,
            "surprise": "0.08",
            "closePrice": "10.4420155971037"
        },
        {
            "fiscalDateEnding": "2012-12-31",
            "totalCurrentAssets": "669653000",
            "cashAndShortTermInvestments": "494170000",
            "totalCurrentLiabilities": "69162000",
            "currentDebt": "None",
            "netIncome": "3604000",
            "capitalExpenditures": "1616000",
            "operatingCashflow": "58494000",
            "grossProfit": "51525000",
            "totalRevenue": "114039000",
            "sentiment": 0,
            "surprise": "-0.01",
            "closePrice": "10.6407390773254"
        },
        {
            "fiscalDateEnding": "2012-09-30",
            "totalCurrentAssets": "713316000",
            "cashAndShortTermInvestments": "440244000",
            "totalCurrentLiabilities": "123369000",
            "currentDebt": "0",
            "netIncome": "67282000",
            "capitalExpenditures": "-12047000",
            "operatingCashflow": "59292000",
            "grossProfit": "122984000",
            "totalRevenue": "269166000",
            "sentiment": 0,
            "surprise": "0.06",
            "closePrice": "9.30387202856129"
        },
        {
            "fiscalDateEnding": "2012-06-30",
            "totalCurrentAssets": "648352000",
            "cashAndShortTermInvestments": "380697000",
            "totalCurrentLiabilities": "135119000",
            "currentDebt": "0",
            "netIncome": "68174000",
            "capitalExpenditures": "2264000",
            "operatingCashflow": "66277000",
            "grossProfit": "122443000",
            "totalRevenue": "254070000",
            "sentiment": 0,
            "surprise": "0.23",
            "closePrice": "9.99940420933723"
        },
        {
            "fiscalDateEnding": "2012-03-31",
            "totalCurrentAssets": "648201000",
            "cashAndShortTermInvestments": "426139000",
            "totalCurrentLiabilities": "206192000",
            "currentDebt": "108795000",
            "netIncome": "16617000",
            "capitalExpenditures": "1383000",
            "operatingCashflow": "23064000",
            "grossProfit": "66687000",
            "totalRevenue": "144108000",
            "sentiment": 0,
            "surprise": "0.08",
            "closePrice": "11.7337182185448"
        },
        {
            "fiscalDateEnding": "2011-12-31",
            "totalCurrentAssets": "595266000",
            "cashAndShortTermInvestments": "403761000",
            "totalCurrentLiabilities": "176685000",
            "currentDebt": "106987000",
            "netIncome": "8507000",
            "capitalExpenditures": "1498000",
            "operatingCashflow": "33838000",
            "grossProfit": "55276000",
            "totalRevenue": "117872000",
            "sentiment": 0,
            "surprise": "0.07",
            "closePrice": "9.76454918725704"
        },
        {
            "fiscalDateEnding": "2011-09-30",
            "totalCurrentAssets": "619841000",
            "cashAndShortTermInvestments": "378188000",
            "totalCurrentLiabilities": "214182000",
            "currentDebt": "105224000",
            "netIncome": "1912000",
            "capitalExpenditures": "-13503000",
            "operatingCashflow": "49856000",
            "grossProfit": "82746000",
            "totalRevenue": "180371000",
            "sentiment": 0,
            "surprise": "0.04",
            "closePrice": "8.66253716057308"
        },
        {
            "fiscalDateEnding": "2011-06-30",
            "totalCurrentAssets": "659230000",
            "cashAndShortTermInvestments": "329281000",
            "totalCurrentLiabilities": "265236000",
            "currentDebt": "103483000",
            "netIncome": "70714000",
            "capitalExpenditures": "1226000",
            "operatingCashflow": "49721000",
            "grossProfit": "134094000",
            "totalRevenue": "292320000",
            "sentiment": 0,
            "surprise": "0.12",
            "closePrice": "7.79538015596931"
        }
    ]
}