{
    "KN": [
        {
            "fiscalDateEnding": "2023-12-31",
            "totalCurrentAssets": "428800000",
            "cashAndShortTermInvestments": "87300000",
            "totalCurrentLiabilities": "164600000",
            "currentDebt": "98700000",
            "netIncome": "47400000",
            "capitalExpenditures": "5100000",
            "operatingCashflow": "-462200000",
            "grossProfit": "78400000",
            "totalRevenue": "215200000",
            "sentiment": 0.4154876086714492,
            "surprise": "-0.02",
            "closePrice": "16.52"
        },
        {
            "fiscalDateEnding": "2023-09-30",
            "totalCurrentAssets": "387800000",
            "cashAndShortTermInvestments": "75100000",
            "totalCurrentLiabilities": "107000000",
            "currentDebt": "45000000",
            "netIncome": "16600000",
            "capitalExpenditures": "3900000",
            "operatingCashflow": "39900000",
            "grossProfit": "77500000",
            "totalRevenue": "175100000",
            "sentiment": 0.3818884115552534,
            "surprise": "0.03",
            "closePrice": "13.51"
        },
        {
            "fiscalDateEnding": "2023-06-30",
            "totalCurrentAssets": "375900000",
            "cashAndShortTermInvestments": "54400000",
            "totalCurrentLiabilities": "108400000",
            "currentDebt": "45000000",
            "netIncome": "13600000",
            "capitalExpenditures": "4000000",
            "operatingCashflow": "500000",
            "grossProfit": "73700000",
            "totalRevenue": "173000000",
            "sentiment": 0.3835283430982815,
            "surprise": "0.01",
            "closePrice": "18.0"
        },
        {
            "fiscalDateEnding": "2023-03-31",
            "totalCurrentAssets": "383000000",
            "cashAndShortTermInvestments": "52000000",
            "totalCurrentLiabilities": "125300000",
            "currentDebt": "45000000",
            "netIncome": "-5200000",
            "capitalExpenditures": "3900000",
            "operatingCashflow": "21900000",
            "grossProfit": "53800000",
            "totalRevenue": "144300000",
            "sentiment": 0.2055214549878477,
            "surprise": "0",
            "closePrice": "15.82"
        },
        {
            "fiscalDateEnding": "2022-12-31",
            "totalCurrentAssets": "362400000",
            "cashAndShortTermInvestments": "48200000",
            "totalCurrentLiabilities": "99100000",
            "currentDebt": "2500000",
            "netIncome": "-208000000",
            "capitalExpenditures": "7400000",
            "operatingCashflow": "-462200000",
            "grossProfit": "75300000",
            "totalRevenue": "197100000",
            "sentiment": 0.2789770984066984,
            "surprise": "0",
            "closePrice": "18.86"
        },
        {
            "fiscalDateEnding": "2022-09-30",
            "totalCurrentAssets": "377200000",
            "cashAndShortTermInvestments": "41500000",
            "totalCurrentLiabilities": "131300000",
            "currentDebt": "78000000",
            "netIncome": "2700000",
            "capitalExpenditures": "10800000",
            "operatingCashflow": "19100000",
            "grossProfit": "40000000",
            "totalRevenue": "178200000",
            "sentiment": 0.11615551549002076,
            "surprise": "0.06",
            "closePrice": "12.81"
        },
        {
            "fiscalDateEnding": "2022-06-30",
            "totalCurrentAssets": "378700000",
            "cashAndShortTermInvestments": "47700000",
            "totalCurrentLiabilities": "149100000",
            "currentDebt": "73000000",
            "netIncome": "-242900000",
            "capitalExpenditures": "7100000",
            "operatingCashflow": "19600000",
            "grossProfit": "77700000",
            "totalRevenue": "188000000",
            "sentiment": 0.09599079197944144,
            "surprise": "0.01",
            "closePrice": "19.07"
        },
        {
            "fiscalDateEnding": "2022-03-31",
            "totalCurrentAssets": "383900000",
            "cashAndShortTermInvestments": "50700000",
            "totalCurrentLiabilities": "143000000",
            "currentDebt": "70000000",
            "netIncome": "18100000",
            "capitalExpenditures": "6800000",
            "operatingCashflow": "800000",
            "grossProfit": "83300000",
            "totalRevenue": "201400000",
            "sentiment": 0.11679752411763443,
            "surprise": "0.05",
            "closePrice": "18.56"
        },
        {
            "fiscalDateEnding": "2021-12-31",
            "totalCurrentAssets": "380300000",
            "cashAndShortTermInvestments": "68900000",
            "totalCurrentLiabilities": "166200000",
            "currentDebt": "2700000",
            "netIncome": "92600000",
            "capitalExpenditures": "20400000",
            "operatingCashflow": "4600000",
            "grossProfit": "100900000",
            "totalRevenue": "234300000",
            "sentiment": 0,
            "surprise": "0.04",
            "closePrice": "21.42"
        },
        {
            "fiscalDateEnding": "2021-09-30",
            "totalCurrentAssets": "435400000",
            "cashAndShortTermInvestments": "140000000",
            "totalCurrentLiabilities": "313500000",
            "currentDebt": "171800000",
            "netIncome": "27700000",
            "capitalExpenditures": "12200000",
            "operatingCashflow": "55600000",
            "grossProfit": "96900000",
            "totalRevenue": "233000000",
            "sentiment": 0,
            "surprise": "0.05",
            "closePrice": "19.85"
        },
        {
            "fiscalDateEnding": "2021-06-30",
            "totalCurrentAssets": "385000000",
            "cashAndShortTermInvestments": "94200000",
            "totalCurrentLiabilities": "301800000",
            "currentDebt": "169500000",
            "netIncome": "17600000",
            "capitalExpenditures": "10800000",
            "operatingCashflow": "21300000",
            "grossProfit": "83700000",
            "totalRevenue": "199800000",
            "sentiment": 0,
            "surprise": "0.05",
            "closePrice": "19.29"
        },
        {
            "fiscalDateEnding": "2021-03-31",
            "totalCurrentAssets": "450600000",
            "cashAndShortTermInvestments": "181600000",
            "totalCurrentLiabilities": "302200000",
            "currentDebt": "167300000",
            "netIncome": "12500000",
            "capitalExpenditures": "5200000",
            "operatingCashflow": "39700000",
            "grossProfit": "78000000",
            "totalRevenue": "201000000",
            "sentiment": 0,
            "surprise": "0.04",
            "closePrice": "20.89"
        },
        {
            "fiscalDateEnding": "2020-12-31",
            "totalCurrentAssets": "419600000",
            "cashAndShortTermInvestments": "147800000",
            "totalCurrentLiabilities": "297300000",
            "currentDebt": "167700000",
            "netIncome": "29600000",
            "capitalExpenditures": "11500000",
            "operatingCashflow": "92000000",
            "grossProfit": "92000000",
            "totalRevenue": "243200000",
            "sentiment": 0,
            "surprise": "0.01",
            "closePrice": "20.32"
        },
        {
            "fiscalDateEnding": "2020-09-30",
            "totalCurrentAssets": "434900000",
            "cashAndShortTermInvestments": "139100000",
            "totalCurrentLiabilities": "138000000",
            "currentDebt": "None",
            "netIncome": "5600000",
            "capitalExpenditures": "5800000",
            "operatingCashflow": "27600000",
            "grossProfit": "75200000",
            "totalRevenue": "205800000",
            "sentiment": 0,
            "surprise": "0",
            "closePrice": "15.39"
        },
        {
            "fiscalDateEnding": "2020-06-30",
            "totalCurrentAssets": "443000000",
            "cashAndShortTermInvestments": "168300000",
            "totalCurrentLiabilities": "231800000",
            "currentDebt": "100000000",
            "netIncome": "-19500000",
            "capitalExpenditures": "6800000",
            "operatingCashflow": "26500000",
            "grossProfit": "47800000",
            "totalRevenue": "152200000",
            "sentiment": 0,
            "surprise": "-0.02",
            "closePrice": "14.63"
        },
        {
            "fiscalDateEnding": "2020-03-31",
            "totalCurrentAssets": "443000000",
            "cashAndShortTermInvestments": "147800000",
            "totalCurrentLiabilities": "132900000",
            "currentDebt": "9500000",
            "netIncome": "-9100000",
            "capitalExpenditures": "7800000",
            "operatingCashflow": "-1500000",
            "grossProfit": "56200000",
            "totalRevenue": "163100000",
            "sentiment": 0,
            "surprise": "0.01",
            "closePrice": "14.82"
        },
        {
            "fiscalDateEnding": "2019-12-31",
            "totalCurrentAssets": "388400000",
            "cashAndShortTermInvestments": "78400000",
            "totalCurrentLiabilities": "151500000",
            "currentDebt": "11700000",
            "netIncome": "20500000",
            "capitalExpenditures": "8600000",
            "operatingCashflow": "89600000",
            "grossProfit": "89600000",
            "totalRevenue": "233900000",
            "sentiment": 0,
            "surprise": "-0.05",
            "closePrice": "20.35"
        },
        {
            "fiscalDateEnding": "2019-09-30",
            "totalCurrentAssets": "394300000",
            "cashAndShortTermInvestments": "69700000",
            "totalCurrentLiabilities": "139300000",
            "currentDebt": "11600000",
            "netIncome": "25400000",
            "capitalExpenditures": "8100000",
            "operatingCashflow": "39700000",
            "grossProfit": "93500000",
            "totalRevenue": "235900000",
            "sentiment": 0,
            "surprise": "0",
            "closePrice": "21.57"
        },
        {
            "fiscalDateEnding": "2019-06-30",
            "totalCurrentAssets": "362900000",
            "cashAndShortTermInvestments": "53600000",
            "totalCurrentLiabilities": "127500000",
            "currentDebt": "None",
            "netIncome": "5900000",
            "capitalExpenditures": "9400000",
            "operatingCashflow": "22100000",
            "grossProfit": "76400000",
            "totalRevenue": "205200000",
            "sentiment": 0,
            "surprise": "0.03",
            "closePrice": "18.19"
        },
        {
            "fiscalDateEnding": "2019-03-31",
            "totalCurrentAssets": "344900000",
            "cashAndShortTermInvestments": "41300000",
            "totalCurrentLiabilities": "127400000",
            "currentDebt": "None",
            "netIncome": "-2700000",
            "capitalExpenditures": "15100000",
            "operatingCashflow": "-11200000",
            "grossProfit": "68500000",
            "totalRevenue": "179800000",
            "sentiment": 0,
            "surprise": "0.02",
            "closePrice": "18.47"
        },
        {
            "fiscalDateEnding": "2018-12-31",
            "totalCurrentAssets": "365000000",
            "cashAndShortTermInvestments": "73500000",
            "totalCurrentLiabilities": "141800000",
            "currentDebt": "None",
            "netIncome": "79600000",
            "capitalExpenditures": "22100000",
            "operatingCashflow": "94300000",
            "grossProfit": "94300000",
            "totalRevenue": "223800000",
            "sentiment": 0,
            "surprise": "0.03",
            "closePrice": "15.68"
        },
        {
            "fiscalDateEnding": "2018-09-30",
            "totalCurrentAssets": "383300000",
            "cashAndShortTermInvestments": "68600000",
            "totalCurrentLiabilities": "147500000",
            "currentDebt": "None",
            "netIncome": "-16200000",
            "capitalExpenditures": "10000000",
            "operatingCashflow": "23900000",
            "grossProfit": "89800000",
            "totalRevenue": "236200000",
            "sentiment": 0,
            "surprise": "0.04",
            "closePrice": "13.72"
        },
        {
            "fiscalDateEnding": "2018-06-30",
            "totalCurrentAssets": "364800000",
            "cashAndShortTermInvestments": "50800000",
            "totalCurrentLiabilities": "142400000",
            "currentDebt": "None",
            "netIncome": "4600000",
            "capitalExpenditures": "24500000",
            "operatingCashflow": "15900000",
            "grossProfit": "73200000",
            "totalRevenue": "188400000",
            "sentiment": 0,
            "surprise": "0.04",
            "closePrice": "15.67"
        },
        {
            "fiscalDateEnding": "2018-03-31",
            "totalCurrentAssets": "356200000",
            "cashAndShortTermInvestments": "62700000",
            "totalCurrentLiabilities": "139200000",
            "currentDebt": "None",
            "netIncome": "-300000",
            "capitalExpenditures": "23500000",
            "operatingCashflow": "-2800000",
            "grossProfit": "65300000",
            "totalRevenue": "178500000",
            "sentiment": 0,
            "surprise": "-0.01",
            "closePrice": "11.15"
        },
        {
            "fiscalDateEnding": "2017-12-31",
            "totalCurrentAssets": "394900000",
            "cashAndShortTermInvestments": "111700000",
            "totalCurrentLiabilities": "151600000",
            "currentDebt": "0",
            "netIncome": "85500000",
            "capitalExpenditures": "8200000",
            "operatingCashflow": "89600000",
            "grossProfit": "89400000",
            "totalRevenue": "215500000",
            "sentiment": 0,
            "surprise": "0.07",
            "closePrice": "14.33"
        },
        {
            "fiscalDateEnding": "2017-09-30",
            "totalCurrentAssets": "371100000",
            "cashAndShortTermInvestments": "57700000",
            "totalCurrentLiabilities": "155400000",
            "currentDebt": "13300000",
            "netIncome": "15700000",
            "capitalExpenditures": "12000000",
            "operatingCashflow": "15400000",
            "grossProfit": "74100000",
            "totalRevenue": "196000000",
            "sentiment": 0,
            "surprise": "0.02",
            "closePrice": "15.58"
        },
        {
            "fiscalDateEnding": "2017-06-30",
            "totalCurrentAssets": "334800000",
            "cashAndShortTermInvestments": "48600000",
            "totalCurrentLiabilities": "156800000",
            "currentDebt": "13300000",
            "netIncome": "-29700000",
            "capitalExpenditures": "13700000",
            "operatingCashflow": "-30300000",
            "grossProfit": "63200000",
            "totalRevenue": "164400000",
            "sentiment": 0,
            "surprise": "0.02",
            "closePrice": "16.34"
        },
        {
            "fiscalDateEnding": "2017-03-31",
            "totalCurrentAssets": "324300000",
            "cashAndShortTermInvestments": "63300000",
            "totalCurrentLiabilities": "147600000",
            "currentDebt": "13200000",
            "netIncome": "-3200000",
            "capitalExpenditures": "17700000",
            "operatingCashflow": "41400000",
            "grossProfit": "59300000",
            "totalRevenue": "168300000",
            "sentiment": 0,
            "surprise": "0.01",
            "closePrice": "19.59"
        },
        {
            "fiscalDateEnding": "2016-12-31",
            "totalCurrentAssets": "290900000",
            "cashAndShortTermInvestments": "66200000",
            "totalCurrentLiabilities": "132200000",
            "currentDebt": "9700000",
            "netIncome": "19300000",
            "capitalExpenditures": "7700000",
            "operatingCashflow": "94000000",
            "grossProfit": "85200000",
            "totalRevenue": "163900000",
            "sentiment": 0,
            "surprise": "0.03",
            "closePrice": "17.98"
        },
        {
            "fiscalDateEnding": "2016-09-30",
            "totalCurrentAssets": "348900000",
            "cashAndShortTermInvestments": "60000000",
            "totalCurrentLiabilities": "141300000",
            "currentDebt": "6100000",
            "netIncome": "-7600000",
            "capitalExpenditures": "10800000",
            "operatingCashflow": "20900000",
            "grossProfit": "86200000",
            "totalRevenue": "243100000",
            "sentiment": 0,
            "surprise": "0.07",
            "closePrice": "15.12"
        },
        {
            "fiscalDateEnding": "2016-06-30",
            "totalCurrentAssets": "324000000",
            "cashAndShortTermInvestments": "47200000",
            "totalCurrentLiabilities": "139800000",
            "currentDebt": "2600000",
            "netIncome": "-24600000",
            "capitalExpenditures": "10400000",
            "operatingCashflow": "-6800000",
            "grossProfit": "64900000",
            "totalRevenue": "190300000",
            "sentiment": 0,
            "surprise": "0.02",
            "closePrice": "16.2"
        },
        {
            "fiscalDateEnding": "2016-03-31",
            "totalCurrentAssets": "313900000",
            "cashAndShortTermInvestments": "44200000",
            "totalCurrentLiabilities": "169900000",
            "currentDebt": "29500000",
            "netIncome": "-29400000",
            "capitalExpenditures": "9800000",
            "operatingCashflow": "61000000",
            "grossProfit": "59600000",
            "totalRevenue": "184400000",
            "sentiment": 0,
            "surprise": "0.05",
            "closePrice": "13.01"
        },
        {
            "fiscalDateEnding": "2015-12-31",
            "totalCurrentAssets": "336100000",
            "cashAndShortTermInvestments": "63300000",
            "totalCurrentLiabilities": "175400000",
            "currentDebt": "29600000",
            "netIncome": "-187000000",
            "capitalExpenditures": "14600000",
            "operatingCashflow": "43400000",
            "grossProfit": "81100000",
            "totalRevenue": "330300000",
            "sentiment": 0,
            "surprise": "0.13",
            "closePrice": "11.61"
        },
        {
            "fiscalDateEnding": "2015-09-30",
            "totalCurrentAssets": "471600000",
            "cashAndShortTermInvestments": "57900000",
            "totalCurrentLiabilities": "245200000",
            "currentDebt": "26300000",
            "netIncome": "-14900000",
            "capitalExpenditures": "9800000",
            "operatingCashflow": "-14900000",
            "grossProfit": "97300000",
            "totalRevenue": "294600000",
            "sentiment": 0,
            "surprise": "0.05",
            "closePrice": "20.87"
        },
        {
            "fiscalDateEnding": "2015-06-30",
            "totalCurrentAssets": "434000000",
            "cashAndShortTermInvestments": "37000000",
            "totalCurrentLiabilities": "261600000",
            "currentDebt": "22500000",
            "netIncome": "-16100000",
            "capitalExpenditures": "21500000",
            "operatingCashflow": "-12500000",
            "grossProfit": "71400000",
            "totalRevenue": "240900000",
            "sentiment": 0,
            "surprise": "0.01",
            "closePrice": "17.23"
        },
        {
            "fiscalDateEnding": "2015-03-31",
            "totalCurrentAssets": "438100000",
            "cashAndShortTermInvestments": "38600000",
            "totalCurrentLiabilities": "263400000",
            "currentDebt": "18800000",
            "netIncome": "-15800000",
            "capitalExpenditures": "17700000",
            "operatingCashflow": "22800000",
            "grossProfit": "62500000",
            "totalRevenue": "236200000",
            "sentiment": 0,
            "surprise": "0.03",
            "closePrice": "21.24"
        },
        {
            "fiscalDateEnding": "2014-12-31",
            "totalCurrentAssets": "474000000",
            "cashAndShortTermInvestments": "55200000",
            "totalCurrentLiabilities": "288600000",
            "currentDebt": "15000000",
            "netIncome": "-1100000",
            "capitalExpenditures": "15861000",
            "operatingCashflow": "63600000",
            "grossProfit": "63600000",
            "totalRevenue": "64253000",
            "sentiment": 0,
            "surprise": "-0.2",
            "closePrice": "21.64"
        },
        {
            "fiscalDateEnding": "2014-09-30",
            "totalCurrentAssets": "435158000",
            "cashAndShortTermInvestments": "34295000",
            "totalCurrentLiabilities": "268103000",
            "currentDebt": "11250000",
            "netIncome": "-14600000",
            "capitalExpenditures": "26895000",
            "operatingCashflow": "-12049000",
            "grossProfit": "52200000",
            "totalRevenue": "298821000",
            "sentiment": 0,
            "surprise": "-0.03",
            "closePrice": "18.8"
        },
        {
            "fiscalDateEnding": "2014-06-30",
            "totalCurrentAssets": "431735000",
            "cashAndShortTermInvestments": "44610000",
            "totalCurrentLiabilities": "267948000",
            "currentDebt": "7500000",
            "netIncome": "-78900000",
            "capitalExpenditures": "17245000",
            "operatingCashflow": "-76486000",
            "grossProfit": "33800000",
            "totalRevenue": "279213000",
            "sentiment": 0,
            "surprise": "0.03",
            "closePrice": "29.08"
        },
        {
            "fiscalDateEnding": "2014-03-31",
            "totalCurrentAssets": "422242000",
            "cashAndShortTermInvestments": "51379000",
            "totalCurrentLiabilities": "197592000",
            "currentDebt": "3750000",
            "netIncome": "7600000",
            "capitalExpenditures": "23899000",
            "operatingCashflow": "43153000",
            "grossProfit": "83100000",
            "totalRevenue": "272712000",
            "sentiment": 0,
            "surprise": "0.02",
            "closePrice": "30.92"
        }
    ]
}