{
    "LOGI": [
        {
            "fiscalDateEnding": "2023-12-31",
            "totalCurrentAssets": "2696443000",
            "cashAndShortTermInvestments": "1412650000",
            "totalCurrentLiabilities": "1201423000",
            "currentDebt": "None",
            "netIncome": "244684000",
            "capitalExpenditures": "10854000",
            "operatingCashflow": "442952000",
            "grossProfit": "526780000",
            "totalRevenue": "1255473000",
            "sentiment": 0.3026249886992339,
            "surprise": "0.37",
            "closePrice": "95.93"
        },
        {
            "fiscalDateEnding": "2023-09-30",
            "totalCurrentAssets": "2492224000",
            "cashAndShortTermInvestments": "1163904000",
            "totalCurrentLiabilities": "1086947000",
            "currentDebt": "None",
            "netIncome": "137117000",
            "capitalExpenditures": "18493000",
            "operatingCashflow": "223264000",
            "grossProfit": "438622000",
            "totalRevenue": "1057008000",
            "sentiment": 0.28613532361530086,
            "surprise": "0.49",
            "closePrice": "68.35"
        },
        {
            "fiscalDateEnding": "2023-06-30",
            "totalCurrentAssets": "2497604000",
            "cashAndShortTermInvestments": "1251086000",
            "totalCurrentLiabilities": "957143000",
            "currentDebt": "None",
            "netIncome": "62727000",
            "capitalExpenditures": "16238000",
            "operatingCashflow": "239795000",
            "grossProfit": "375642000",
            "totalRevenue": "974499000",
            "sentiment": 0.19554863404201767,
            "surprise": "0.19",
            "closePrice": "62.0046951044947"
        },
        {
            "fiscalDateEnding": "2023-03-31",
            "totalCurrentAssets": "2605174000",
            "cashAndShortTermInvestments": "1149023000",
            "totalCurrentLiabilities": "1050107000",
            "currentDebt": "None",
            "netIncome": "41495000",
            "capitalExpenditures": "23231000",
            "operatingCashflow": "216843000",
            "grossProfit": "343864000",
            "totalRevenue": "952740000",
            "sentiment": 0.054830048610007454,
            "surprise": "0.09",
            "closePrice": "60.0547380475236"
        },
        {
            "fiscalDateEnding": "2022-12-31",
            "totalCurrentAssets": "2761349000",
            "cashAndShortTermInvestments": "1036131000",
            "totalCurrentLiabilities": "1197057000",
            "currentDebt": "None",
            "netIncome": "140153000",
            "capitalExpenditures": "23738000",
            "operatingCashflow": "279911000",
            "grossProfit": "477268000",
            "totalRevenue": "1269925000",
            "sentiment": 0.1776481765075048,
            "surprise": "-0.04",
            "closePrice": "56.6669338677355"
        },
        {
            "fiscalDateEnding": "2022-09-30",
            "totalCurrentAssets": "2658135000",
            "cashAndShortTermInvestments": "868501000",
            "totalCurrentLiabilities": "1210184000",
            "currentDebt": "None",
            "netIncome": "82091000",
            "capitalExpenditures": "25821000",
            "operatingCashflow": "72924000",
            "grossProfit": "438780000",
            "totalRevenue": "1148951000",
            "sentiment": 0.10674484579212999,
            "surprise": "0.03",
            "closePrice": "44.9179501860865"
        },
        {
            "fiscalDateEnding": "2022-06-30",
            "totalCurrentAssets": "2857588000",
            "cashAndShortTermInvestments": "1106657000",
            "totalCurrentLiabilities": "1252767000",
            "currentDebt": "None",
            "netIncome": "100836000",
            "capitalExpenditures": "19563000",
            "operatingCashflow": "-35668000",
            "grossProfit": "459603000",
            "totalRevenue": "1159865000",
            "sentiment": 0.016159039874169275,
            "surprise": "-0.11",
            "closePrice": "53.0673119122365"
        },
        {
            "fiscalDateEnding": "2022-03-31",
            "totalCurrentAssets": "3072922000",
            "cashAndShortTermInvestments": "1328716000",
            "totalCurrentLiabilities": "1421154000",
            "currentDebt": "None",
            "netIncome": "108205000",
            "capitalExpenditures": "25426000",
            "operatingCashflow": "99590000",
            "grossProfit": "493907000",
            "totalRevenue": "1225390000",
            "sentiment": 0.043985428979648224,
            "surprise": "0.11",
            "closePrice": "63.9274645407259"
        },
        {
            "fiscalDateEnding": "2021-12-31",
            "totalCurrentAssets": "3189782000",
            "cashAndShortTermInvestments": "1364411000",
            "totalCurrentLiabilities": "1552676000",
            "currentDebt": "None",
            "netIncome": "210011000",
            "capitalExpenditures": "16494000",
            "operatingCashflow": "376576000",
            "grossProfit": "658010000",
            "totalRevenue": "1632782000",
            "sentiment": 0,
            "surprise": "0.36",
            "closePrice": "71.7425344446343"
        },
        {
            "fiscalDateEnding": "2021-09-30",
            "totalCurrentAssets": "2859811000",
            "cashAndShortTermInvestments": "1137296000",
            "totalCurrentLiabilities": "1370598000",
            "currentDebt": "None",
            "netIncome": "139456000",
            "capitalExpenditures": "22718000",
            "operatingCashflow": "-62878000",
            "grossProfit": "542163000",
            "totalRevenue": "1306267000",
            "sentiment": 0,
            "surprise": "-0.03",
            "closePrice": "86.1584956977133"
        },
        {
            "fiscalDateEnding": "2021-06-30",
            "totalCurrentAssets": "2980354000",
            "cashAndShortTermInvestments": "1497721000",
            "totalCurrentLiabilities": "1412330000",
            "currentDebt": "None",
            "netIncome": "186841000",
            "capitalExpenditures": "24514000",
            "operatingCashflow": "-114970000",
            "grossProfit": "568926000",
            "totalRevenue": "1312058000",
            "sentiment": 0,
            "surprise": "0.34",
            "closePrice": "115.339393356262"
        },
        {
            "fiscalDateEnding": "2021-03-31",
            "totalCurrentAssets": "3159318000",
            "cashAndShortTermInvestments": "1750327000",
            "totalCurrentLiabilities": "1681850000",
            "currentDebt": "None",
            "netIncome": "225747000",
            "capitalExpenditures": "30026000",
            "operatingCashflow": "530219000",
            "grossProfit": "711269000",
            "totalRevenue": "1533237000",
            "sentiment": 0,
            "surprise": "0.62",
            "closePrice": "106.999306503166"
        },
        {
            "fiscalDateEnding": "2020-12-31",
            "totalCurrentAssets": "2878223000",
            "cashAndShortTermInvestments": "1388743000",
            "totalCurrentLiabilities": "1516359000",
            "currentDebt": "None",
            "netIncome": "382557000",
            "capitalExpenditures": "18389000",
            "operatingCashflow": "529900000",
            "grossProfit": "749010000",
            "totalRevenue": "1667302000",
            "sentiment": 0,
            "surprise": "1.43",
            "closePrice": "93.2582023058451"
        },
        {
            "fiscalDateEnding": "2020-09-30",
            "totalCurrentAssets": "2157431000",
            "cashAndShortTermInvestments": "917221000",
            "totalCurrentLiabilities": "1204850000",
            "currentDebt": "None",
            "netIncome": "266914000",
            "capitalExpenditures": "15466000",
            "operatingCashflow": "279672000",
            "grossProfit": "569723000",
            "totalRevenue": "1257158000",
            "sentiment": 0,
            "surprise": "1.3",
            "closePrice": "76.3680950633048"
        },
        {
            "fiscalDateEnding": "2020-06-30",
            "totalCurrentAssets": "1663351000",
            "cashAndShortTermInvestments": "809395000",
            "totalCurrentLiabilities": "874519000",
            "currentDebt": "None",
            "netIncome": "72073000",
            "capitalExpenditures": "12308000",
            "operatingCashflow": "118847000",
            "grossProfit": "305733000",
            "totalRevenue": "791894000",
            "sentiment": 0,
            "surprise": "0.3",
            "closePrice": "67.6202142261446"
        },
        {
            "fiscalDateEnding": "2020-03-31",
            "totalCurrentAssets": "1414478000",
            "cashAndShortTermInvestments": "715566000",
            "totalCurrentLiabilities": "714144000",
            "currentDebt": "10945000",
            "netIncome": "39800000",
            "capitalExpenditures": "10817000",
            "operatingCashflow": "100846000",
            "grossProfit": "276876000",
            "totalRevenue": "39800000",
            "sentiment": 0,
            "surprise": "0.06",
            "closePrice": "48.3745337667085"
        },
        {
            "fiscalDateEnding": "2019-12-31",
            "totalCurrentAssets": "1573388000",
            "cashAndShortTermInvestments": "656046000",
            "totalCurrentLiabilities": "892968000",
            "currentDebt": "11304000",
            "netIncome": "117492000",
            "capitalExpenditures": "10575000",
            "operatingCashflow": "181135000",
            "grossProfit": "334453000",
            "totalRevenue": "902687000",
            "sentiment": 0,
            "surprise": "0.05",
            "closePrice": "45.2410757086301"
        },
        {
            "fiscalDateEnding": "2019-09-30",
            "totalCurrentAssets": "1458377000",
            "cashAndShortTermInvestments": "574464000",
            "totalCurrentLiabilities": "836006000",
            "currentDebt": "11887000",
            "netIncome": "72933000",
            "capitalExpenditures": "8752000",
            "operatingCashflow": "106503000",
            "grossProfit": "272076000",
            "totalRevenue": "719691000",
            "sentiment": 0,
            "surprise": "0",
            "closePrice": "38.5765606848018"
        },
        {
            "fiscalDateEnding": "2019-06-30",
            "totalCurrentAssets": "1381706000",
            "cashAndShortTermInvestments": "596956000",
            "totalCurrentLiabilities": "733423000",
            "currentDebt": "12358000",
            "netIncome": "45345000",
            "capitalExpenditures": "9340000",
            "operatingCashflow": "36516000",
            "grossProfit": "238976000",
            "totalRevenue": "644225000",
            "sentiment": 0,
            "surprise": "0.04",
            "closePrice": "37.2523740158463"
        },
        {
            "fiscalDateEnding": "2019-03-31",
            "totalCurrentAssets": "1350436000",
            "cashAndShortTermInvestments": "604516000",
            "totalCurrentLiabilities": "717819000",
            "currentDebt": "None",
            "netIncome": "42126000",
            "capitalExpenditures": "7626000",
            "operatingCashflow": "31738000",
            "grossProfit": "232975000",
            "totalRevenue": "620700000",
            "sentiment": 0,
            "surprise": "0.08",
            "closePrice": "39.2455304251342"
        },
        {
            "fiscalDateEnding": "2018-12-31",
            "totalCurrentAssets": "1483897000",
            "cashAndShortTermInvestments": "584488000",
            "totalCurrentLiabilities": "914396000",
            "currentDebt": "None",
            "netIncome": "112810000",
            "capitalExpenditures": "9936000",
            "operatingCashflow": "176223000",
            "grossProfit": "323982000",
            "totalRevenue": "864388000",
            "sentiment": 0,
            "surprise": "0.12",
            "closePrice": "31.5349159591565"
        },
        {
            "fiscalDateEnding": "2018-09-30",
            "totalCurrentAssets": "1313825000",
            "cashAndShortTermInvestments": "424950000",
            "totalCurrentLiabilities": "875179000",
            "currentDebt": "None",
            "netIncome": "64179000",
            "capitalExpenditures": "9624000",
            "operatingCashflow": "84938000",
            "grossProfit": "256117000",
            "totalRevenue": "691146000",
            "sentiment": 0,
            "surprise": "0.05",
            "closePrice": "33.8462287905842"
        },
        {
            "fiscalDateEnding": "2018-06-30",
            "totalCurrentAssets": "1324866000",
            "cashAndShortTermInvestments": "604116000",
            "totalCurrentLiabilities": "728177000",
            "currentDebt": "None",
            "netIncome": "38466000",
            "capitalExpenditures": "8744000",
            "operatingCashflow": "12282000",
            "grossProfit": "223937000",
            "totalRevenue": "608480000",
            "sentiment": 0,
            "surprise": "0.05",
            "closePrice": "40.6370619782085"
        },
        {
            "fiscalDateEnding": "2018-03-31",
            "totalCurrentAssets": "1173100000",
            "cashAndShortTermInvestments": "659695000",
            "totalCurrentLiabilities": "575720000",
            "currentDebt": "None",
            "netIncome": "34404000",
            "capitalExpenditures": "12155000",
            "operatingCashflow": "90177000",
            "grossProfit": "212235000",
            "totalRevenue": "587813000",
            "sentiment": 0,
            "surprise": "0.08",
            "closePrice": "34.0480195457099"
        },
        {
            "fiscalDateEnding": "2017-12-31",
            "totalCurrentAssets": "1253150000",
            "cashAndShortTermInvestments": "582886000",
            "totalCurrentLiabilities": "707174000",
            "currentDebt": "None",
            "netIncome": "80773000",
            "capitalExpenditures": "10405000",
            "operatingCashflow": "188584000",
            "grossProfit": "275601000",
            "totalRevenue": "812021000",
            "sentiment": 0,
            "surprise": "0.07",
            "closePrice": "38.6075257015317"
        },
        {
            "fiscalDateEnding": "2017-09-30",
            "totalCurrentAssets": "1061619000",
            "cashAndShortTermInvestments": "405637000",
            "totalCurrentLiabilities": "616139000",
            "currentDebt": "None",
            "netIncome": "56358000",
            "capitalExpenditures": "7153000",
            "operatingCashflow": "68383000",
            "grossProfit": "227737000",
            "totalRevenue": "632470000",
            "sentiment": 0,
            "surprise": "0.04",
            "closePrice": "34.4279783920284"
        },
        {
            "fiscalDateEnding": "2017-06-30",
            "totalCurrentAssets": "1071077000",
            "cashAndShortTermInvestments": "544571000",
            "totalCurrentLiabilities": "517781000",
            "currentDebt": "None",
            "netIncome": "37007000",
            "capitalExpenditures": "10035000",
            "operatingCashflow": "-883000",
            "grossProfit": "193668000",
            "totalRevenue": "529946000",
            "sentiment": 0,
            "surprise": "0.02",
            "closePrice": "33.4901798643271"
        },
        {
            "fiscalDateEnding": "2017-03-31",
            "totalCurrentAssets": "1027845000",
            "cashAndShortTermInvestments": "547533000",
            "totalCurrentLiabilities": "507078000",
            "currentDebt": "None",
            "netIncome": "39425000",
            "capitalExpenditures": "8432000",
            "operatingCashflow": "47742000",
            "grossProfit": "197779000",
            "totalRevenue": "510636000",
            "sentiment": 0,
            "surprise": "0.04",
            "closePrice": "29.1286680680427"
        },
        {
            "fiscalDateEnding": "2016-12-31",
            "totalCurrentAssets": "1084880000",
            "cashAndShortTermInvestments": "14724000",
            "totalCurrentLiabilities": "606159000",
            "currentDebt": "None",
            "netIncome": "97465000",
            "capitalExpenditures": "8614000",
            "operatingCashflow": "148761000",
            "grossProfit": "246763000",
            "totalRevenue": "666707000",
            "sentiment": 0,
            "surprise": "0.14",
            "closePrice": "23.4843586846157"
        },
        {
            "fiscalDateEnding": "2016-09-30",
            "totalCurrentAssets": "944118000",
            "cashAndShortTermInvestments": "410027000",
            "totalCurrentLiabilities": "547453000",
            "currentDebt": "None",
            "netIncome": "47045000",
            "capitalExpenditures": "6623000",
            "operatingCashflow": "74869000",
            "grossProfit": "206873000",
            "totalRevenue": "564304000",
            "sentiment": 0,
            "surprise": "0.1",
            "closePrice": "23.1086822483811"
        },
        {
            "fiscalDateEnding": "2016-06-30",
            "totalCurrentAssets": "916678000",
            "cashAndShortTermInvestments": "455108000",
            "totalCurrentLiabilities": "459981000",
            "currentDebt": "None",
            "netIncome": "21941000",
            "capitalExpenditures": "8135000",
            "operatingCashflow": "17017000",
            "grossProfit": "168626000",
            "totalRevenue": "479865000",
            "sentiment": 0,
            "surprise": "0.07",
            "closePrice": "15.9017082590445"
        },
        {
            "fiscalDateEnding": "2016-03-31",
            "totalCurrentAssets": "926247000",
            "cashAndShortTermInvestments": "534031000",
            "totalCurrentLiabilities": "414930000",
            "currentDebt": "None",
            "netIncome": "28697000",
            "capitalExpenditures": "6172000",
            "operatingCashflow": "34349000",
            "grossProfit": "142100000",
            "totalRevenue": "432951000",
            "sentiment": 0,
            "surprise": "0.11",
            "closePrice": "14.1963594227292"
        },
        {
            "fiscalDateEnding": "2015-12-31",
            "totalCurrentAssets": "1129763000",
            "cashAndShortTermInvestments": "520347000",
            "totalCurrentLiabilities": "609642000",
            "currentDebt": "None",
            "netIncome": "65086000",
            "capitalExpenditures": "19166000",
            "operatingCashflow": "165708000",
            "grossProfit": "208497000",
            "totalRevenue": "621079000",
            "sentiment": 0,
            "surprise": "0.05",
            "closePrice": "12.2499403320657"
        },
        {
            "fiscalDateEnding": "2015-09-30",
            "totalCurrentAssets": "1042062000",
            "cashAndShortTermInvestments": "381351000",
            "totalCurrentLiabilities": "588374000",
            "currentDebt": "None",
            "netIncome": "18097000",
            "capitalExpenditures": "15987000",
            "operatingCashflow": "10737000",
            "grossProfit": "172517000",
            "totalRevenue": "539862000",
            "sentiment": 0,
            "surprise": "0.03",
            "closePrice": "12.589224393741"
        },
        {
            "fiscalDateEnding": "2015-06-30",
            "totalCurrentAssets": "1114625000",
            "cashAndShortTermInvestments": "509578000",
            "totalCurrentLiabilities": "554301000",
            "currentDebt": "None",
            "netIncome": "7437000",
            "capitalExpenditures": "15290000",
            "operatingCashflow": "-25599000",
            "grossProfit": "157933000",
            "totalRevenue": "470320000",
            "sentiment": 0,
            "surprise": "0.05",
            "closePrice": "11.5701910785516"
        },
        {
            "fiscalDateEnding": "2015-03-31",
            "totalCurrentAssets": "1052020000",
            "cashAndShortTermInvestments": "554275000",
            "totalCurrentLiabilities": "494907000",
            "currentDebt": "None",
            "netIncome": "-109267000",
            "capitalExpenditures": "10476000",
            "operatingCashflow": "41574000",
            "grossProfit": "141674000",
            "totalRevenue": "465949000",
            "sentiment": 0,
            "surprise": "0.02",
            "closePrice": "12.5459903261403"
        },
        {
            "fiscalDateEnding": "2014-12-31",
            "totalCurrentAssets": "1134832000",
            "cashAndShortTermInvestments": "516613000",
            "totalCurrentLiabilities": "574985000",
            "currentDebt": "None",
            "netIncome": "62784000",
            "capitalExpenditures": "9813000",
            "operatingCashflow": "62784000",
            "grossProfit": "212607000",
            "totalRevenue": "634204000",
            "sentiment": 0,
            "surprise": "0.09",
            "closePrice": "13.2517022819857"
        },
        {
            "fiscalDateEnding": "2014-09-30",
            "totalCurrentAssets": "1067320000",
            "cashAndShortTermInvestments": "500222000",
            "totalCurrentLiabilities": "516719000",
            "currentDebt": "None",
            "netIncome": "36090000",
            "capitalExpenditures": "13721000",
            "operatingCashflow": "36090000",
            "grossProfit": "204778000",
            "totalRevenue": "530311000",
            "sentiment": 0,
            "surprise": "0.1",
            "closePrice": "11.0124331899082"
        },
        {
            "fiscalDateEnding": "2014-06-30",
            "totalCurrentAssets": "1007778000",
            "cashAndShortTermInvestments": "484981000",
            "totalCurrentLiabilities": "498571000",
            "currentDebt": "None",
            "netIncome": "19676000",
            "capitalExpenditures": "11243000",
            "operatingCashflow": "27758000",
            "grossProfit": "181753000",
            "totalRevenue": "482181000",
            "sentiment": 0,
            "surprise": "0.15",
            "closePrice": "13.1460921204529"
        },
        {
            "fiscalDateEnding": "2014-03-31",
            "totalCurrentAssets": "933000000",
            "cashAndShortTermInvestments": "469412000",
            "totalCurrentLiabilities": "454787000",
            "currentDebt": "None",
            "netIncome": "10360000",
            "capitalExpenditures": "14562000",
            "operatingCashflow": "97536000",
            "grossProfit": "95014000",
            "totalRevenue": "488428000",
            "sentiment": 0,
            "surprise": "0.08",
            "closePrice": "11.9157968500179"
        },
        {
            "fiscalDateEnding": "2013-12-31",
            "totalCurrentAssets": "1011789000",
            "cashAndShortTermInvestments": "379865000",
            "totalCurrentLiabilities": "563054000",
            "currentDebt": "None",
            "netIncome": "48503000",
            "capitalExpenditures": "9033000",
            "operatingCashflow": "48503000",
            "grossProfit": "214301000",
            "totalRevenue": "628290000",
            "sentiment": 0,
            "surprise": "0.12",
            "closePrice": "11.3737786539521"
        },
        {
            "fiscalDateEnding": "2013-09-30",
            "totalCurrentAssets": "912239000",
            "cashAndShortTermInvestments": "294796000",
            "totalCurrentLiabilities": "522735000",
            "currentDebt": "None",
            "netIncome": "14398000",
            "capitalExpenditures": "9855000",
            "operatingCashflow": "14398000",
            "grossProfit": "182962000",
            "totalRevenue": "532372000",
            "sentiment": 0,
            "surprise": "0.03",
            "closePrice": "7.949600208965"
        },
        {
            "fiscalDateEnding": "2013-06-30",
            "totalCurrentAssets": "897166000",
            "cashAndShortTermInvestments": "318857000",
            "totalCurrentLiabilities": "502078000",
            "currentDebt": "None",
            "netIncome": "1043000",
            "capitalExpenditures": "13208000",
            "operatingCashflow": "-1307000",
            "grossProfit": "169262000",
            "totalRevenue": "475813000",
            "sentiment": 0,
            "surprise": "0.1",
            "closePrice": "6.1514763521753"
        },
        {
            "fiscalDateEnding": "2013-03-31",
            "totalCurrentAssets": "846764000",
            "cashAndShortTermInvestments": "214700000",
            "totalCurrentLiabilities": "461691000",
            "currentDebt": "None",
            "netIncome": "-31014000",
            "capitalExpenditures": "14750000",
            "operatingCashflow": "-31014000",
            "grossProfit": "158709000",
            "totalRevenue": "468282000",
            "sentiment": 0,
            "surprise": "-0.18",
            "closePrice": "5.67828586354643"
        },
        {
            "fiscalDateEnding": "2012-12-31",
            "totalCurrentAssets": "941570000",
            "cashAndShortTermInvestments": "321999000",
            "totalCurrentLiabilities": "545831000",
            "currentDebt": "None",
            "netIncome": "-194943000",
            "capitalExpenditures": "9215000",
            "operatingCashflow": "-177732000",
            "grossProfit": "209805000",
            "totalRevenue": "614400000",
            "sentiment": 0,
            "surprise": "-0.2",
            "closePrice": "6.54723566993762"
        },
        {
            "fiscalDateEnding": "2012-09-30",
            "totalCurrentAssets": "911807000",
            "cashAndShortTermInvestments": "237033000",
            "totalCurrentLiabilities": "558743000",
            "currentDebt": "None",
            "netIncome": "54865000",
            "capitalExpenditures": "10901000",
            "operatingCashflow": "72045000",
            "grossProfit": "195774000",
            "totalRevenue": "548193000",
            "sentiment": 0,
            "surprise": "0.05",
            "closePrice": "6.14287288874568"
        },
        {
            "fiscalDateEnding": "2012-06-30",
            "totalCurrentAssets": "924610000",
            "cashAndShortTermInvestments": "360737000",
            "totalCurrentLiabilities": "476481000",
            "currentDebt": "None",
            "netIncome": "-52145000",
            "capitalExpenditures": "19621000",
            "operatingCashflow": "-7056000",
            "grossProfit": "145346000",
            "totalRevenue": "468904000",
            "sentiment": 0,
            "surprise": "None",
            "closePrice": "6.45585849855316"
        },
        {
            "fiscalDateEnding": "2012-03-31",
            "totalCurrentAssets": "1066079000",
            "cashAndShortTermInvestments": "478370000",
            "totalCurrentLiabilities": "487791000",
            "currentDebt": "None",
            "netIncome": "28286000",
            "capitalExpenditures": "16390000",
            "operatingCashflow": "41974000",
            "grossProfit": "224831000",
            "totalRevenue": "525604000",
            "sentiment": 0,
            "surprise": "0.1",
            "closePrice": "6.95585665106069"
        },
        {
            "fiscalDateEnding": "2011-12-31",
            "totalCurrentAssets": "1211258000",
            "cashAndShortTermInvestments": "523333000",
            "totalCurrentLiabilities": "590224000",
            "currentDebt": "None",
            "netIncome": "55333000",
            "capitalExpenditures": "10496000",
            "operatingCashflow": "72594000",
            "grossProfit": "258674000",
            "totalRevenue": "722226000",
            "sentiment": 0,
            "surprise": "-0.07",
            "closePrice": "6.01468365810533"
        },
        {
            "fiscalDateEnding": "2011-09-30",
            "totalCurrentAssets": "1084198000",
            "cashAndShortTermInvestments": "379450000",
            "totalCurrentLiabilities": "529087000",
            "currentDebt": "None",
            "netIncome": "17445000",
            "capitalExpenditures": "10360000",
            "operatingCashflow": "35792000",
            "grossProfit": "198421000",
            "totalRevenue": "588042000",
            "sentiment": 0,
            "surprise": "0.01",
            "closePrice": "6.62497552072482"
        },
        {
            "fiscalDateEnding": "2011-06-30",
            "totalCurrentAssets": "1125488000",
            "cashAndShortTermInvestments": "476367000",
            "totalCurrentLiabilities": "517679000",
            "currentDebt": "None",
            "netIncome": "-29606000",
            "capitalExpenditures": "10561000",
            "operatingCashflow": "3744000",
            "grossProfit": "125607000",
            "totalRevenue": "481418000",
            "sentiment": 0,
            "surprise": "-0.19",
            "closePrice": "7.58085434169511"
        },
        {
            "fiscalDateEnding": "2011-03-31",
            "totalCurrentAssets": "1076386000",
            "cashAndShortTermInvestments": "477931000",
            "totalCurrentLiabilities": "470720000",
            "currentDebt": "None",
            "netIncome": "2776000",
            "capitalExpenditures": "11204000",
            "operatingCashflow": "3323000",
            "grossProfit": "179370000",
            "totalRevenue": "548239000",
            "sentiment": 0,
            "surprise": "-0.04",
            "closePrice": "10.448490804606"
        },
        {
            "fiscalDateEnding": "2010-12-31",
            "totalCurrentAssets": "1155923000",
            "cashAndShortTermInvestments": "460726000",
            "totalCurrentLiabilities": "599655000",
            "currentDebt": "None",
            "netIncome": "65002000",
            "capitalExpenditures": "6416000",
            "operatingCashflow": "148529000",
            "grossProfit": "271173000",
            "totalRevenue": "754593000",
            "sentiment": 0,
            "surprise": "-0.01",
            "closePrice": "14.095536152308"
        },
        {
            "fiscalDateEnding": "2010-09-30",
            "totalCurrentAssets": "1019180000",
            "cashAndShortTermInvestments": "307679000",
            "totalCurrentLiabilities": "568760000",
            "currentDebt": "None",
            "netIncome": "41160000",
            "capitalExpenditures": "37337000",
            "operatingCashflow": "-1419000",
            "grossProfit": "216934000",
            "totalRevenue": "582519000",
            "sentiment": 0,
            "surprise": "0.01",
            "closePrice": "14.095536152308"
        },
        {
            "fiscalDateEnding": "2010-06-30",
            "totalCurrentAssets": "873713000",
            "cashAndShortTermInvestments": "317315000",
            "totalCurrentLiabilities": "491971000",
            "currentDebt": "None",
            "netIncome": "19522000",
            "capitalExpenditures": "-11918000",
            "operatingCashflow": "6118000",
            "grossProfit": "169029000",
            "totalRevenue": "479851000",
            "sentiment": 0,
            "surprise": "0.08",
            "closePrice": "11.3161346574867"
        }
    ]
}