{
    "LRCX": [
        {
            "fiscalDateEnding": "2023-12-31",
            "totalCurrentAssets": "13054612000",
            "cashAndShortTermInvestments": "5623289000",
            "totalCurrentLiabilities": "4272383000",
            "currentDebt": "3779000",
            "netIncome": "954266000",
            "capitalExpenditures": "115276000",
            "operatingCashflow": "1453840000",
            "grossProfit": "1757455000",
            "totalRevenue": "3711378000",
            "sentiment": 0.2364816527649338,
            "surprise": "0.42",
            "closePrice": "846.379703409842"
        },
        {
            "fiscalDateEnding": "2023-09-30",
            "totalCurrentAssets": "12993562000",
            "cashAndShortTermInvestments": "5126150000",
            "totalCurrentLiabilities": "4247177000",
            "currentDebt": "3861000",
            "netIncome": "887398000",
            "capitalExpenditures": "76992000",
            "operatingCashflow": "951163000",
            "grossProfit": "1654702000",
            "totalRevenue": "3438000000",
            "sentiment": 0.19196324895352523,
            "surprise": "0.73",
            "closePrice": "639.14382204135"
        },
        {
            "fiscalDateEnding": "2023-06-30",
            "totalCurrentAssets": "13228412000",
            "cashAndShortTermInvestments": "5337056000",
            "totalCurrentLiabilities": "4184918000",
            "currentDebt": "8358000",
            "netIncome": "802537000",
            "capitalExpenditures": "78670000",
            "operatingCashflow": "1122725000",
            "grossProfit": "1458129000",
            "totalRevenue": "3162459000",
            "sentiment": 0.19710456417250596,
            "surprise": "0.91",
            "closePrice": "637.320321655397"
        },
        {
            "fiscalDateEnding": "2023-03-31",
            "totalCurrentAssets": "13730027000",
            "cashAndShortTermInvestments": "5305648000",
            "totalCurrentLiabilities": "4441329000",
            "currentDebt": "8457000",
            "netIncome": "814008000",
            "capitalExpenditures": "119457000",
            "operatingCashflow": "1726438000",
            "grossProfit": "1605612000",
            "totalRevenue": "3816833000",
            "sentiment": 0.2063483042240042,
            "surprise": "0.45",
            "closePrice": "485.820379097499"
        },
        {
            "fiscalDateEnding": "2022-12-31",
            "totalCurrentAssets": "13708788000",
            "cashAndShortTermInvestments": "4484716000",
            "totalCurrentLiabilities": "4546922000",
            "currentDebt": "7226000",
            "netIncome": "1468507000",
            "capitalExpenditures": "163378000",
            "operatingCashflow": "1140187000",
            "grossProfit": "2376349000",
            "totalRevenue": "5220794000",
            "sentiment": 0.2080846854719226,
            "surprise": "0.75",
            "closePrice": "481.546541585174"
        },
        {
            "fiscalDateEnding": "2022-09-30",
            "totalCurrentAssets": "13612664000",
            "cashAndShortTermInvestments": "4256499000",
            "totalCurrentLiabilities": "5053382000",
            "currentDebt": "7110000",
            "netIncome": "1425879000",
            "capitalExpenditures": "140063000",
            "operatingCashflow": "1189588000",
            "grossProfit": "2336835000",
            "totalRevenue": "5034890000",
            "sentiment": 0.17477343339875515,
            "surprise": "0.88",
            "closePrice": "324.272865595573"
        },
        {
            "fiscalDateEnding": "2022-06-30",
            "totalCurrentAssets": "12285235000",
            "cashAndShortTermInvestments": "3522001000",
            "totalCurrentLiabilities": "4564759000",
            "currentDebt": "7381000",
            "netIncome": "1208934000",
            "capitalExpenditures": "125746000",
            "operatingCashflow": "443934000",
            "grossProfit": "2100512000",
            "totalRevenue": "4586946000",
            "sentiment": 0.02232678950629737,
            "surprise": "1.51",
            "closePrice": "457.555305500622"
        },
        {
            "fiscalDateEnding": "2022-03-31",
            "totalCurrentAssets": "11888101000",
            "cashAndShortTermInvestments": "4194719000",
            "totalCurrentLiabilities": "4194741000",
            "currentDebt": "7689000",
            "netIncome": "1021778000",
            "capitalExpenditures": "145368000",
            "operatingCashflow": "757710000",
            "grossProfit": "1816625000",
            "totalRevenue": "4014649000",
            "sentiment": 0.0035306199184267375,
            "surprise": "-0.11",
            "closePrice": "469.481607049489"
        },
        {
            "fiscalDateEnding": "2021-12-31",
            "totalCurrentAssets": "12102862000",
            "cashAndShortTermInvestments": "5086544000",
            "totalCurrentLiabilities": "3863151000",
            "currentDebt": "6201000",
            "netIncome": "1194830000",
            "capitalExpenditures": "138493000",
            "operatingCashflow": "1440506000",
            "grossProfit": "1977916000",
            "totalRevenue": "4180570000",
            "sentiment": 0,
            "surprise": "0.02",
            "closePrice": "580.042364775848"
        },
        {
            "fiscalDateEnding": "2021-09-30",
            "totalCurrentAssets": "11144682000",
            "cashAndShortTermInvestments": "4042151000",
            "totalCurrentLiabilities": "3409220000",
            "currentDebt": "6368000",
            "netIncome": "1179744000",
            "capitalExpenditures": "136427000",
            "operatingCashflow": "457524000",
            "grossProfit": "1976754000",
            "totalRevenue": "4259392000",
            "sentiment": 0,
            "surprise": "0.15",
            "closePrice": "548.529592194751"
        },
        {
            "fiscalDateEnding": "2021-06-30",
            "totalCurrentAssets": "11652387000",
            "cashAndShortTermInvestments": "4418263000",
            "totalCurrentLiabilities": "3527867000",
            "currentDebt": "11349000",
            "netIncome": "1144657000",
            "capitalExpenditures": "104622000",
            "operatingCashflow": "1435935000",
            "grossProfit": "1915201000",
            "totalRevenue": "4091119000",
            "sentiment": 0,
            "surprise": "0.54",
            "closePrice": "614.44932917754"
        },
        {
            "fiscalDateEnding": "2021-03-31",
            "totalCurrentAssets": "11322270000",
            "cashAndShortTermInvestments": "3673366000",
            "totalCurrentLiabilities": "3612333000",
            "currentDebt": "825434000",
            "netIncome": "1071121000",
            "capitalExpenditures": "89596000",
            "operatingCashflow": "1165080000",
            "grossProfit": "1780131000",
            "totalRevenue": "3795959000",
            "sentiment": 0,
            "surprise": "0.87",
            "closePrice": "619.246017856762"
        },
        {
            "fiscalDateEnding": "2020-12-31",
            "totalCurrentAssets": "11467952000",
            "cashAndShortTermInvestments": "3687165000",
            "totalCurrentLiabilities": "3591053000",
            "currentDebt": "832847000",
            "netIncome": "869229000",
            "capitalExpenditures": "92072000",
            "operatingCashflow": "344637000",
            "grossProfit": "1603795000",
            "totalRevenue": "3399923000",
            "sentiment": 0,
            "surprise": "0.31",
            "closePrice": "496.187961108144"
        },
        {
            "fiscalDateEnding": "2020-09-30",
            "totalCurrentAssets": "11274883000",
            "cashAndShortTermInvestments": "4129067000",
            "totalCurrentLiabilities": "3406868000",
            "currentDebt": "834138000",
            "netIncome": "823451000",
            "capitalExpenditures": "62806000",
            "operatingCashflow": "642511000",
            "grossProfit": "1506179000",
            "totalRevenue": "3123590000",
            "sentiment": 0,
            "surprise": "0.47",
            "closePrice": "352.305466932285"
        },
        {
            "fiscalDateEnding": "2020-06-30",
            "totalCurrentAssets": "10853535000",
            "cashAndShortTermInvestments": "4915172000",
            "totalCurrentLiabilities": "3162442000",
            "currentDebt": "839877000",
            "netIncome": "696673000",
            "capitalExpenditures": "50554000",
            "operatingCashflow": "813048000",
            "grossProfit": "1280332000",
            "totalRevenue": "2741633000",
            "sentiment": 0,
            "surprise": "0.73",
            "closePrice": "345.41188711451"
        },
        {
            "fiscalDateEnding": "2020-03-31",
            "totalCurrentAssets": "9408785000",
            "cashAndShortTermInvestments": "3961586000",
            "totalCurrentLiabilities": "2105661000",
            "currentDebt": "42407000",
            "netIncome": "574781000",
            "capitalExpenditures": "51375000",
            "operatingCashflow": "541428000",
            "grossProfit": "1167007000",
            "totalRevenue": "2462525000",
            "sentiment": 0,
            "surprise": "0",
            "closePrice": "259.191213102397"
        },
        {
            "fiscalDateEnding": "2019-12-31",
            "totalCurrentAssets": "8454965000",
            "cashAndShortTermInvestments": "3035887000",
            "totalCurrentLiabilities": "2565501000",
            "currentDebt": "632292000",
            "netIncome": "514510000",
            "capitalExpenditures": "62054000",
            "operatingCashflow": "307928000",
            "grossProfit": "1179644000",
            "totalRevenue": "2538599000",
            "sentiment": 0,
            "surprise": "0.16",
            "closePrice": "282.995467467636"
        },
        {
            "fiscalDateEnding": "2019-09-30",
            "totalCurrentAssets": "8834615000",
            "cashAndShortTermInvestments": "4607182000",
            "totalCurrentLiabilities": "2457682000",
            "currentDebt": "645158000",
            "netIncome": "465789000",
            "capitalExpenditures": "39256000",
            "operatingCashflow": "464047000",
            "grossProfit": "981710000",
            "totalRevenue": "2121222000",
            "sentiment": 0,
            "surprise": "0.17",
            "closePrice": "220.3338642746"
        },
        {
            "fiscalDateEnding": "2019-06-30",
            "totalCurrentAssets": "8560409000",
            "cashAndShortTermInvestments": "3658219000",
            "totalCurrentLiabilities": "2371650000",
            "currentDebt": "667131000",
            "netIncome": "541825000",
            "capitalExpenditures": "65948000",
            "operatingCashflow": "880487000",
            "grossProfit": "1080891000",
            "totalRevenue": "2313311000",
            "sentiment": 0,
            "surprise": "0.2",
            "closePrice": "196.141454839231"
        },
        {
            "fiscalDateEnding": "2019-03-31",
            "totalCurrentAssets": "9442241000",
            "cashAndShortTermInvestments": "4931611000",
            "totalCurrentLiabilities": "2805628000",
            "currentDebt": "964107000",
            "netIncome": "547390000",
            "capitalExpenditures": "75522000",
            "operatingCashflow": "932821000",
            "grossProfit": "1074337000",
            "totalRevenue": "2409505000",
            "sentiment": 0,
            "surprise": "0.32",
            "closePrice": "182.700436114883"
        },
        {
            "fiscalDateEnding": "2018-12-23",
            "totalCurrentAssets": "7355845000",
            "cashAndShortTermInvestments": "3359793000",
            "totalCurrentLiabilities": "2166837000",
            "currentDebt": "187102000",
            "netIncome": "568855000",
            "capitalExpenditures": "105923000",
            "operatingCashflow": "642419000",
            "grossProfit": "1145033000",
            "totalRevenue": "2505470000",
            "sentiment": 0,
            "surprise": "0.21",
            "closePrice": "129.453936673673"
        },
        {
            "fiscalDateEnding": "2018-09-23",
            "totalCurrentAssets": "7515873000",
            "cashAndShortTermInvestments": "2568085000",
            "totalCurrentLiabilities": "2824965000",
            "currentDebt": "550369000",
            "netIncome": "533360000",
            "capitalExpenditures": "56098000",
            "operatingCashflow": "720286000",
            "grossProfit": "1058198000",
            "totalRevenue": "2309037000",
            "sentiment": 0,
            "surprise": "0.14",
            "closePrice": "133.988278843779"
        },
        {
            "fiscalDateEnding": "2018-06-30",
            "totalCurrentAssets": "9149911000",
            "cashAndShortTermInvestments": "4512257000",
            "totalCurrentLiabilities": "3150308000",
            "currentDebt": "None",
            "netIncome": "1021146000",
            "capitalExpenditures": "79655000",
            "operatingCashflow": "718358000",
            "grossProfit": "1479408000",
            "totalRevenue": "3101526000",
            "sentiment": 0,
            "surprise": "0.37",
            "closePrice": "162.34476521254"
        },
        {
            "fiscalDateEnding": "2018-03-31",
            "totalCurrentAssets": "10425797000",
            "cashAndShortTermInvestments": "4698995000",
            "totalCurrentLiabilities": "3948420000",
            "currentDebt": "1423265000",
            "netIncome": "778800000",
            "capitalExpenditures": "49057000",
            "operatingCashflow": "1050379000",
            "grossProfit": "1330714000",
            "totalRevenue": "2865316000",
            "sentiment": 0,
            "surprise": "0.41",
            "closePrice": "193.40980437816"
        },
        {
            "fiscalDateEnding": "2017-12-31",
            "totalCurrentAssets": "9666122000",
            "cashAndShortTermInvestments": "1745173000",
            "totalCurrentLiabilities": "3911695000",
            "currentDebt": "1401660000",
            "netIncome": "-9955000",
            "capitalExpenditures": "84693000",
            "operatingCashflow": "28704000",
            "grossProfit": "1205567000",
            "totalRevenue": "2558694000",
            "sentiment": 0,
            "surprise": "0.66",
            "closePrice": "190.58321895029"
        },
        {
            "fiscalDateEnding": "2017-09-30",
            "totalCurrentAssets": "9228780000",
            "cashAndShortTermInvestments": "2406462000",
            "totalCurrentLiabilities": "2788631000",
            "currentDebt": "639907000",
            "netIncome": "590690000",
            "capitalExpenditures": "60064000",
            "operatingCashflow": "858306000",
            "grossProfit": "1149343000",
            "totalRevenue": "2451235000",
            "sentiment": 0,
            "surprise": "0.18",
            "closePrice": "176.300752883118"
        },
        {
            "fiscalDateEnding": "2017-06-30",
            "totalCurrentAssets": "9142498000",
            "cashAndShortTermInvestments": "2377534000",
            "totalCurrentLiabilities": "2950115000",
            "currentDebt": "908439000",
            "netIncome": "526424000",
            "capitalExpenditures": "34811000",
            "operatingCashflow": "-236716000",
            "grossProfit": "1068961000",
            "totalRevenue": "2316589000",
            "sentiment": 0,
            "surprise": "0.08",
            "closePrice": "152.15047914892"
        },
        {
            "fiscalDateEnding": "2017-03-31",
            "totalCurrentAssets": "8875948000",
            "cashAndShortTermInvestments": "2128570000",
            "totalCurrentLiabilities": "2756739000",
            "currentDebt": "905288000",
            "netIncome": "574713000",
            "capitalExpenditures": "44116000",
            "operatingCashflow": "610003000",
            "grossProfit": "971404000",
            "totalRevenue": "2129922000",
            "sentiment": 0,
            "surprise": "0.25",
            "closePrice": "114.852419763925"
        },
        {
            "fiscalDateEnding": "2016-12-31",
            "totalCurrentAssets": "8503874000",
            "cashAndShortTermInvestments": "2503960000",
            "totalCurrentLiabilities": "2658018000",
            "currentDebt": "957895000",
            "netIncome": "332791000",
            "capitalExpenditures": "36513000",
            "operatingCashflow": "365046000",
            "grossProfit": "846797000",
            "totalRevenue": "1820344000",
            "sentiment": 0,
            "surprise": "0.05",
            "closePrice": "104.980644272246"
        },
        {
            "fiscalDateEnding": "2016-09-30",
            "totalCurrentAssets": "9599002000",
            "cashAndShortTermInvestments": "5861701000",
            "totalCurrentLiabilities": "2486252000",
            "currentDebt": "952999000",
            "netIncome": "263835000",
            "capitalExpenditures": "41979000",
            "operatingCashflow": "864253000",
            "grossProfit": "716197000",
            "totalRevenue": "1592209000",
            "sentiment": 0,
            "surprise": "0.03",
            "closePrice": "89.1499104930422"
        },
        {
            "fiscalDateEnding": "2016-06-30",
            "totalCurrentAssets": "9213150000",
            "cashAndShortTermInvestments": "5039322000",
            "totalCurrentLiabilities": "2418041000",
            "currentDebt": "949494000",
            "netIncome": "258939000",
            "capitalExpenditures": "51726000",
            "operatingCashflow": "807235000",
            "grossProfit": "698784000",
            "totalRevenue": "1510819000",
            "sentiment": 0,
            "surprise": "0.16",
            "closePrice": "81.9488666233873"
        },
        {
            "fiscalDateEnding": "2016-03-31",
            "totalCurrentAssets": "6941565000",
            "cashAndShortTermInvestments": "2232021000",
            "totalCurrentLiabilities": "2342186000",
            "currentDebt": "978982000",
            "netIncome": "143451000",
            "capitalExpenditures": "46007000",
            "operatingCashflow": "143451000",
            "grossProfit": "571265000",
            "totalRevenue": "1278456000",
            "sentiment": 0,
            "surprise": "0.08",
            "closePrice": "73.4027105873796"
        },
        {
            "fiscalDateEnding": "2015-12-31",
            "totalCurrentAssets": "6670197000",
            "cashAndShortTermInvestments": "1967873000",
            "totalCurrentLiabilities": "2222980000",
            "currentDebt": "973697000",
            "netIncome": "222980000",
            "capitalExpenditures": "28143000",
            "operatingCashflow": "222980000",
            "grossProfit": "626510000",
            "totalRevenue": "1387469000",
            "sentiment": 0,
            "surprise": "0.14",
            "closePrice": "59.6946131879571"
        },
        {
            "fiscalDateEnding": "2015-09-30",
            "totalCurrentAssets": "6515981000",
            "cashAndShortTermInvestments": "1744325000",
            "totalCurrentLiabilities": "2281941000",
            "currentDebt": "969392000",
            "netIncome": "288679000",
            "capitalExpenditures": "49454000",
            "operatingCashflow": "832994000",
            "grossProfit": "722363000",
            "totalRevenue": "1574684000",
            "sentiment": 0,
            "surprise": "0.11",
            "closePrice": "62.3639726757621"
        },
        {
            "fiscalDateEnding": "2015-06-30",
            "totalCurrentAssets": "6270849000",
            "cashAndShortTermInvestments": "4076486000",
            "totalCurrentLiabilities": "2631361000",
            "currentDebt": "1359650000",
            "netIncome": "131271000",
            "capitalExpenditures": "63133000",
            "operatingCashflow": "-158888000",
            "grossProfit": "641538000",
            "totalRevenue": "1456810000",
            "sentiment": 0,
            "surprise": "0.03",
            "closePrice": "68.1320156866177"
        },
        {
            "fiscalDateEnding": "2015-03-31",
            "totalCurrentAssets": "6060967000",
            "cashAndShortTermInvestments": "3949131000",
            "totalCurrentLiabilities": "1734996000",
            "currentDebt": "520686000",
            "netIncome": "206285000",
            "capitalExpenditures": "31898000",
            "operatingCashflow": "239233000",
            "grossProfit": "600602000",
            "totalRevenue": "1377267000",
            "sentiment": 0,
            "surprise": "0.1",
            "closePrice": "62.9200320499365"
        },
        {
            "fiscalDateEnding": "2014-12-31",
            "totalCurrentAssets": "4914812000",
            "cashAndShortTermInvestments": "2883677000",
            "totalCurrentLiabilities": "1708656000",
            "currentDebt": "519963000",
            "netIncome": "176940000",
            "capitalExpenditures": "61363000",
            "operatingCashflow": "176940000",
            "grossProfit": "536657000",
            "totalRevenue": "1216314000",
            "sentiment": 0,
            "surprise": "0.06",
            "closePrice": "69.5212225942173"
        },
        {
            "fiscalDateEnding": "2014-09-30",
            "totalCurrentAssets": "4690976000",
            "cashAndShortTermInvestments": "2887346000",
            "totalCurrentLiabilities": "1599625000",
            "currentDebt": "519099000",
            "netIncome": "141081000",
            "capitalExpenditures": "41871000",
            "operatingCashflow": "210716000",
            "grossProfit": "505539000",
            "totalRevenue": "1145001000",
            "sentiment": 0,
            "surprise": "0.03",
            "closePrice": "62.5388288693206"
        },
        {
            "fiscalDateEnding": "2014-06-30",
            "totalCurrentAssets": "4783662000",
            "cashAndShortTermInvestments": "3065644000",
            "totalCurrentLiabilities": "1582001000",
            "currentDebt": "518267000",
            "netIncome": "233395000",
            "capitalExpenditures": "41764000",
            "operatingCashflow": "245891000",
            "grossProfit": "557036000",
            "totalRevenue": "1318125000",
            "sentiment": 0,
            "surprise": "0.02",
            "closePrice": "58.928165970099"
        },
        {
            "fiscalDateEnding": "2014-03-31",
            "totalCurrentAssets": "4447349000",
            "cashAndShortTermInvestments": "2754472000",
            "totalCurrentLiabilities": "1542705000",
            "currentDebt": "517401000",
            "netIncome": "164396000",
            "capitalExpenditures": "41638000",
            "operatingCashflow": "290210000",
            "grossProfit": "530798000",
            "totalRevenue": "1211686000",
            "sentiment": 0,
            "surprise": "0.09",
            "closePrice": "45.2275590076706"
        },
        {
            "fiscalDateEnding": "2013-12-31",
            "totalCurrentAssets": "4249036000",
            "cashAndShortTermInvestments": "2522290000",
            "totalCurrentLiabilities": "1522572000",
            "currentDebt": "516481000",
            "netIncome": "148992000",
            "capitalExpenditures": "38323000",
            "operatingCashflow": "129023000",
            "grossProfit": "487789000",
            "totalRevenue": "1100889000",
            "sentiment": 0,
            "surprise": "0.07",
            "closePrice": "44.3619597922128"
        },
        {
            "fiscalDateEnding": "2013-09-30",
            "totalCurrentAssets": "3924252000",
            "cashAndShortTermInvestments": "2456215000",
            "totalCurrentLiabilities": "1402890000",
            "currentDebt": "515538000",
            "netIncome": "85506000",
            "capitalExpenditures": "23778000",
            "operatingCashflow": "51925000",
            "grossProfit": "431858000",
            "totalRevenue": "999535000",
            "sentiment": 0,
            "surprise": "0.1",
            "closePrice": "45.1929350390523"
        },
        {
            "fiscalDateEnding": "2013-06-30",
            "totalCurrentAssets": "3793829000",
            "cashAndShortTermInvestments": "2497218000",
            "totalCurrentLiabilities": "1404475000",
            "currentDebt": "514655000",
            "netIncome": "85707000",
            "capitalExpenditures": "43140000",
            "operatingCashflow": "174988000",
            "grossProfit": "413927000",
            "totalRevenue": "969228000",
            "sentiment": 0,
            "surprise": "0.09",
            "closePrice": "42.6047933848335"
        },
        {
            "fiscalDateEnding": "2013-03-31",
            "totalCurrentAssets": "3669919000",
            "cashAndShortTermInvestments": "2356928000",
            "totalCurrentLiabilities": "801013000",
            "currentDebt": "1555000",
            "netIncome": "18996000",
            "capitalExpenditures": "34766000",
            "operatingCashflow": "102457000",
            "grossProfit": "339832000",
            "totalRevenue": "844928000",
            "sentiment": 0,
            "surprise": "0.07",
            "closePrice": "37.2467342411496"
        },
        {
            "fiscalDateEnding": "2012-12-23",
            "totalCurrentAssets": "3846408000",
            "cashAndShortTermInvestments": "2520687000",
            "totalCurrentLiabilities": "825482000",
            "currentDebt": "1464000",
            "netIncome": "6408000",
            "capitalExpenditures": "38924000",
            "operatingCashflow": "193226000",
            "grossProfit": "315414000",
            "totalRevenue": "860886000",
            "sentiment": 0,
            "surprise": "0.01",
            "closePrice": "34.7105285398582"
        },
        {
            "fiscalDateEnding": "2012-09-23",
            "totalCurrentAssets": "4169416000",
            "cashAndShortTermInvestments": "2724233000",
            "totalCurrentLiabilities": "854257000",
            "currentDebt": "1521000",
            "netIncome": "2768000",
            "capitalExpenditures": "43965000",
            "operatingCashflow": "249262000",
            "grossProfit": "333886000",
            "totalRevenue": "906888000",
            "sentiment": 0,
            "surprise": "0.12",
            "closePrice": "29.0668216550733"
        },
        {
            "fiscalDateEnding": "2012-06-30",
            "totalCurrentAssets": "4415109000",
            "cashAndShortTermInvestments": "1564752000",
            "totalCurrentLiabilities": "1426928000",
            "currentDebt": "511139000",
            "netIncome": "18069000",
            "capitalExpenditures": "36880000",
            "operatingCashflow": "96715000",
            "grossProfit": "298213000",
            "totalRevenue": "741814000",
            "sentiment": 0,
            "surprise": "-0.04",
            "closePrice": "29.6381171372755"
        },
        {
            "fiscalDateEnding": "2012-03-31",
            "totalCurrentAssets": "3423909000",
            "cashAndShortTermInvestments": "2403963000",
            "totalCurrentLiabilities": "651655000",
            "currentDebt": "2500000",
            "netIncome": "45604000",
            "capitalExpenditures": "27978000",
            "operatingCashflow": "146397000",
            "grossProfit": "267147000",
            "totalRevenue": "658961000",
            "sentiment": 0,
            "surprise": "0.04",
            "closePrice": "36.3897910178464"
        },
        {
            "fiscalDateEnding": "2011-12-31",
            "totalCurrentAssets": "3212851000",
            "cashAndShortTermInvestments": "2219784000",
            "totalCurrentLiabilities": "593605000",
            "currentDebt": "2817000",
            "netIncome": "33212000",
            "capitalExpenditures": "26682000",
            "operatingCashflow": "169016000",
            "grossProfit": "234826000",
            "totalRevenue": "583981000",
            "sentiment": 0,
            "surprise": "0.04",
            "closePrice": "37.6968458331877"
        },
        {
            "fiscalDateEnding": "2011-09-30",
            "totalCurrentAssets": "3134629000",
            "cashAndShortTermInvestments": "2052405000",
            "totalCurrentLiabilities": "594594000",
            "currentDebt": "4446000",
            "netIncome": "71838000",
            "capitalExpenditures": "15732000",
            "operatingCashflow": "86900000",
            "grossProfit": "283883000",
            "totalRevenue": "680436000",
            "sentiment": 0,
            "surprise": "-0.02",
            "closePrice": "36.9004945549665"
        },
        {
            "fiscalDateEnding": "2011-06-30",
            "totalCurrentAssets": "3273265000",
            "cashAndShortTermInvestments": "2122247000",
            "totalCurrentLiabilities": "680759000",
            "currentDebt": "4782000",
            "netIncome": "125928000",
            "capitalExpenditures": "34571000",
            "operatingCashflow": "198108000",
            "grossProfit": "338454000",
            "totalRevenue": "752018000",
            "sentiment": 0,
            "surprise": "0.05",
            "closePrice": "36.5455988766288"
        },
        {
            "fiscalDateEnding": "2011-03-31",
            "totalCurrentAssets": "2372774000",
            "cashAndShortTermInvestments": "1255589000",
            "totalCurrentLiabilities": "667391000",
            "currentDebt": "4242000",
            "netIncome": "182240000",
            "capitalExpenditures": "35769000",
            "operatingCashflow": "241593000",
            "grossProfit": "374019000",
            "totalRevenue": "809087000",
            "sentiment": 0,
            "surprise": "0.09",
            "closePrice": "45.0457831724245"
        },
        {
            "fiscalDateEnding": "2010-12-31",
            "totalCurrentAssets": "2179745000",
            "cashAndShortTermInvestments": "1032098000",
            "totalCurrentLiabilities": "689871000",
            "currentDebt": "4113000",
            "netIncome": "221856000",
            "capitalExpenditures": "38025000",
            "operatingCashflow": "185583000",
            "grossProfit": "407433000",
            "totalRevenue": "870714000",
            "sentiment": 0,
            "surprise": "0.17",
            "closePrice": "46.7856375954947"
        }
    ]
}