{
    "LSCC": [
        {
            "fiscalDateEnding": "2023-12-31",
            "totalCurrentAssets": "367946000",
            "cashAndShortTermInvestments": "128317000",
            "totalCurrentLiabilities": "97400000",
            "currentDebt": "None",
            "netIncome": "98706000",
            "capitalExpenditures": "7963000",
            "operatingCashflow": "71970000",
            "grossProfit": "118947000",
            "totalRevenue": "172049000",
            "sentiment": 0.10139508592541574,
            "surprise": "0.01",
            "closePrice": "71.0"
        },
        {
            "fiscalDateEnding": "2023-09-30",
            "totalCurrentAssets": "360733000",
            "cashAndShortTermInvestments": "114397000",
            "totalCurrentLiabilities": "100663000",
            "currentDebt": "None",
            "netIncome": "53788000",
            "capitalExpenditures": "7545000",
            "operatingCashflow": "82160000",
            "grossProfit": "134561000",
            "totalRevenue": "193123000",
            "sentiment": 0.1477383904959339,
            "surprise": "0.01",
            "closePrice": "67.29"
        },
        {
            "fiscalDateEnding": "2023-06-30",
            "totalCurrentAssets": "344612000",
            "cashAndShortTermInvestments": "103773000",
            "totalCurrentLiabilities": "91966000",
            "currentDebt": "None",
            "netIncome": "50644000",
            "capitalExpenditures": "914000",
            "operatingCashflow": "70594000",
            "grossProfit": "132561000",
            "totalRevenue": "190268000",
            "sentiment": 0.18022611766347285,
            "surprise": "0.01",
            "closePrice": "90.94"
        },
        {
            "fiscalDateEnding": "2023-03-31",
            "totalCurrentAssets": "348880000",
            "cashAndShortTermInvestments": "112136000",
            "totalCurrentLiabilities": "97158000",
            "currentDebt": "None",
            "netIncome": "55923000",
            "capitalExpenditures": "8414000",
            "operatingCashflow": "44864000",
            "grossProfit": "128601000",
            "totalRevenue": "184310000",
            "sentiment": 0.22528046332662302,
            "surprise": "0.01",
            "closePrice": "81.64"
        },
        {
            "fiscalDateEnding": "2022-12-31",
            "totalCurrentAssets": "379167000",
            "cashAndShortTermInvestments": "145722000",
            "totalCurrentLiabilities": "127373000",
            "currentDebt": "None",
            "netIncome": "51913000",
            "capitalExpenditures": "13530000",
            "operatingCashflow": "81981000",
            "grossProfit": "122066000",
            "totalRevenue": "174680000",
            "sentiment": 0.24082236199958892,
            "surprise": "0.01",
            "closePrice": "82.7"
        },
        {
            "fiscalDateEnding": "2022-09-30",
            "totalCurrentAssets": "340308000",
            "cashAndShortTermInvestments": "118766000",
            "totalCurrentLiabilities": "110278000",
            "currentDebt": "None",
            "netIncome": "46359000",
            "capitalExpenditures": "7117000",
            "operatingCashflow": "63907000",
            "grossProfit": "118732000",
            "totalRevenue": "171242000",
            "sentiment": 0.31762085684733116,
            "surprise": "0.04",
            "closePrice": "48.51"
        },
        {
            "fiscalDateEnding": "2022-06-30",
            "totalCurrentAssets": "314460000",
            "cashAndShortTermInvestments": "117882000",
            "totalCurrentLiabilities": "106408000",
            "currentDebt": "None",
            "netIncome": "44532000",
            "capitalExpenditures": "7155000",
            "operatingCashflow": "49713000",
            "grossProfit": "110485000",
            "totalRevenue": "171242000",
            "sentiment": 0.06554424318670743,
            "surprise": "0.02",
            "closePrice": "62.02"
        },
        {
            "fiscalDateEnding": "2022-03-31",
            "totalCurrentAssets": "299185000",
            "cashAndShortTermInvestments": "122989000",
            "totalCurrentLiabilities": "99063000",
            "currentDebt": "None",
            "netIncome": "36078000",
            "capitalExpenditures": "7130000",
            "operatingCashflow": "43205000",
            "grossProfit": "100767000",
            "totalRevenue": "149807000",
            "sentiment": 0.14695361972342041,
            "surprise": "0.04",
            "closePrice": "50.25"
        },
        {
            "fiscalDateEnding": "2021-12-31",
            "totalCurrentAssets": "301351000",
            "cashAndShortTermInvestments": "131570000",
            "totalCurrentLiabilities": "106181000",
            "currentDebt": "17173000",
            "netIncome": "28532000",
            "capitalExpenditures": "5045000",
            "operatingCashflow": "51659000",
            "grossProfit": "91080000",
            "totalRevenue": "141138000",
            "sentiment": 0,
            "surprise": "0.04",
            "closePrice": "57.53"
        },
        {
            "fiscalDateEnding": "2021-09-30",
            "totalCurrentAssets": "351759000",
            "cashAndShortTermInvestments": "181452000",
            "totalCurrentLiabilities": "103369000",
            "currentDebt": "None",
            "netIncome": "26739000",
            "capitalExpenditures": "5862000",
            "operatingCashflow": "45359000",
            "grossProfit": "82825000",
            "totalRevenue": "131253000",
            "sentiment": 0,
            "surprise": "0.03",
            "closePrice": "73.45"
        },
        {
            "fiscalDateEnding": "2021-06-30",
            "totalCurrentAssets": "346469000",
            "cashAndShortTermInvestments": "187734000",
            "totalCurrentLiabilities": "88572000",
            "currentDebt": "None",
            "netIncome": "26739000",
            "capitalExpenditures": "6464000",
            "operatingCashflow": "41333000",
            "grossProfit": "82825000",
            "totalRevenue": "125203000",
            "sentiment": 0,
            "surprise": "0.03",
            "closePrice": "58.12"
        },
        {
            "fiscalDateEnding": "2021-03-31",
            "totalCurrentAssets": "336880000",
            "cashAndShortTermInvestments": "185268000",
            "totalCurrentLiabilities": "80679000",
            "currentDebt": "None",
            "netIncome": "18813000",
            "capitalExpenditures": "4326000",
            "operatingCashflow": "29371000",
            "grossProfit": "70586000",
            "totalRevenue": "114998000",
            "sentiment": 0,
            "surprise": "0.03",
            "closePrice": "47.81"
        },
        {
            "fiscalDateEnding": "2020-12-31",
            "totalCurrentAssets": "333843000",
            "cashAndShortTermInvestments": "182332000",
            "totalCurrentLiabilities": "79731000",
            "currentDebt": "12762000",
            "netIncome": "15989000",
            "capitalExpenditures": "4237000",
            "operatingCashflow": "22729000",
            "grossProfit": "64861000",
            "totalRevenue": "106385000",
            "sentiment": 0,
            "surprise": "0.02",
            "closePrice": "48.63"
        },
        {
            "fiscalDateEnding": "2020-09-30",
            "totalCurrentAssets": "338950000",
            "cashAndShortTermInvestments": "182268000",
            "totalCurrentLiabilities": "87834000",
            "currentDebt": "8382000",
            "netIncome": "12607000",
            "capitalExpenditures": "2952000",
            "operatingCashflow": "32094000",
            "grossProfit": "62306000",
            "totalRevenue": "102250000",
            "sentiment": 0,
            "surprise": "0.03",
            "closePrice": "34.31"
        },
        {
            "fiscalDateEnding": "2020-06-30",
            "totalCurrentAssets": "330998000",
            "cashAndShortTermInvestments": "165175000",
            "totalCurrentLiabilities": "90522000",
            "currentDebt": "4004000",
            "netIncome": "10629000",
            "capitalExpenditures": "4813000",
            "operatingCashflow": "15761000",
            "grossProfit": "60577000",
            "totalRevenue": "99544000",
            "sentiment": 0,
            "surprise": "0.02",
            "closePrice": "31.11"
        },
        {
            "fiscalDateEnding": "2020-03-31",
            "totalCurrentAssets": "318678000",
            "cashAndShortTermInvestments": "176572000",
            "totalCurrentLiabilities": "93727000",
            "currentDebt": "21484000",
            "netIncome": "8167000",
            "capitalExpenditures": "6642000",
            "operatingCashflow": "21103000",
            "grossProfit": "57562000",
            "totalRevenue": "96239000",
            "sentiment": 0,
            "surprise": "0.01",
            "closePrice": "19.55"
        },
        {
            "fiscalDateEnding": "2019-12-31",
            "totalCurrentAssets": "262430000",
            "cashAndShortTermInvestments": "118081000",
            "totalCurrentLiabilities": "99819000",
            "currentDebt": "21474000",
            "netIncome": "13987000",
            "capitalExpenditures": "3861000",
            "operatingCashflow": "39320000",
            "grossProfit": "59293000",
            "totalRevenue": "100237000",
            "sentiment": 0,
            "surprise": "0.02",
            "closePrice": "19.85"
        },
        {
            "fiscalDateEnding": "2019-09-30",
            "totalCurrentAssets": "239209000",
            "cashAndShortTermInvestments": "97413000",
            "totalCurrentLiabilities": "81428000",
            "currentDebt": "17196000",
            "netIncome": "13539000",
            "capitalExpenditures": "3270000",
            "operatingCashflow": "18321000",
            "grossProfit": "61439000",
            "totalRevenue": "101447000",
            "sentiment": 0,
            "surprise": "0.02",
            "closePrice": "18.82"
        },
        {
            "fiscalDateEnding": "2019-06-30",
            "totalCurrentAssets": "256245000",
            "cashAndShortTermInvestments": "122636000",
            "totalCurrentLiabilities": "83117000",
            "currentDebt": "17190000",
            "netIncome": "8559000",
            "capitalExpenditures": "5385000",
            "operatingCashflow": "44738000",
            "grossProfit": "60038000",
            "totalRevenue": "96558000",
            "sentiment": 0,
            "surprise": "0.04",
            "closePrice": "16.41"
        },
        {
            "fiscalDateEnding": "2019-03-31",
            "totalCurrentAssets": "281763000",
            "cashAndShortTermInvestments": "130391000",
            "totalCurrentLiabilities": "70189000",
            "currentDebt": "7796000",
            "netIncome": "7408000",
            "capitalExpenditures": "3074000",
            "operatingCashflow": "21758000",
            "grossProfit": "57652000",
            "totalRevenue": "93188000",
            "sentiment": 0,
            "surprise": "0.02",
            "closePrice": "12.95"
        },
        {
            "fiscalDateEnding": "2018-12-31",
            "totalCurrentAssets": "284423000",
            "cashAndShortTermInvestments": "119051000",
            "totalCurrentLiabilities": "69418000",
            "currentDebt": "19966000",
            "netIncome": "-7121000",
            "capitalExpenditures": "2206000",
            "operatingCashflow": "30898000",
            "grossProfit": "54306000",
            "totalRevenue": "95977000",
            "sentiment": 0,
            "surprise": "0",
            "closePrice": "8.18"
        },
        {
            "fiscalDateEnding": "2018-09-30",
            "totalCurrentAssets": "283665000",
            "cashAndShortTermInvestments": "107893000",
            "totalCurrentLiabilities": "70892000",
            "currentDebt": "14104000",
            "netIncome": "6974000",
            "capitalExpenditures": "2073000",
            "operatingCashflow": "10978000",
            "grossProfit": "58364000",
            "totalRevenue": "101484000",
            "sentiment": 0,
            "surprise": "0.01",
            "closePrice": "7.07"
        },
        {
            "fiscalDateEnding": "2018-06-30",
            "totalCurrentAssets": "269666000",
            "cashAndShortTermInvestments": "105785000",
            "totalCurrentLiabilities": "86726000",
            "currentDebt": "24526000",
            "netIncome": "-20223000",
            "capitalExpenditures": "2301000",
            "operatingCashflow": "7124000",
            "grossProfit": "50248000",
            "totalRevenue": "102715000",
            "sentiment": 0,
            "surprise": "0.05",
            "closePrice": "7.1"
        },
        {
            "fiscalDateEnding": "2018-03-31",
            "totalCurrentAssets": "280571000",
            "cashAndShortTermInvestments": "111470000",
            "totalCurrentLiabilities": "66062000",
            "currentDebt": "1813000",
            "netIncome": "-5952000",
            "capitalExpenditures": "1804000",
            "operatingCashflow": "2458000",
            "grossProfit": "56521000",
            "totalRevenue": "98623000",
            "sentiment": 0,
            "surprise": "0.01",
            "closePrice": "5.21"
        },
        {
            "fiscalDateEnding": "2017-12-31",
            "totalCurrentAssets": "263371000",
            "cashAndShortTermInvestments": "111797000",
            "totalCurrentLiabilities": "83647000",
            "currentDebt": "1508000",
            "netIncome": "-7213000",
            "capitalExpenditures": "530000",
            "operatingCashflow": "2768000",
            "grossProfit": "51216000",
            "totalRevenue": "95266000",
            "sentiment": 0,
            "surprise": "-0.02",
            "closePrice": "5.91"
        },
        {
            "fiscalDateEnding": "2017-09-30",
            "totalCurrentAssets": "284402000",
            "cashAndShortTermInvestments": "99995000",
            "totalCurrentLiabilities": "128982000",
            "currentDebt": "22243000",
            "netIncome": "-43052000",
            "capitalExpenditures": "5290000",
            "operatingCashflow": "24232000",
            "grossProfit": "53322000",
            "totalRevenue": "91971000",
            "sentiment": 0,
            "surprise": "0.03",
            "closePrice": "6.01"
        },
        {
            "fiscalDateEnding": "2017-06-30",
            "totalCurrentAssets": "268577000",
            "cashAndShortTermInvestments": "84886000",
            "totalCurrentLiabilities": "116547000",
            "currentDebt": "None",
            "netIncome": "-13022000",
            "capitalExpenditures": "3661000",
            "operatingCashflow": "3849000",
            "grossProfit": "51209000",
            "totalRevenue": "94137000",
            "sentiment": 0,
            "surprise": "-0.0644",
            "closePrice": "6.75"
        },
        {
            "fiscalDateEnding": "2017-03-31",
            "totalCurrentAssets": "272957000",
            "cashAndShortTermInvestments": "109448000",
            "totalCurrentLiabilities": "106323000",
            "currentDebt": "None",
            "netIncome": "-7275000",
            "capitalExpenditures": "3374000",
            "operatingCashflow": "7665000",
            "grossProfit": "60832000",
            "totalRevenue": "104587000",
            "sentiment": 0,
            "surprise": "-0.01",
            "closePrice": "6.81"
        },
        {
            "fiscalDateEnding": "2016-12-31",
            "totalCurrentAssets": "314700000",
            "cashAndShortTermInvestments": "116860000",
            "totalCurrentLiabilities": "157550000",
            "currentDebt": "33767000",
            "netIncome": "-8164000",
            "capitalExpenditures": "2726000",
            "operatingCashflow": "22416000",
            "grossProfit": "63480000",
            "totalRevenue": "118108000",
            "sentiment": 0,
            "surprise": "-0.03",
            "closePrice": "7.03"
        },
        {
            "fiscalDateEnding": "2016-09-30",
            "totalCurrentAssets": "292014000",
            "cashAndShortTermInvestments": "98914000",
            "totalCurrentLiabilities": "135194000",
            "currentDebt": "None",
            "netIncome": "-12414000",
            "capitalExpenditures": "3889000",
            "operatingCashflow": "-13339000",
            "grossProfit": "67424000",
            "totalRevenue": "113225000",
            "sentiment": 0,
            "surprise": "-0.01",
            "closePrice": "7.86"
        },
        {
            "fiscalDateEnding": "2016-06-30",
            "totalCurrentAssets": "307566000",
            "cashAndShortTermInvestments": "110531000",
            "totalCurrentLiabilities": "152985000",
            "currentDebt": "None",
            "netIncome": "-13810000",
            "capitalExpenditures": "4402000",
            "operatingCashflow": "9533000",
            "grossProfit": "58426000",
            "totalRevenue": "99209000",
            "sentiment": 0,
            "surprise": "-0.14",
            "closePrice": "6.02"
        },
        {
            "fiscalDateEnding": "2016-03-31",
            "totalCurrentAssets": "300501000",
            "cashAndShortTermInvestments": "116474000",
            "totalCurrentLiabilities": "125750000",
            "currentDebt": "None",
            "netIncome": "-19711000",
            "capitalExpenditures": "5700000",
            "operatingCashflow": "23124000",
            "grossProfit": "57104000",
            "totalRevenue": "96512000",
            "sentiment": 0,
            "surprise": "0",
            "closePrice": "5.19"
        },
        {
            "fiscalDateEnding": "2015-12-31",
            "totalCurrentAssets": "285863000",
            "cashAndShortTermInvestments": "102574000",
            "totalCurrentLiabilities": "111177000",
            "currentDebt": "7557000",
            "netIncome": "-45454000",
            "capitalExpenditures": "6625000",
            "operatingCashflow": "-2259000",
            "grossProfit": "54102000",
            "totalRevenue": "101194000",
            "sentiment": 0,
            "surprise": "-0.08",
            "closePrice": "4.76"
        },
        {
            "fiscalDateEnding": "2015-09-30",
            "totalCurrentAssets": "301189000",
            "cashAndShortTermInvestments": "118446000",
            "totalCurrentLiabilities": "110788000",
            "currentDebt": "None",
            "netIncome": "-24862000",
            "capitalExpenditures": "4552000",
            "operatingCashflow": "-5219000",
            "grossProfit": "59849000",
            "totalRevenue": "109715000",
            "sentiment": 0,
            "surprise": "-0.01",
            "closePrice": "4.45"
        },
        {
            "fiscalDateEnding": "2015-06-30",
            "totalCurrentAssets": "316331000",
            "cashAndShortTermInvestments": "138135000",
            "totalCurrentLiabilities": "112295000",
            "currentDebt": "None",
            "netIncome": "-35570000",
            "capitalExpenditures": "4154000",
            "operatingCashflow": "-15392000",
            "grossProfit": "58126000",
            "totalRevenue": "106460000",
            "sentiment": 0,
            "surprise": "-0.06",
            "closePrice": "5.02"
        },
        {
            "fiscalDateEnding": "2015-03-31",
            "totalCurrentAssets": "344435000",
            "cashAndShortTermInvestments": "159769000",
            "totalCurrentLiabilities": "117256000",
            "currentDebt": "None",
            "netIncome": "-53347000",
            "capitalExpenditures": "2878000",
            "operatingCashflow": "-15000",
            "grossProfit": "47832000",
            "totalRevenue": "88597000",
            "sentiment": 0,
            "surprise": "-0.45",
            "closePrice": "6.19"
        },
        {
            "fiscalDateEnding": "2014-12-31",
            "totalCurrentAssets": "398422000",
            "cashAndShortTermInvestments": "254844000",
            "totalCurrentLiabilities": "60746000",
            "currentDebt": "None",
            "netIncome": "15419000",
            "capitalExpenditures": "3394000",
            "operatingCashflow": "808000",
            "grossProfit": "46263000",
            "totalRevenue": "83600000",
            "sentiment": 0,
            "surprise": "-0.05",
            "closePrice": "7.19"
        },
        {
            "fiscalDateEnding": "2014-09-30",
            "totalCurrentAssets": "388608000",
            "cashAndShortTermInvestments": "257138000",
            "totalCurrentLiabilities": "60543000",
            "currentDebt": "None",
            "netIncome": "9406000",
            "capitalExpenditures": "1998000",
            "operatingCashflow": "15259000",
            "grossProfit": "50811000",
            "totalRevenue": "86570000",
            "sentiment": 0,
            "surprise": "0.02",
            "closePrice": "6.42"
        },
        {
            "fiscalDateEnding": "2014-06-30",
            "totalCurrentAssets": "386453000",
            "cashAndShortTermInvestments": "247037000",
            "totalCurrentLiabilities": "71905000",
            "currentDebt": "None",
            "netIncome": "11771000",
            "capitalExpenditures": "2480000",
            "operatingCashflow": "21155000",
            "grossProfit": "54975000",
            "totalRevenue": "99320000",
            "sentiment": 0,
            "surprise": "0.01",
            "closePrice": "7.39"
        },
        {
            "fiscalDateEnding": "2014-03-31",
            "totalCurrentAssets": "357314000",
            "cashAndShortTermInvestments": "219515000",
            "totalCurrentLiabilities": "68522000",
            "currentDebt": "None",
            "netIncome": "11984000",
            "capitalExpenditures": "2395000",
            "operatingCashflow": "2900000",
            "grossProfit": "54138000",
            "totalRevenue": "96637000",
            "sentiment": 0,
            "surprise": "0.04",
            "closePrice": "8.11"
        },
        {
            "fiscalDateEnding": "2013-12-31",
            "totalCurrentAssets": "325801000",
            "cashAndShortTermInvestments": "215815000",
            "totalCurrentLiabilities": "58608000",
            "currentDebt": "None",
            "netIncome": "6547000",
            "capitalExpenditures": "2263000",
            "operatingCashflow": "12371000",
            "grossProfit": "48603000",
            "totalRevenue": "89519000",
            "sentiment": 0,
            "surprise": "0.02",
            "closePrice": "5.94"
        },
        {
            "fiscalDateEnding": "2013-09-30",
            "totalCurrentAssets": "320689000",
            "cashAndShortTermInvestments": "210772000",
            "totalCurrentLiabilities": "62011000",
            "currentDebt": "None",
            "netIncome": "8844000",
            "capitalExpenditures": "3400000",
            "operatingCashflow": "43226000",
            "grossProfit": "46376000",
            "totalRevenue": "87154000",
            "sentiment": 0,
            "surprise": "0.02",
            "closePrice": "4.2"
        },
        {
            "fiscalDateEnding": "2013-06-30",
            "totalCurrentAssets": "300825000",
            "cashAndShortTermInvestments": "174224000",
            "totalCurrentLiabilities": "55903000",
            "currentDebt": "None",
            "netIncome": "5040000",
            "capitalExpenditures": "3783000",
            "operatingCashflow": "-3320000",
            "grossProfit": "45110000",
            "totalRevenue": "84694000",
            "sentiment": 0,
            "surprise": "0.01",
            "closePrice": "5.03"
        },
        {
            "fiscalDateEnding": "2013-03-31",
            "totalCurrentAssets": "292803000",
            "cashAndShortTermInvestments": "179044000",
            "totalCurrentLiabilities": "56913000",
            "currentDebt": "None",
            "netIncome": "1890000",
            "capitalExpenditures": "3054000",
            "operatingCashflow": "4227000",
            "grossProfit": "38155000",
            "totalRevenue": "71158000",
            "sentiment": 0,
            "surprise": "0.01",
            "closePrice": "5.29"
        },
        {
            "fiscalDateEnding": "2012-12-31",
            "totalCurrentAssets": "287069000",
            "cashAndShortTermInvestments": "183401000",
            "totalCurrentLiabilities": "53093000",
            "currentDebt": "None",
            "netIncome": "-7175000",
            "capitalExpenditures": "2363000",
            "operatingCashflow": "4857000",
            "grossProfit": "35673000",
            "totalRevenue": "65875000",
            "sentiment": 0,
            "surprise": "0.01",
            "closePrice": "3.9"
        },
        {
            "fiscalDateEnding": "2012-09-30",
            "totalCurrentAssets": "295690000",
            "cashAndShortTermInvestments": "138250000",
            "totalCurrentLiabilities": "51788000",
            "currentDebt": "None",
            "netIncome": "-2175000",
            "capitalExpenditures": "3155000",
            "operatingCashflow": "12552000",
            "grossProfit": "38548000",
            "totalRevenue": "70889000",
            "sentiment": 0,
            "surprise": "-0.01",
            "closePrice": "3.5099"
        },
        {
            "fiscalDateEnding": "2012-06-30",
            "totalCurrentAssets": "297981000",
            "cashAndShortTermInvestments": "132468000",
            "totalCurrentLiabilities": "51319000",
            "currentDebt": "None",
            "netIncome": "-12542000",
            "capitalExpenditures": "4633000",
            "operatingCashflow": "-3190000",
            "grossProfit": "37051000",
            "totalRevenue": "70792000",
            "sentiment": 0,
            "surprise": "-0.02",
            "closePrice": "3.58"
        },
        {
            "fiscalDateEnding": "2012-03-31",
            "totalCurrentAssets": "305732000",
            "cashAndShortTermInvestments": "136507000",
            "totalCurrentLiabilities": "54576000",
            "currentDebt": "None",
            "netIncome": "-7714000",
            "capitalExpenditures": "3442000",
            "operatingCashflow": "-9943000",
            "grossProfit": "39485000",
            "totalRevenue": "71700000",
            "sentiment": 0,
            "surprise": "0.02",
            "closePrice": "6.18"
        },
        {
            "fiscalDateEnding": "2011-12-31",
            "totalCurrentAssets": "300605000",
            "cashAndShortTermInvestments": "141423000",
            "totalCurrentLiabilities": "51976000",
            "currentDebt": "None",
            "netIncome": "40945000",
            "capitalExpenditures": "22811000",
            "operatingCashflow": "16622000",
            "grossProfit": "40463000",
            "totalRevenue": "70170000",
            "sentiment": 0,
            "surprise": "0.29",
            "closePrice": "6.64"
        },
        {
            "fiscalDateEnding": "2011-09-30",
            "totalCurrentAssets": "366498000",
            "cashAndShortTermInvestments": "204920000",
            "totalCurrentLiabilities": "64844000",
            "currentDebt": "None",
            "netIncome": "13337000",
            "capitalExpenditures": "1383000",
            "operatingCashflow": "26512000",
            "grossProfit": "47854000",
            "totalRevenue": "81720000",
            "sentiment": 0,
            "surprise": "0",
            "closePrice": "5.86"
        },
        {
            "fiscalDateEnding": "2011-06-30",
            "totalCurrentAssets": "347403000",
            "cashAndShortTermInvestments": "191035000",
            "totalCurrentLiabilities": "52651000",
            "currentDebt": "None",
            "netIncome": "13031000",
            "capitalExpenditures": "3242000",
            "operatingCashflow": "15902000",
            "grossProfit": "50671000",
            "totalRevenue": "83861000",
            "sentiment": 0,
            "surprise": "-0.01",
            "closePrice": "6.09"
        }
    ]
}