{
    "LYFT": [
        {
            "fiscalDateEnding": "2023-12-31",
            "totalCurrentAssets": "2577419000",
            "cashAndShortTermInvestments": "1685184000",
            "totalCurrentLiabilities": "2961561000",
            "currentDebt": "50991000",
            "netIncome": "-26309000",
            "capitalExpenditures": "28569000",
            "operatingCashflow": "43508000",
            "grossProfit": "480722000",
            "totalRevenue": "1224585000",
            "sentiment": 0,
            "surprise": "0.1",
            "closePrice": "12.13"
        },
        {
            "fiscalDateEnding": "2023-09-30",
            "totalCurrentAssets": "2500239000",
            "cashAndShortTermInvestments": "1666630000",
            "totalCurrentLiabilities": "2948862000",
            "currentDebt": "48308000",
            "netIncome": "-12100000",
            "capitalExpenditures": "32275000",
            "operatingCashflow": "2261000",
            "grossProfit": "513050000",
            "totalRevenue": "1157550000",
            "sentiment": 0,
            "surprise": "0.11",
            "closePrice": "10.72"
        },
        {
            "fiscalDateEnding": "2023-06-30",
            "totalCurrentAssets": "2479318000",
            "cashAndShortTermInvestments": "1698164000",
            "totalCurrentLiabilities": "3020439000",
            "currentDebt": "42862000",
            "netIncome": "-114262000",
            "capitalExpenditures": "88975000",
            "operatingCashflow": "-69973000",
            "grossProfit": "414307000",
            "totalRevenue": "1020906000",
            "sentiment": 0,
            "surprise": "0.17",
            "closePrice": "11.56"
        },
        {
            "fiscalDateEnding": "2023-03-31",
            "totalCurrentAssets": "2547504000",
            "cashAndShortTermInvestments": "1754796000",
            "totalCurrentLiabilities": "3135424000",
            "currentDebt": "45872000",
            "netIncome": "-187649000",
            "capitalExpenditures": "46799000",
            "operatingCashflow": "-74040000",
            "grossProfit": "451556000",
            "totalRevenue": "1000548000",
            "sentiment": 0,
            "surprise": "0.13",
            "closePrice": "10.69"
        },
        {
            "fiscalDateEnding": "2022-12-31",
            "totalCurrentAssets": "2582859000",
            "cashAndShortTermInvestments": "1796792000",
            "totalCurrentLiabilities": "3132563000",
            "currentDebt": "51340000",
            "netIncome": "-588132000",
            "capitalExpenditures": "32569000",
            "operatingCashflow": "-33559000",
            "grossProfit": "400609000",
            "totalRevenue": "1174992000",
            "sentiment": 0,
            "surprise": "0.16",
            "closePrice": "16.22"
        },
        {
            "fiscalDateEnding": "2022-09-30",
            "totalCurrentAssets": "2472739000",
            "cashAndShortTermInvestments": "1783398000",
            "totalCurrentLiabilities": "2784849000",
            "currentDebt": "50209000",
            "netIncome": "-422201000",
            "capitalExpenditures": "29091000",
            "operatingCashflow": "-26195000",
            "grossProfit": "483117000",
            "totalRevenue": "1053820000",
            "sentiment": 0,
            "surprise": "0.03",
            "closePrice": "14.14"
        },
        {
            "fiscalDateEnding": "2022-06-30",
            "totalCurrentAssets": "2459483000",
            "cashAndShortTermInvestments": "1807048000",
            "totalCurrentLiabilities": "2731871000",
            "currentDebt": "67099000",
            "netIncome": "-377246000",
            "capitalExpenditures": "23000000",
            "operatingCashflow": "-25188000",
            "grossProfit": "340392000",
            "totalRevenue": "990748000",
            "sentiment": 0,
            "surprise": "0.16",
            "closePrice": "17.39"
        },
        {
            "fiscalDateEnding": "2022-03-31",
            "totalCurrentAssets": "2935550000",
            "cashAndShortTermInvestments": "2236531000",
            "totalCurrentLiabilities": "2577183000",
            "currentDebt": "68520000",
            "netIncome": "-196932000",
            "capitalExpenditures": "30310000",
            "operatingCashflow": "-152343000",
            "grossProfit": "435281000",
            "totalRevenue": "875575000",
            "sentiment": 0,
            "surprise": "0.14",
            "closePrice": "30.76"
        },
        {
            "fiscalDateEnding": "2021-12-31",
            "totalCurrentAssets": "2776070000",
            "cashAndShortTermInvestments": "2253858000",
            "totalCurrentLiabilities": "2516361000",
            "currentDebt": "69820000",
            "netIncome": "-283173000",
            "capitalExpenditures": "22500000",
            "operatingCashflow": "-26219000",
            "grossProfit": "418752000",
            "totalRevenue": "969933000",
            "sentiment": 0,
            "surprise": "0.01",
            "closePrice": "41.2"
        },
        {
            "fiscalDateEnding": "2021-09-30",
            "totalCurrentAssets": "2893252000",
            "cashAndShortTermInvestments": "2382281000",
            "totalCurrentLiabilities": "2428053000",
            "currentDebt": "65436000",
            "netIncome": "-99714000",
            "capitalExpenditures": "36162000",
            "operatingCashflow": "41530000",
            "grossProfit": "472198000",
            "totalRevenue": "864405000",
            "sentiment": 0,
            "surprise": "0.08",
            "closePrice": "45.32"
        },
        {
            "fiscalDateEnding": "2021-06-30",
            "totalCurrentAssets": "2602569000",
            "cashAndShortTermInvestments": "2245520000",
            "totalCurrentLiabilities": "2291452000",
            "currentDebt": "57430000",
            "netIncome": "-251918000",
            "capitalExpenditures": "9829000",
            "operatingCashflow": "-37568000",
            "grossProfit": "418135000",
            "totalRevenue": "765025000",
            "sentiment": 0,
            "surprise": "0.19",
            "closePrice": "55.38"
        },
        {
            "fiscalDateEnding": "2021-03-31",
            "totalCurrentAssets": "2580986000",
            "cashAndShortTermInvestments": "2237320000",
            "totalCurrentLiabilities": "2220849000",
            "currentDebt": "53225000",
            "netIncome": "-427339000",
            "capitalExpenditures": "10685000",
            "operatingCashflow": "-79464000",
            "grossProfit": "196921000",
            "totalRevenue": "608960000",
            "sentiment": 0,
            "surprise": "0.2",
            "closePrice": "56.19"
        },
        {
            "fiscalDateEnding": "2020-12-31",
            "totalCurrentAssets": "2594138000",
            "cashAndShortTermInvestments": "2251068000",
            "totalCurrentLiabilities": "2074471000",
            "currentDebt": "56555000",
            "netIncome": "-458155000",
            "capitalExpenditures": "22795000",
            "operatingCashflow": "-264613000",
            "grossProfit": "177752000",
            "totalRevenue": "569880000",
            "sentiment": 0,
            "surprise": "0.14",
            "closePrice": "53.64"
        },
        {
            "fiscalDateEnding": "2020-09-30",
            "totalCurrentAssets": "2753054000",
            "cashAndShortTermInvestments": "2453449000",
            "totalCurrentLiabilities": "2045175000",
            "currentDebt": "112894000",
            "netIncome": "-459517000",
            "capitalExpenditures": "14609000",
            "operatingCashflow": "-155638000",
            "grossProfit": "238130000",
            "totalRevenue": "499744000",
            "sentiment": 0,
            "surprise": "0.02",
            "closePrice": "36.05"
        },
        {
            "fiscalDateEnding": "2020-06-30",
            "totalCurrentAssets": "3096206000",
            "cashAndShortTermInvestments": "2775937000",
            "totalCurrentLiabilities": "1979564000",
            "currentDebt": "120675000",
            "netIncome": "-437112000",
            "capitalExpenditures": "21759000",
            "operatingCashflow": "-751722000",
            "grossProfit": "87990000",
            "totalRevenue": "339345000",
            "sentiment": 0,
            "surprise": "0.14",
            "closePrice": "30.52"
        },
        {
            "fiscalDateEnding": "2020-03-31",
            "totalCurrentAssets": "3144754000",
            "cashAndShortTermInvestments": "2669880000",
            "totalCurrentLiabilities": "2551140000",
            "currentDebt": "124102000",
            "netIncome": "-398073000",
            "capitalExpenditures": "34476000",
            "operatingCashflow": "-206926000",
            "grossProfit": "413293000",
            "totalRevenue": "955712000",
            "sentiment": 0,
            "surprise": "-0.46",
            "closePrice": "26.12"
        },
        {
            "fiscalDateEnding": "2019-12-31",
            "totalCurrentAssets": "3247363000",
            "cashAndShortTermInvestments": "2850124000",
            "totalCurrentLiabilities": "2451365000",
            "currentDebt": "94199000",
            "netIncome": "-356052000",
            "capitalExpenditures": "49657000",
            "operatingCashflow": "-46191000",
            "grossProfit": "514308000",
            "totalRevenue": "1017070000",
            "sentiment": 0,
            "surprise": "0.19",
            "closePrice": "53.94"
        },
        {
            "fiscalDateEnding": "2019-09-30",
            "totalCurrentAssets": "3542823000",
            "cashAndShortTermInvestments": "3116439000",
            "totalCurrentLiabilities": "2380789000",
            "currentDebt": "88875000",
            "netIncome": "-463477000",
            "capitalExpenditures": "60146000",
            "operatingCashflow": "10000000",
            "grossProfit": "374884000",
            "totalRevenue": "955598000",
            "sentiment": 0,
            "surprise": "0.09",
            "closePrice": "44.11"
        },
        {
            "fiscalDateEnding": "2019-06-30",
            "totalCurrentAssets": "3677797000",
            "cashAndShortTermInvestments": "3310310000",
            "totalCurrentLiabilities": "2125816000",
            "currentDebt": "None",
            "netIncome": "-644239000",
            "capitalExpenditures": "43159000",
            "operatingCashflow": "15316000",
            "grossProfit": "237129000",
            "totalRevenue": "867265000",
            "sentiment": 0,
            "surprise": "-0.64",
            "closePrice": "60.29"
        },
        {
            "fiscalDateEnding": "2019-03-31",
            "totalCurrentAssets": "1380412000",
            "cashAndShortTermInvestments": "1034886000",
            "totalCurrentLiabilities": "1752063000",
            "currentDebt": "None",
            "netIncome": "-1138473000",
            "capitalExpenditures": "25126000",
            "operatingCashflow": "-84827000",
            "grossProfit": "313170000",
            "totalRevenue": "776027000",
            "sentiment": 0,
            "surprise": "-42.73",
            "closePrice": "59.34"
        }
    ]
}