{
    "MANH": [
        {
            "fiscalDateEnding": "2023-12-31",
            "totalCurrentAssets": "479190000",
            "cashAndShortTermInvestments": "270741000",
            "totalCurrentLiabilities": "365915000",
            "currentDebt": "None",
            "netIncome": "48736000",
            "capitalExpenditures": "1969000",
            "operatingCashflow": "88359000",
            "grossProfit": "95123000",
            "totalRevenue": "243186000",
            "sentiment": 0.330050623479603,
            "surprise": "0.23",
            "closePrice": "223.78"
        },
        {
            "fiscalDateEnding": "2023-09-30",
            "totalCurrentAssets": "392859000",
            "cashAndShortTermInvestments": "182312000",
            "totalCurrentLiabilities": "332826000",
            "currentDebt": "None",
            "netIncome": "49421000",
            "capitalExpenditures": "1086000",
            "operatingCashflow": "58573000",
            "grossProfit": "86541000",
            "totalRevenue": "238441000",
            "sentiment": 0.1540615059197873,
            "surprise": "0.29",
            "closePrice": "189.58"
        },
        {
            "fiscalDateEnding": "2023-06-30",
            "totalCurrentAssets": "360019000",
            "cashAndShortTermInvestments": "153294000",
            "totalCurrentLiabilities": "330609000",
            "currentDebt": "None",
            "netIncome": "39620000",
            "capitalExpenditures": "1009000",
            "operatingCashflow": "40570000",
            "grossProfit": "82083000",
            "totalRevenue": "231016000",
            "sentiment": 0.19674727753241078,
            "surprise": "0.16",
            "closePrice": "193.32"
        },
        {
            "fiscalDateEnding": "2023-03-31",
            "totalCurrentAssets": "371504000",
            "cashAndShortTermInvestments": "181595000",
            "totalCurrentLiabilities": "322753000",
            "currentDebt": "None",
            "netIncome": "38791000",
            "capitalExpenditures": "666000",
            "operatingCashflow": "58716000",
            "grossProfit": "76696000",
            "totalRevenue": "219830000",
            "sentiment": 0.30206436935988956,
            "surprise": "0.16",
            "closePrice": "152.68"
        },
        {
            "fiscalDateEnding": "2022-12-31",
            "totalCurrentAssets": "415375000",
            "cashAndShortTermInvestments": "225463000",
            "totalCurrentLiabilities": "315595000",
            "currentDebt": "None",
            "netIncome": "37868000",
            "capitalExpenditures": "2435000",
            "operatingCashflow": "55228000",
            "grossProfit": "71075000",
            "totalRevenue": "197350000",
            "sentiment": 0.35945396775698923,
            "surprise": "0.31",
            "closePrice": "138.73"
        },
        {
            "fiscalDateEnding": "2022-09-30",
            "totalCurrentAssets": "366695000",
            "cashAndShortTermInvestments": "197055000",
            "totalCurrentLiabilities": "283970000",
            "currentDebt": "None",
            "netIncome": "29674000",
            "capitalExpenditures": "1909000",
            "operatingCashflow": "39920000",
            "grossProfit": "66145000",
            "totalRevenue": "198101000",
            "sentiment": 0.30834382006774796,
            "surprise": "0.09",
            "closePrice": "133.59"
        },
        {
            "fiscalDateEnding": "2022-06-30",
            "totalCurrentAssets": "374552000",
            "cashAndShortTermInvestments": "213771000",
            "totalCurrentLiabilities": "271226000",
            "currentDebt": "None",
            "netIncome": "30825000",
            "capitalExpenditures": "1084000",
            "operatingCashflow": "52690000",
            "grossProfit": "65177000",
            "totalRevenue": "191924000",
            "sentiment": 0.1620009563154409,
            "surprise": "0.15",
            "closePrice": "116.62"
        },
        {
            "fiscalDateEnding": "2022-03-31",
            "totalCurrentAssets": "377270000",
            "cashAndShortTermInvestments": "216317000",
            "totalCurrentLiabilities": "257048000",
            "currentDebt": "None",
            "netIncome": "30592000",
            "capitalExpenditures": "1159000",
            "operatingCashflow": "31792000",
            "grossProfit": "61921000",
            "totalRevenue": "179450000",
            "sentiment": 0.1395889312008441,
            "surprise": "0.15",
            "closePrice": "129.5"
        },
        {
            "fiscalDateEnding": "2021-12-31",
            "totalCurrentAssets": "408419000",
            "cashAndShortTermInvestments": "263706000",
            "totalCurrentLiabilities": "249042000",
            "currentDebt": "None",
            "netIncome": "20582000",
            "capitalExpenditures": "1858000",
            "operatingCashflow": "40103000",
            "grossProfit": "53545000",
            "totalRevenue": "171113000",
            "sentiment": 0,
            "surprise": "0.09",
            "closePrice": "134.17"
        },
        {
            "fiscalDateEnding": "2021-09-30",
            "totalCurrentAssets": "385667000",
            "cashAndShortTermInvestments": "246445000",
            "totalCurrentLiabilities": "232862000",
            "currentDebt": "None",
            "netIncome": "36654000",
            "capitalExpenditures": "987000",
            "operatingCashflow": "59685000",
            "grossProfit": "65780000",
            "totalRevenue": "169185000",
            "sentiment": 0,
            "surprise": "0.17",
            "closePrice": "169.9"
        },
        {
            "fiscalDateEnding": "2021-06-30",
            "totalCurrentAssets": "347232000",
            "cashAndShortTermInvestments": "209343000",
            "totalCurrentLiabilities": "216861000",
            "currentDebt": "None",
            "netIncome": "30593000",
            "capitalExpenditures": "602000",
            "operatingCashflow": "45510000",
            "grossProfit": "62570000",
            "totalRevenue": "166114000",
            "sentiment": 0,
            "surprise": "0.18",
            "closePrice": "145.22"
        },
        {
            "fiscalDateEnding": "2021-03-31",
            "totalCurrentAssets": "330051000",
            "cashAndShortTermInvestments": "197166000",
            "totalCurrentLiabilities": "206738000",
            "currentDebt": "None",
            "netIncome": "22643000",
            "capitalExpenditures": "569000",
            "operatingCashflow": "39885000",
            "grossProfit": "50073000",
            "totalRevenue": "157238000",
            "sentiment": 0,
            "surprise": "0.11",
            "closePrice": "128.31"
        },
        {
            "fiscalDateEnding": "2020-12-31",
            "totalCurrentAssets": "334041000",
            "cashAndShortTermInvestments": "204705000",
            "totalCurrentLiabilities": "196986000",
            "currentDebt": "None",
            "netIncome": "20540000",
            "capitalExpenditures": "802000",
            "operatingCashflow": "38017000",
            "grossProfit": "115592000",
            "totalRevenue": "147082000",
            "sentiment": 0,
            "surprise": "0.13",
            "closePrice": "116.61"
        },
        {
            "fiscalDateEnding": "2020-09-30",
            "totalCurrentAssets": "288388000",
            "cashAndShortTermInvestments": "166254000",
            "totalCurrentLiabilities": "185089000",
            "currentDebt": "None",
            "netIncome": "24966000",
            "capitalExpenditures": "176000",
            "operatingCashflow": "42480000",
            "grossProfit": "55430000",
            "totalRevenue": "149757000",
            "sentiment": 0,
            "surprise": "0.12",
            "closePrice": "103.52"
        },
        {
            "fiscalDateEnding": "2020-06-30",
            "totalCurrentAssets": "251759000",
            "cashAndShortTermInvestments": "123638000",
            "totalCurrentLiabilities": "183421000",
            "currentDebt": "6554000",
            "netIncome": "19204000",
            "capitalExpenditures": "507000",
            "operatingCashflow": "48800000",
            "grossProfit": "46623000",
            "totalRevenue": "135630000",
            "sentiment": 0,
            "surprise": "0.06",
            "closePrice": "95.64"
        },
        {
            "fiscalDateEnding": "2020-03-31",
            "totalCurrentAssets": "216955000",
            "cashAndShortTermInvestments": "75279000",
            "totalCurrentLiabilities": "176188000",
            "currentDebt": "6598000",
            "netIncome": "22530000",
            "capitalExpenditures": "1245000",
            "operatingCashflow": "11588000",
            "grossProfit": "48647000",
            "totalRevenue": "155026000",
            "sentiment": 0,
            "surprise": "0.07",
            "closePrice": "52.0"
        },
        {
            "fiscalDateEnding": "2019-12-31",
            "totalCurrentAssets": "232041000",
            "cashAndShortTermInvestments": "110678000",
            "totalCurrentLiabilities": "181596000",
            "currentDebt": "6681000",
            "netIncome": "16758000",
            "capitalExpenditures": "3835000",
            "operatingCashflow": "34562000",
            "grossProfit": "118706000",
            "totalRevenue": "152929000",
            "sentiment": 0,
            "surprise": "0.09",
            "closePrice": "88.99"
        },
        {
            "fiscalDateEnding": "2019-09-30",
            "totalCurrentAssets": "241595000",
            "cashAndShortTermInvestments": "113618000",
            "totalCurrentLiabilities": "182494000",
            "currentDebt": "6501000",
            "netIncome": "27107000",
            "capitalExpenditures": "8053000",
            "operatingCashflow": "39939000",
            "grossProfit": "57611000",
            "totalRevenue": "162275000",
            "sentiment": 0,
            "surprise": "0.15",
            "closePrice": "74.6"
        },
        {
            "fiscalDateEnding": "2019-06-30",
            "totalCurrentAssets": "239557000",
            "cashAndShortTermInvestments": "119401000",
            "totalCurrentLiabilities": "169132000",
            "currentDebt": "None",
            "netIncome": "20925000",
            "capitalExpenditures": "2689000",
            "operatingCashflow": "37220000",
            "grossProfit": "49579000",
            "totalRevenue": "154341000",
            "sentiment": 0,
            "surprise": "0.07",
            "closePrice": "72.83"
        },
        {
            "fiscalDateEnding": "2019-03-31",
            "totalCurrentAssets": "231296000",
            "cashAndShortTermInvestments": "104879000",
            "totalCurrentLiabilities": "165534000",
            "currentDebt": "None",
            "netIncome": "20972000",
            "capitalExpenditures": "616000",
            "operatingCashflow": "35187000",
            "grossProfit": "49102000",
            "totalRevenue": "148017000",
            "sentiment": 0,
            "surprise": "0.07",
            "closePrice": "61.11"
        },
        {
            "fiscalDateEnding": "2018-12-31",
            "totalCurrentAssets": "215382000",
            "cashAndShortTermInvestments": "100566000",
            "totalCurrentLiabilities": "145264000",
            "currentDebt": "None",
            "netIncome": "25915000",
            "capitalExpenditures": "1770000",
            "operatingCashflow": "34031000",
            "grossProfit": "115304000",
            "totalRevenue": "144366000",
            "sentiment": 0,
            "surprise": "0.09",
            "closePrice": "52.27"
        },
        {
            "fiscalDateEnding": "2018-09-30",
            "totalCurrentAssets": "203155000",
            "cashAndShortTermInvestments": "93897000",
            "totalCurrentLiabilities": "136606000",
            "currentDebt": "None",
            "netIncome": "28455000",
            "capitalExpenditures": "1481000",
            "operatingCashflow": "35224000",
            "grossProfit": "54549000",
            "totalRevenue": "142351000",
            "sentiment": 0,
            "surprise": "0.09",
            "closePrice": "47.62"
        },
        {
            "fiscalDateEnding": "2018-06-30",
            "totalCurrentAssets": "204730000",
            "cashAndShortTermInvestments": "83426000",
            "totalCurrentLiabilities": "148027000",
            "currentDebt": "None",
            "netIncome": "27668000",
            "capitalExpenditures": "1881000",
            "operatingCashflow": "16793000",
            "grossProfit": "53861000",
            "totalRevenue": "141871000",
            "sentiment": 0,
            "surprise": "0.06",
            "closePrice": "49.32"
        },
        {
            "fiscalDateEnding": "2018-03-31",
            "totalCurrentAssets": "218851000",
            "cashAndShortTermInvestments": "119009000",
            "totalCurrentLiabilities": "142805000",
            "currentDebt": "None",
            "netIncome": "22652000",
            "capitalExpenditures": "2174000",
            "operatingCashflow": "51301000",
            "grossProfit": "73111000",
            "totalRevenue": "130905000",
            "sentiment": 0,
            "surprise": "0.06",
            "closePrice": "42.1"
        },
        {
            "fiscalDateEnding": "2017-12-31",
            "totalCurrentAssets": "228073000",
            "cashAndShortTermInvestments": "125522000",
            "totalCurrentLiabilities": "124255000",
            "currentDebt": "None",
            "netIncome": "24514000",
            "capitalExpenditures": "2302000",
            "operatingCashflow": "47427000",
            "grossProfit": "115550000",
            "totalRevenue": "144086000",
            "sentiment": 0,
            "surprise": "0",
            "closePrice": "50.47"
        },
        {
            "fiscalDateEnding": "2017-09-30",
            "totalCurrentAssets": "238368000",
            "cashAndShortTermInvestments": "129719000",
            "totalCurrentLiabilities": "122432000",
            "currentDebt": "None",
            "netIncome": "32599000",
            "capitalExpenditures": "1194000",
            "operatingCashflow": "44044000",
            "grossProfit": "89811000",
            "totalRevenue": "152883000",
            "sentiment": 0,
            "surprise": "0.02",
            "closePrice": "48.86"
        },
        {
            "fiscalDateEnding": "2017-06-30",
            "totalCurrentAssets": "196832000",
            "cashAndShortTermInvestments": "86602000",
            "totalCurrentLiabilities": "117865000",
            "currentDebt": "None",
            "netIncome": "31144000",
            "capitalExpenditures": "1914000",
            "operatingCashflow": "-51634000",
            "grossProfit": "91828000",
            "totalRevenue": "154141000",
            "sentiment": 0,
            "surprise": "0.02",
            "closePrice": "47.43"
        },
        {
            "fiscalDateEnding": "2017-03-31",
            "totalCurrentAssets": "200094000",
            "cashAndShortTermInvestments": "101259000",
            "totalCurrentLiabilities": "129816000",
            "currentDebt": "None",
            "netIncome": "28224000",
            "capitalExpenditures": "789000",
            "operatingCashflow": "38651000",
            "grossProfit": "81744000",
            "totalRevenue": "143365000",
            "sentiment": 0,
            "surprise": "0.04",
            "closePrice": "50.58"
        },
        {
            "fiscalDateEnding": "2016-12-31",
            "totalCurrentAssets": "207018000",
            "cashAndShortTermInvestments": "95615000",
            "totalCurrentLiabilities": "117643000",
            "currentDebt": "None",
            "netIncome": "29917000",
            "capitalExpenditures": "1378000",
            "operatingCashflow": "-71225000",
            "grossProfit": "69249000",
            "totalRevenue": "147592000",
            "sentiment": 0,
            "surprise": "0.03",
            "closePrice": "51.26"
        },
        {
            "fiscalDateEnding": "2016-09-30",
            "totalCurrentAssets": "222239000",
            "cashAndShortTermInvestments": "110831000",
            "totalCurrentLiabilities": "119276000",
            "currentDebt": "None",
            "netIncome": "33496000",
            "capitalExpenditures": "1358000",
            "operatingCashflow": "36996000",
            "grossProfit": "90535000",
            "totalRevenue": "152213000",
            "sentiment": 0,
            "surprise": "0.04",
            "closePrice": "59.005"
        },
        {
            "fiscalDateEnding": "2016-06-30",
            "totalCurrentAssets": "199970000",
            "cashAndShortTermInvestments": "95211000",
            "totalCurrentLiabilities": "110105000",
            "currentDebt": "None",
            "netIncome": "33341000",
            "capitalExpenditures": "2201000",
            "operatingCashflow": "36841000",
            "grossProfit": "103947000",
            "totalRevenue": "154892000",
            "sentiment": 0,
            "surprise": "0.05",
            "closePrice": "62.75"
        },
        {
            "fiscalDateEnding": "2016-03-31",
            "totalCurrentAssets": "210205000",
            "cashAndShortTermInvestments": "114721000",
            "totalCurrentLiabilities": "119117000",
            "currentDebt": "None",
            "netIncome": "27480000",
            "capitalExpenditures": "1906000",
            "operatingCashflow": "90890000",
            "grossProfit": "142233000",
            "totalRevenue": "149918000",
            "sentiment": 0,
            "surprise": "0.03",
            "closePrice": "58.82"
        },
        {
            "fiscalDateEnding": "2015-12-31",
            "totalCurrentAssets": "236911000",
            "cashAndShortTermInvestments": "128760000",
            "totalCurrentLiabilities": "127185000",
            "currentDebt": "None",
            "netIncome": "26370000",
            "capitalExpenditures": "1873000",
            "operatingCashflow": "26370000",
            "grossProfit": "64307000",
            "totalRevenue": "124638000",
            "sentiment": 0,
            "surprise": "0.04",
            "closePrice": "55.37"
        },
        {
            "fiscalDateEnding": "2015-09-30",
            "totalCurrentAssets": "231635000",
            "cashAndShortTermInvestments": "119146000",
            "totalCurrentLiabilities": "119651000",
            "currentDebt": "None",
            "netIncome": "27897000",
            "capitalExpenditures": "3850000",
            "operatingCashflow": "33197000",
            "grossProfit": "-30476000",
            "totalRevenue": "16829000",
            "sentiment": 0,
            "surprise": "0.06",
            "closePrice": "66.19"
        },
        {
            "fiscalDateEnding": "2015-06-30",
            "totalCurrentAssets": "210669000",
            "cashAndShortTermInvestments": "108399000",
            "totalCurrentLiabilities": "102856000",
            "currentDebt": "None",
            "netIncome": "26004000",
            "capitalExpenditures": "2671000",
            "operatingCashflow": "28704000",
            "grossProfit": "91858000",
            "totalRevenue": "139109000",
            "sentiment": 0,
            "surprise": "0.04",
            "closePrice": "62.33"
        },
        {
            "fiscalDateEnding": "2015-03-31",
            "totalCurrentAssets": "211142000",
            "cashAndShortTermInvestments": "107249000",
            "totalCurrentLiabilities": "107004000",
            "currentDebt": "None",
            "netIncome": "23204000",
            "capitalExpenditures": "3098000",
            "operatingCashflow": "28651000",
            "grossProfit": "87226000",
            "totalRevenue": "133627000",
            "sentiment": 0,
            "surprise": "0.05",
            "closePrice": "56.18"
        },
        {
            "fiscalDateEnding": "2014-12-31",
            "totalCurrentAssets": "229861000",
            "cashAndShortTermInvestments": "124438000",
            "totalCurrentLiabilities": "122815000",
            "currentDebt": "None",
            "netIncome": "20354000",
            "capitalExpenditures": "2739000",
            "operatingCashflow": "22079000",
            "grossProfit": "54932000",
            "totalRevenue": "146506000",
            "sentiment": 0,
            "surprise": "0.02",
            "closePrice": "45.07"
        },
        {
            "fiscalDateEnding": "2014-09-30",
            "totalCurrentAssets": "216866000",
            "cashAndShortTermInvestments": "111522000",
            "totalCurrentLiabilities": "106823000",
            "currentDebt": "None",
            "netIncome": "22340000",
            "capitalExpenditures": "3096000",
            "operatingCashflow": "26315000",
            "grossProfit": "71744000",
            "totalRevenue": "125608000",
            "sentiment": 0,
            "surprise": "0.03",
            "closePrice": "34.93"
        },
        {
            "fiscalDateEnding": "2014-06-30",
            "totalCurrentAssets": "206320000",
            "cashAndShortTermInvestments": "101379000",
            "totalCurrentLiabilities": "99865000",
            "currentDebt": "None",
            "netIncome": "20594000",
            "capitalExpenditures": "2424000",
            "operatingCashflow": "24483000",
            "grossProfit": "69960000",
            "totalRevenue": "122530000",
            "sentiment": 0,
            "surprise": "0.02",
            "closePrice": "32.27"
        },
        {
            "fiscalDateEnding": "2014-03-31",
            "totalCurrentAssets": "210605000",
            "cashAndShortTermInvestments": "125934000",
            "totalCurrentLiabilities": "99929000",
            "currentDebt": "None",
            "netIncome": "18712000",
            "capitalExpenditures": "1156000",
            "operatingCashflow": "19144000",
            "grossProfit": "65938000",
            "totalRevenue": "113490000",
            "sentiment": 0,
            "surprise": "0.05",
            "closePrice": "34.25"
        },
        {
            "fiscalDateEnding": "2013-12-31",
            "totalCurrentAssets": "218738000",
            "cashAndShortTermInvestments": "132956000",
            "totalCurrentLiabilities": "104188000",
            "currentDebt": "None",
            "netIncome": "16846000",
            "capitalExpenditures": "1539000",
            "operatingCashflow": "23001000",
            "grossProfit": "47412000",
            "totalRevenue": "57270000",
            "sentiment": 0,
            "surprise": "0.02",
            "closePrice": "33.12"
        },
        {
            "fiscalDateEnding": "2013-09-30",
            "totalCurrentAssets": "208702000",
            "cashAndShortTermInvestments": "125893000",
            "totalCurrentLiabilities": "99793000",
            "currentDebt": "None",
            "netIncome": "19688000",
            "capitalExpenditures": "1568000",
            "operatingCashflow": "32690000",
            "grossProfit": "62710000",
            "totalRevenue": "107802000",
            "sentiment": 0,
            "surprise": "0.05",
            "closePrice": "23.8175"
        },
        {
            "fiscalDateEnding": "2013-06-30",
            "totalCurrentAssets": "190350000",
            "cashAndShortTermInvestments": "106510000",
            "totalCurrentLiabilities": "90809000",
            "currentDebt": "None",
            "netIncome": "17407000",
            "capitalExpenditures": "1035000",
            "operatingCashflow": "13596000",
            "grossProfit": "58498000",
            "totalRevenue": "102516000",
            "sentiment": 0,
            "surprise": "0.03",
            "closePrice": "20.695"
        },
        {
            "fiscalDateEnding": "2013-03-31",
            "totalCurrentAssets": "185221000",
            "cashAndShortTermInvestments": "108545000",
            "totalCurrentLiabilities": "90477000",
            "currentDebt": "None",
            "netIncome": "13355000",
            "capitalExpenditures": "598000",
            "operatingCashflow": "20100000",
            "grossProfit": "53562000",
            "totalRevenue": "96600000",
            "sentiment": 0,
            "surprise": "0.02",
            "closePrice": "17.22"
        },
        {
            "fiscalDateEnding": "2012-12-31",
            "totalCurrentAssets": "181507000",
            "cashAndShortTermInvestments": "103047000",
            "totalCurrentLiabilities": "91141000",
            "currentDebt": "None",
            "netIncome": "12470000",
            "capitalExpenditures": "3537000",
            "operatingCashflow": "23864000",
            "grossProfit": "38359000",
            "totalRevenue": "46288000",
            "sentiment": 0,
            "surprise": "0.01",
            "closePrice": "15.975"
        },
        {
            "fiscalDateEnding": "2012-09-30",
            "totalCurrentAssets": "195346000",
            "cashAndShortTermInvestments": "106805000",
            "totalCurrentLiabilities": "97298000",
            "currentDebt": "None",
            "netIncome": "13809000",
            "capitalExpenditures": "1086000",
            "operatingCashflow": "17457000",
            "grossProfit": "54713000",
            "totalRevenue": "95841000",
            "sentiment": 0,
            "surprise": "0.02",
            "closePrice": "14.8275"
        },
        {
            "fiscalDateEnding": "2012-06-30",
            "totalCurrentAssets": "180412000",
            "cashAndShortTermInvestments": "100890000",
            "totalCurrentLiabilities": "89706000",
            "currentDebt": "None",
            "netIncome": "14172000",
            "capitalExpenditures": "1454000",
            "operatingCashflow": "20891000",
            "grossProfit": "54217000",
            "totalRevenue": "93567000",
            "sentiment": 0,
            "surprise": "0.03",
            "closePrice": "10.3725"
        },
        {
            "fiscalDateEnding": "2012-03-31",
            "totalCurrentAssets": "175429000",
            "cashAndShortTermInvestments": "96617000",
            "totalCurrentLiabilities": "85862000",
            "currentDebt": "None",
            "netIncome": "11402000",
            "capitalExpenditures": "1796000",
            "operatingCashflow": "13059000",
            "grossProfit": "53546000",
            "totalRevenue": "91481000",
            "sentiment": 0,
            "surprise": "0.02",
            "closePrice": "11.535"
        },
        {
            "fiscalDateEnding": "2011-12-31",
            "totalCurrentAssets": "174514000",
            "cashAndShortTermInvestments": "98259000",
            "totalCurrentLiabilities": "88123000",
            "currentDebt": "None",
            "netIncome": "10525000",
            "capitalExpenditures": "1402000",
            "operatingCashflow": "14829000",
            "grossProfit": "33334000",
            "totalRevenue": "68250000",
            "sentiment": 0,
            "surprise": "0.03",
            "closePrice": "10.965"
        },
        {
            "fiscalDateEnding": "2011-09-30",
            "totalCurrentAssets": "173465000",
            "cashAndShortTermInvestments": "100803000",
            "totalCurrentLiabilities": "92461000",
            "currentDebt": "None",
            "netIncome": "14877000",
            "capitalExpenditures": "1676000",
            "operatingCashflow": "16870000",
            "grossProfit": "36145000",
            "totalRevenue": "85602000",
            "sentiment": 0,
            "surprise": "0.05",
            "closePrice": "9.8"
        },
        {
            "fiscalDateEnding": "2011-06-30",
            "totalCurrentAssets": "178425000",
            "cashAndShortTermInvestments": "109356000",
            "totalCurrentLiabilities": "87171000",
            "currentDebt": "None",
            "netIncome": "12339000",
            "capitalExpenditures": "658000",
            "operatingCashflow": "16021000",
            "grossProfit": "37569000",
            "totalRevenue": "88402000",
            "sentiment": 0,
            "surprise": "0.05",
            "closePrice": "8.7025"
        }
    ]
}