{
    "MCHP": [
        {
            "fiscalDateEnding": "2023-12-31",
            "totalCurrentAssets": "3219600000",
            "cashAndShortTermInvestments": "281000000",
            "totalCurrentLiabilities": "3293200000",
            "currentDebt": "1662100000",
            "netIncome": "419200000",
            "capitalExpenditures": "87300000",
            "operatingCashflow": "853300000",
            "grossProfit": "1120000000",
            "totalRevenue": "1765700000",
            "sentiment": 0.07373596762775086,
            "surprise": "0.04",
            "closePrice": "85.1930646117368"
        },
        {
            "fiscalDateEnding": "2023-09-30",
            "totalCurrentAssets": "3526400000",
            "cashAndShortTermInvestments": "256600000",
            "totalCurrentLiabilities": "3412600000",
            "currentDebt": "1661100000",
            "netIncome": "666600000",
            "capitalExpenditures": "93900000",
            "operatingCashflow": "616200000",
            "grossProfit": "1527400000",
            "totalRevenue": "2254300000",
            "sentiment": 0.16842167696661667,
            "surprise": "0",
            "closePrice": "72.8199071164224"
        },
        {
            "fiscalDateEnding": "2023-06-30",
            "totalCurrentAssets": "3269600000",
            "cashAndShortTermInvestments": "271200000",
            "totalCurrentLiabilities": "3219600000",
            "currentDebt": "1398700000",
            "netIncome": "666400000",
            "capitalExpenditures": "141200000",
            "operatingCashflow": "993200000",
            "grossProfit": "1558400000",
            "totalRevenue": "2288600000",
            "sentiment": 0.1748070142137925,
            "surprise": "0",
            "closePrice": "88.1224586547558"
        },
        {
            "fiscalDateEnding": "2023-03-31",
            "totalCurrentAssets": "3069300000",
            "cashAndShortTermInvestments": "234000000",
            "totalCurrentLiabilities": "3118600000",
            "currentDebt": "1398200000",
            "netIncome": "604000000",
            "capitalExpenditures": "151300000",
            "operatingCashflow": "709500000",
            "grossProfit": "1519300000",
            "totalRevenue": "2232700000",
            "sentiment": 0.1859102223314011,
            "surprise": "0.02",
            "closePrice": "74.4767473260706"
        },
        {
            "fiscalDateEnding": "2022-12-31",
            "totalCurrentAssets": "2833700000",
            "cashAndShortTermInvestments": "288900000",
            "totalCurrentLiabilities": "1611100000",
            "currentDebt": "None",
            "netIncome": "580300000",
            "capitalExpenditures": "164100000",
            "operatingCashflow": "1277900000",
            "grossProfit": "1470800000",
            "totalRevenue": "2169200000",
            "sentiment": 0.14502289274777655,
            "surprise": "0.01",
            "closePrice": "82.4486281206435"
        },
        {
            "fiscalDateEnding": "2022-09-30",
            "totalCurrentAssets": "2676000000",
            "cashAndShortTermInvestments": "306800000",
            "totalCurrentLiabilities": "2538400000",
            "currentDebt": "998600000",
            "netIncome": "546200000",
            "capitalExpenditures": "130800000",
            "operatingCashflow": "793200000",
            "grossProfit": "1397900000",
            "totalRevenue": "2073200000",
            "sentiment": 0.13689260838142792,
            "surprise": "0.02",
            "closePrice": "57.7338240975597"
        },
        {
            "fiscalDateEnding": "2022-06-30",
            "totalCurrentAssets": "2643200000",
            "cashAndShortTermInvestments": "379100000",
            "totalCurrentLiabilities": "1485400000",
            "currentDebt": "None",
            "netIncome": "507200000",
            "capitalExpenditures": "154200000",
            "operatingCashflow": "840400000",
            "grossProfit": "1309900000",
            "totalRevenue": "1963600000",
            "sentiment": 0.07307808921591875,
            "surprise": "0.03",
            "closePrice": "66.9816686719333"
        },
        {
            "fiscalDateEnding": "2022-03-31",
            "totalCurrentAssets": "2452600000",
            "cashAndShortTermInvestments": "319400000",
            "totalCurrentLiabilities": "1399000000",
            "currentDebt": "None",
            "netIncome": "437900000",
            "capitalExpenditures": "144600000",
            "operatingCashflow": "747700000",
            "grossProfit": "1220400000",
            "totalRevenue": "1844200000",
            "sentiment": -0.05061649821030424,
            "surprise": "0.1",
            "closePrice": "61.9265955166141"
        },
        {
            "fiscalDateEnding": "2021-12-31",
            "totalCurrentAssets": "2200500000",
            "cashAndShortTermInvestments": "315500000",
            "totalCurrentLiabilities": "1218700000",
            "currentDebt": "None",
            "netIncome": "352800000",
            "capitalExpenditures": "126300000",
            "operatingCashflow": "853400000",
            "grossProfit": "1153300000",
            "totalRevenue": "1757500000",
            "sentiment": 0,
            "surprise": "0.03",
            "closePrice": "71.1703211918868"
        },
        {
            "fiscalDateEnding": "2021-09-30",
            "totalCurrentAssets": "2149100000",
            "cashAndShortTermInvestments": "255300000",
            "totalCurrentLiabilities": "1121800000",
            "currentDebt": "None",
            "netIncome": "242000000",
            "capitalExpenditures": "108200000",
            "operatingCashflow": "611700000",
            "grossProfit": "1068300000",
            "totalRevenue": "1649800000",
            "sentiment": 0,
            "surprise": "0.01",
            "closePrice": "79.3454827131193"
        },
        {
            "fiscalDateEnding": "2021-06-30",
            "totalCurrentAssets": "2157100000",
            "cashAndShortTermInvestments": "279700000",
            "totalCurrentLiabilities": "1089100000",
            "currentDebt": "None",
            "netIncome": "252800000",
            "capitalExpenditures": "112700000",
            "operatingCashflow": "629900000",
            "grossProfit": "1007600000",
            "totalRevenue": "1569400000",
            "sentiment": 0,
            "surprise": "0.04",
            "closePrice": "70.0332768115692"
        },
        {
            "fiscalDateEnding": "2021-03-31",
            "totalCurrentAssets": "2145200000",
            "cashAndShortTermInvestments": "282000000",
            "totalCurrentLiabilities": "2409600000",
            "currentDebt": "1322900000",
            "netIncome": "116000000",
            "capitalExpenditures": "71300000",
            "operatingCashflow": "449200000",
            "grossProfit": "926800000",
            "totalRevenue": "1467100000",
            "sentiment": 0,
            "surprise": "0.06",
            "closePrice": "69.6949730205017"
        },
        {
            "fiscalDateEnding": "2020-12-31",
            "totalCurrentAssets": "2152500000",
            "cashAndShortTermInvestments": "372700000",
            "totalCurrentLiabilities": "2522200000",
            "currentDebt": "1493200000",
            "netIncome": "36200000",
            "capitalExpenditures": "51500000",
            "operatingCashflow": "509700000",
            "grossProfit": "845800000",
            "totalRevenue": "1352100000",
            "sentiment": 0,
            "surprise": "0.02",
            "closePrice": "68.2134174212355"
        },
        {
            "fiscalDateEnding": "2020-09-30",
            "totalCurrentAssets": "2122100000",
            "cashAndShortTermInvestments": "370300000",
            "totalCurrentLiabilities": "1975200000",
            "currentDebt": "1036300000",
            "netIncome": "73600000",
            "capitalExpenditures": "41700000",
            "operatingCashflow": "455800000",
            "grossProfit": "807900000",
            "totalRevenue": "1309500000",
            "sentiment": 0,
            "surprise": "0.07",
            "closePrice": "56.0166606235679"
        },
        {
            "fiscalDateEnding": "2020-06-30",
            "totalCurrentAssets": "2135000000",
            "cashAndShortTermInvestments": "380200000",
            "totalCurrentLiabilities": "2585800000",
            "currentDebt": "1636500000",
            "netIncome": "123600000",
            "capitalExpenditures": "17100000",
            "operatingCashflow": "501800000",
            "grossProfit": "798300000",
            "totalRevenue": "1309700000",
            "sentiment": 0,
            "surprise": "0.06",
            "closePrice": "50.6056432312505"
        },
        {
            "fiscalDateEnding": "2020-03-31",
            "totalCurrentAssets": "2217200000",
            "cashAndShortTermInvestments": "403000000",
            "totalCurrentLiabilities": "1637400000",
            "currentDebt": "653300000",
            "netIncome": "99900000",
            "capitalExpenditures": "42900000",
            "operatingCashflow": "371700000",
            "grossProfit": "813900000",
            "totalRevenue": "1326400000",
            "sentiment": 0,
            "surprise": "0.05",
            "closePrice": "40.1550148117238"
        },
        {
            "fiscalDateEnding": "2019-12-31",
            "totalCurrentAssets": "2104000000",
            "cashAndShortTermInvestments": "402300000",
            "totalCurrentLiabilities": "2336600000",
            "currentDebt": "1443700000",
            "netIncome": "311100000",
            "capitalExpenditures": "82600000",
            "operatingCashflow": "395500000",
            "grossProfit": "785500000",
            "totalRevenue": "1287400000",
            "sentiment": 0,
            "surprise": "0.03",
            "closePrice": "47.6064506221442"
        },
        {
            "fiscalDateEnding": "2019-09-30",
            "totalCurrentAssets": "2177800000",
            "cashAndShortTermInvestments": "405100000",
            "totalCurrentLiabilities": "2423400000",
            "currentDebt": "1427800000",
            "netIncome": "108900000",
            "capitalExpenditures": "11000000",
            "operatingCashflow": "396000000",
            "grossProfit": "827500000",
            "totalRevenue": "1337800000",
            "sentiment": 0,
            "surprise": "0",
            "closePrice": "46.6279443660589"
        },
        {
            "fiscalDateEnding": "2019-06-30",
            "totalCurrentAssets": "2278500000",
            "cashAndShortTermInvestments": "437100000",
            "totalCurrentLiabilities": "2450800000",
            "currentDebt": "1373900000",
            "netIncome": "50700000",
            "capitalExpenditures": "2600000",
            "operatingCashflow": "380600000",
            "grossProfit": "815200000",
            "totalRevenue": "1322600000",
            "sentiment": 0,
            "surprise": "0.02",
            "closePrice": "39.4911957520541"
        },
        {
            "fiscalDateEnding": "2019-03-31",
            "totalCurrentAssets": "2214800000",
            "cashAndShortTermInvestments": "430900000",
            "totalCurrentLiabilities": "2374500000",
            "currentDebt": "1360800000",
            "netIncome": "174700000",
            "capitalExpenditures": "5800000",
            "operatingCashflow": "403400000",
            "grossProfit": "820500000",
            "totalRevenue": "1329800000",
            "sentiment": 0,
            "surprise": "0.04",
            "closePrice": "43.5115088044281"
        },
        {
            "fiscalDateEnding": "2018-12-31",
            "totalCurrentAssets": "1877600000",
            "cashAndShortTermInvestments": "436200000",
            "totalCurrentLiabilities": "643700000",
            "currentDebt": "None",
            "netIncome": "49200000",
            "capitalExpenditures": "3900000",
            "operatingCashflow": "481500000",
            "grossProfit": "779600000",
            "totalRevenue": "1374700000",
            "sentiment": 0,
            "surprise": "0.04",
            "closePrice": "38.3134533412715"
        },
        {
            "fiscalDateEnding": "2018-09-30",
            "totalCurrentAssets": "2176200000",
            "cashAndShortTermInvestments": "464200000",
            "totalCurrentLiabilities": "2088100000",
            "currentDebt": "None",
            "netIncome": "96300000",
            "capitalExpenditures": "7300000",
            "operatingCashflow": "487500000",
            "grossProfit": "689300000",
            "totalRevenue": "1432500000",
            "sentiment": 0,
            "surprise": "0.05",
            "closePrice": "32.1967065970562"
        },
        {
            "fiscalDateEnding": "2018-06-30",
            "totalCurrentAssets": "2818400000",
            "cashAndShortTermInvestments": "649700000",
            "totalCurrentLiabilities": "2139300000",
            "currentDebt": "None",
            "netIncome": "35700000",
            "capitalExpenditures": "1600000",
            "operatingCashflow": "302400000",
            "grossProfit": "642000000",
            "totalRevenue": "1212500000",
            "sentiment": 0,
            "surprise": "0.07",
            "closePrice": "44.7223521508825"
        },
        {
            "fiscalDateEnding": "2018-03-31",
            "totalCurrentAssets": "3356300000",
            "cashAndShortTermInvestments": "2196600000",
            "totalCurrentLiabilities": "2017400000",
            "currentDebt": "None",
            "netIncome": "146700000",
            "capitalExpenditures": "1700000",
            "operatingCashflow": "359500000",
            "grossProfit": "615100000",
            "totalRevenue": "1002300000",
            "sentiment": 0,
            "surprise": "0.03",
            "closePrice": "41.1731570241125"
        },
        {
            "fiscalDateEnding": "2017-12-31",
            "totalCurrentAssets": "2253441000",
            "cashAndShortTermInvestments": "1099579000",
            "totalCurrentLiabilities": "756832000",
            "currentDebt": "None",
            "netIncome": "-251100000",
            "capitalExpenditures": "1600000",
            "operatingCashflow": "365000000",
            "grossProfit": "607100000",
            "totalRevenue": "994200000",
            "sentiment": 0,
            "surprise": "0.01",
            "closePrice": "41.5721595290758"
        },
        {
            "fiscalDateEnding": "2017-09-30",
            "totalCurrentAssets": "2443422000",
            "cashAndShortTermInvestments": "1314604000",
            "totalCurrentLiabilities": "734186000",
            "currentDebt": "None",
            "netIncome": "189200000",
            "capitalExpenditures": "1800000",
            "operatingCashflow": "350100000",
            "grossProfit": "614100000",
            "totalRevenue": "1012100000",
            "sentiment": 0,
            "surprise": "0.03",
            "closePrice": "42.9575577708856"
        },
        {
            "fiscalDateEnding": "2017-06-30",
            "totalCurrentAssets": "2298762000",
            "cashAndShortTermInvestments": "1230236000",
            "totalCurrentLiabilities": "736443000",
            "currentDebt": "None",
            "netIncome": "170600000",
            "capitalExpenditures": "2000000",
            "operatingCashflow": "345000000",
            "grossProfit": "584400000",
            "totalRevenue": "972100000",
            "sentiment": 0,
            "surprise": "0.05",
            "closePrice": "36.1841200827783"
        },
        {
            "fiscalDateEnding": "2017-03-31",
            "totalCurrentAssets": "2305000000",
            "cashAndShortTermInvestments": "1302800000",
            "totalCurrentLiabilities": "704500000",
            "currentDebt": "None",
            "netIncome": "136869000",
            "capitalExpenditures": "603000",
            "operatingCashflow": "136908000",
            "grossProfit": "532800000",
            "totalRevenue": "1006798000",
            "sentiment": 0,
            "surprise": "0.05",
            "closePrice": "34.1331174021413"
        },
        {
            "fiscalDateEnding": "2016-12-31",
            "totalCurrentAssets": "1676750000",
            "cashAndShortTermInvestments": "669638000",
            "totalCurrentLiabilities": "651553000",
            "currentDebt": "None",
            "netIncome": "107175000",
            "capitalExpenditures": "6365000",
            "operatingCashflow": "290802000",
            "grossProfit": "465300000",
            "totalRevenue": "799223000",
            "sentiment": 0,
            "surprise": "0.1",
            "closePrice": "30.9279872887762"
        },
        {
            "fiscalDateEnding": "2016-09-30",
            "totalCurrentAssets": "1490735000",
            "cashAndShortTermInvestments": "490788000",
            "totalCurrentLiabilities": "578803000",
            "currentDebt": "None",
            "netIncome": "33919000",
            "capitalExpenditures": "2467000",
            "operatingCashflow": "222123000",
            "grossProfit": "410600000",
            "totalRevenue": "836238000",
            "sentiment": 0,
            "surprise": "0.04",
            "closePrice": "27.4936184108831"
        },
        {
            "fiscalDateEnding": "2016-06-30",
            "totalCurrentAssets": "1672988000",
            "cashAndShortTermInvestments": "601792000",
            "totalCurrentLiabilities": "573285000",
            "currentDebt": "None",
            "netIncome": "-113363000",
            "capitalExpenditures": "765000",
            "operatingCashflow": "223967000",
            "grossProfit": "348500000",
            "totalRevenue": "765524000",
            "sentiment": 0,
            "surprise": "0.05",
            "closePrice": "24.8732604089927"
        },
        {
            "fiscalDateEnding": "2016-03-31",
            "totalCurrentAssets": "3096713000",
            "cashAndShortTermInvestments": "2486800000",
            "totalCurrentLiabilities": "382009000",
            "currentDebt": "None",
            "netIncome": "67355000",
            "capitalExpenditures": "1139000",
            "operatingCashflow": "67355000",
            "grossProfit": "302779000",
            "totalRevenue": "557647000",
            "sentiment": 0,
            "surprise": "0.01",
            "closePrice": "21.1079462471383"
        },
        {
            "fiscalDateEnding": "2015-12-31",
            "totalCurrentAssets": "1632721000",
            "cashAndShortTermInvestments": "1007900000",
            "totalCurrentLiabilities": "343914000",
            "currentDebt": "None",
            "netIncome": "61211000",
            "capitalExpenditures": "2980000",
            "operatingCashflow": "210477000",
            "grossProfit": "292718000",
            "totalRevenue": "512837000",
            "sentiment": 0,
            "surprise": "0.01",
            "closePrice": "18.292297366071"
        },
        {
            "fiscalDateEnding": "2015-09-30",
            "totalCurrentAssets": "2778887000",
            "cashAndShortTermInvestments": "2001544000",
            "totalCurrentLiabilities": "371776000",
            "currentDebt": "None",
            "netIncome": "64899000",
            "capitalExpenditures": "1215000",
            "operatingCashflow": "149886000",
            "grossProfit": "300950000",
            "totalRevenue": "515747000",
            "sentiment": 0,
            "surprise": "0.02",
            "closePrice": "21.0149592992556"
        },
        {
            "fiscalDateEnding": "2015-06-30",
            "totalCurrentAssets": "2255614000",
            "cashAndShortTermInvestments": "1532550000",
            "totalCurrentLiabilities": "372308000",
            "currentDebt": "None",
            "netIncome": "130667000",
            "capitalExpenditures": "1766000",
            "operatingCashflow": "181528000",
            "grossProfit": "309017000",
            "totalRevenue": "512685000",
            "sentiment": 0,
            "surprise": "-0.01",
            "closePrice": "18.2063379340023"
        },
        {
            "fiscalDateEnding": "2015-03-31",
            "totalCurrentAssets": "2664617000",
            "cashAndShortTermInvestments": "1958854000",
            "totalCurrentLiabilities": "353972000",
            "currentDebt": "None",
            "netIncome": "99402000",
            "capitalExpenditures": "1389000",
            "operatingCashflow": "98580000",
            "grossProfit": "313632000",
            "totalRevenue": "543207000",
            "sentiment": 0,
            "surprise": "0.01",
            "closePrice": "20.0262520882986"
        },
        {
            "fiscalDateEnding": "2014-12-31",
            "totalCurrentAssets": "1783479000",
            "cashAndShortTermInvestments": "1122458000",
            "totalCurrentLiabilities": "353086000",
            "currentDebt": "None",
            "netIncome": "86057000",
            "capitalExpenditures": "1615000",
            "operatingCashflow": "184838000",
            "grossProfit": "301959000",
            "totalRevenue": "514487000",
            "sentiment": 0,
            "surprise": "0.01",
            "closePrice": "19.2314271220849"
        },
        {
            "fiscalDateEnding": "2014-09-30",
            "totalCurrentAssets": "1978965000",
            "cashAndShortTermInvestments": "1283109000",
            "totalCurrentLiabilities": "385484000",
            "currentDebt": "None",
            "netIncome": "93641000",
            "capitalExpenditures": "2536000",
            "operatingCashflow": "192046000",
            "grossProfit": "307454000",
            "totalRevenue": "532224000",
            "sentiment": 0,
            "surprise": "0.01",
            "closePrice": "17.0936563272732"
        },
        {
            "fiscalDateEnding": "2014-06-30",
            "totalCurrentAssets": "2450351000",
            "cashAndShortTermInvestments": "1759861000",
            "totalCurrentLiabilities": "359690000",
            "currentDebt": "None",
            "netIncome": "89909000",
            "capitalExpenditures": "1123000",
            "operatingCashflow": "165788000",
            "grossProfit": "306519000",
            "totalRevenue": "515198000",
            "sentiment": 0,
            "surprise": "0.01",
            "closePrice": "18.587913084395"
        },
        {
            "fiscalDateEnding": "2014-03-31",
            "totalCurrentAssets": "1969399000",
            "cashAndShortTermInvestments": "1344785000",
            "totalCurrentLiabilities": "336079000",
            "currentDebt": "None",
            "netIncome": "111495000",
            "capitalExpenditures": "1607000",
            "operatingCashflow": "126037000",
            "grossProfit": "290586000",
            "totalRevenue": "493384000",
            "sentiment": 0,
            "surprise": "0.01",
            "closePrice": "18.9915388292755"
        },
        {
            "fiscalDateEnding": "2013-12-31",
            "totalCurrentAssets": "1969028000",
            "cashAndShortTermInvestments": "1307402000",
            "totalCurrentLiabilities": "316400000",
            "currentDebt": "None",
            "netIncome": "105401000",
            "capitalExpenditures": "4511000",
            "operatingCashflow": "148300000",
            "grossProfit": "282720000",
            "totalRevenue": "469827000",
            "sentiment": 0,
            "surprise": "0.01",
            "closePrice": "18.4400984321198"
        },
        {
            "fiscalDateEnding": "2013-09-30",
            "totalCurrentAssets": "1820906000",
            "cashAndShortTermInvestments": "1151911000",
            "totalCurrentLiabilities": "338893000",
            "currentDebt": "None",
            "netIncome": "99806000",
            "capitalExpenditures": "1335000",
            "operatingCashflow": "157551000",
            "grossProfit": "288863000",
            "totalRevenue": "480315000",
            "sentiment": 0,
            "surprise": "0.02",
            "closePrice": "16.1065306930754"
        },
        {
            "fiscalDateEnding": "2013-06-30",
            "totalCurrentAssets": "1615697000",
            "cashAndShortTermInvestments": "961875000",
            "totalCurrentLiabilities": "351664000",
            "currentDebt": "None",
            "netIncome": "78579000",
            "capitalExpenditures": "1616000",
            "operatingCashflow": "167372000",
            "grossProfit": "266574000",
            "totalRevenue": "450936000",
            "sentiment": 0,
            "surprise": "0.01",
            "closePrice": "15.8774509395531"
        },
        {
            "fiscalDateEnding": "2013-03-31",
            "totalCurrentAssets": "2236370000",
            "cashAndShortTermInvestments": "1578597000",
            "totalCurrentLiabilities": "341611000",
            "currentDebt": "None",
            "netIncome": "59690000",
            "capitalExpenditures": "712000",
            "operatingCashflow": "127883000",
            "grossProfit": "239039000",
            "totalRevenue": "430144000",
            "sentiment": 0,
            "surprise": "0.02",
            "closePrice": "14.4887839299996"
        },
        {
            "fiscalDateEnding": "2012-12-31",
            "totalCurrentAssets": "2296583000",
            "cashAndShortTermInvestments": "1622303000",
            "totalCurrentLiabilities": "296279000",
            "currentDebt": "None",
            "netIncome": "10173000",
            "capitalExpenditures": "1814000",
            "operatingCashflow": "139211000",
            "grossProfit": "200428000",
            "totalRevenue": "404970000",
            "sentiment": 0,
            "surprise": "0.03",
            "closePrice": "13.3056732189842"
        },
        {
            "fiscalDateEnding": "2012-09-30",
            "totalCurrentAssets": "2289278000",
            "cashAndShortTermInvestments": "1553410000",
            "totalCurrentLiabilities": "325473000",
            "currentDebt": "None",
            "netIncome": "-21184000",
            "capitalExpenditures": "595000",
            "operatingCashflow": "63300000",
            "grossProfit": "194195000",
            "totalRevenue": "372540000",
            "sentiment": 0,
            "surprise": "0",
            "closePrice": "12.3644746142345"
        },
        {
            "fiscalDateEnding": "2012-06-30",
            "totalCurrentAssets": "2229298000",
            "cashAndShortTermInvestments": "1661761000",
            "totalCurrentLiabilities": "249989000",
            "currentDebt": "None",
            "netIncome": "78710000",
            "capitalExpenditures": "1609000",
            "operatingCashflow": "128971000",
            "grossProfit": "204797000",
            "totalRevenue": "353852000",
            "sentiment": 0,
            "surprise": "0",
            "closePrice": "12.8135738948752"
        },
        {
            "fiscalDateEnding": "2012-03-31",
            "totalCurrentAssets": "2015861000",
            "cashAndShortTermInvestments": "1459009000",
            "totalCurrentLiabilities": "247873000",
            "currentDebt": "None",
            "netIncome": "80636000",
            "capitalExpenditures": "-1060000",
            "operatingCashflow": "117980000",
            "grossProfit": "195646000",
            "totalRevenue": "340684000",
            "sentiment": 0,
            "surprise": "0.01",
            "closePrice": "13.3663616364346"
        },
        {
            "fiscalDateEnding": "2011-12-31",
            "totalCurrentAssets": "1830080000",
            "cashAndShortTermInvestments": "1302273000",
            "totalCurrentLiabilities": "248566000",
            "currentDebt": "None",
            "netIncome": "77489000",
            "capitalExpenditures": "1732000",
            "operatingCashflow": "55939000",
            "grossProfit": "185488000",
            "totalRevenue": "330865000",
            "sentiment": 0,
            "surprise": "0",
            "closePrice": "14.1665355533849"
        },
        {
            "fiscalDateEnding": "2011-09-30",
            "totalCurrentAssets": "1933376000",
            "cashAndShortTermInvestments": "1415438000",
            "totalCurrentLiabilities": "294153000",
            "currentDebt": "None",
            "netIncome": "79287000",
            "capitalExpenditures": "4170000",
            "operatingCashflow": "154754000",
            "grossProfit": "196703000",
            "totalRevenue": "342311000",
            "sentiment": 0,
            "surprise": "0",
            "closePrice": "13.3117100318327"
        },
        {
            "fiscalDateEnding": "2011-06-30",
            "totalCurrentAssets": "2095687000",
            "cashAndShortTermInvestments": "1517752000",
            "totalCurrentLiabilities": "328083000",
            "currentDebt": "None",
            "netIncome": "99293000",
            "capitalExpenditures": "976000",
            "operatingCashflow": "124902000",
            "grossProfit": "221457000",
            "totalRevenue": "376216000",
            "sentiment": 0,
            "surprise": "0.01",
            "closePrice": "11.6937289996137"
        },
        {
            "fiscalDateEnding": "2011-03-31",
            "totalCurrentAssets": "1774983000",
            "cashAndShortTermInvestments": "1243496000",
            "totalCurrentLiabilities": "340316000",
            "currentDebt": "None",
            "netIncome": "125528000",
            "capitalExpenditures": "1724000",
            "operatingCashflow": "125528000",
            "grossProfit": "225591000",
            "totalRevenue": "379985000",
            "sentiment": 0,
            "surprise": "0.01",
            "closePrice": "14.7913529381569"
        },
        {
            "fiscalDateEnding": "2010-12-31",
            "totalCurrentAssets": "1738444000",
            "cashAndShortTermInvestments": "1191184000",
            "totalCurrentLiabilities": "299935000",
            "currentDebt": "None",
            "netIncome": "100776000",
            "capitalExpenditures": "13410000",
            "operatingCashflow": "100776000",
            "grossProfit": "216397000",
            "totalRevenue": "367824000",
            "sentiment": 0,
            "surprise": "0.01",
            "closePrice": "13.8244786094416"
        },
        {
            "fiscalDateEnding": "2010-09-30",
            "totalCurrentAssets": "1917305000",
            "cashAndShortTermInvestments": "1378768000",
            "totalCurrentLiabilities": "310140000",
            "currentDebt": "None",
            "netIncome": "103080000",
            "capitalExpenditures": "1291000",
            "operatingCashflow": "103080000",
            "grossProfit": "225005000",
            "totalRevenue": "382271000",
            "sentiment": 0,
            "surprise": "0.03",
            "closePrice": "12.1402182591894"
        },
        {
            "fiscalDateEnding": "2010-06-30",
            "totalCurrentAssets": "1847882000",
            "cashAndShortTermInvestments": "1315816000",
            "totalCurrentLiabilities": "284084000",
            "currentDebt": "None",
            "netIncome": "89566000",
            "capitalExpenditures": "142000",
            "operatingCashflow": "135886000",
            "grossProfit": "207443000",
            "totalRevenue": "357125000",
            "sentiment": 0,
            "surprise": "0.03",
            "closePrice": "10.8714060032632"
        },
        {
            "fiscalDateEnding": "2010-03-31",
            "totalCurrentAssets": "1610969000",
            "cashAndShortTermInvestments": "1214323000",
            "totalCurrentLiabilities": "203390000",
            "currentDebt": "None",
            "netIncome": "75749000",
            "capitalExpenditures": "9464000",
            "operatingCashflow": "88487000",
            "grossProfit": "168471000",
            "totalRevenue": "278020000",
            "sentiment": 0,
            "surprise": "0.01",
            "closePrice": "10.1233718958233"
        },
        {
            "fiscalDateEnding": "2009-12-31",
            "totalCurrentAssets": "1442737000",
            "cashAndShortTermInvestments": "1077974000",
            "totalCurrentLiabilities": "185135000",
            "currentDebt": "None",
            "netIncome": "69403000",
            "capitalExpenditures": "1082000",
            "operatingCashflow": "69403000",
            "grossProfit": "145996000",
            "totalRevenue": "250099000",
            "sentiment": 0,
            "surprise": "0.04",
            "closePrice": "9.28413037539517"
        },
        {
            "fiscalDateEnding": "2009-09-30",
            "totalCurrentAssets": "1727456000",
            "cashAndShortTermInvestments": "1363994000",
            "totalCurrentLiabilities": "170350000",
            "currentDebt": "None",
            "netIncome": "44485000",
            "capitalExpenditures": "3991000",
            "operatingCashflow": "44485000",
            "grossProfit": "123340000",
            "totalRevenue": "226661000",
            "sentiment": 0,
            "surprise": "0.01",
            "closePrice": "8.31337010306339"
        },
        {
            "fiscalDateEnding": "2009-06-30",
            "totalCurrentAssets": "1761141000",
            "cashAndShortTermInvestments": "1407435000",
            "totalCurrentLiabilities": "149191000",
            "currentDebt": "None",
            "netIncome": "27368000",
            "capitalExpenditures": "902000",
            "operatingCashflow": "115067000",
            "grossProfit": "96435000",
            "totalRevenue": "192949000",
            "sentiment": 0,
            "surprise": "0.01",
            "closePrice": "8.98540641868854"
        }
    ]
}