{
    "MDB": [
        {
            "fiscalDateEnding": "2024-01-31",
            "totalCurrentAssets": "2483636000",
            "cashAndShortTermInvestments": "2015407000",
            "totalCurrentLiabilities": "564220000",
            "currentDebt": "6179000",
            "netIncome": "-55460000",
            "capitalExpenditures": "2738000",
            "operatingCashflow": "54627000",
            "grossProfit": "343361000",
            "totalRevenue": "453459000",
            "sentiment": 0.21844151529048877,
            "surprise": "0.39",
            "closePrice": "412.01"
        },
        {
            "fiscalDateEnding": "2023-10-31",
            "totalCurrentAssets": "2320593000",
            "cashAndShortTermInvestments": "1924711000",
            "totalCurrentLiabilities": "489563000",
            "currentDebt": "5933000",
            "netIncome": "-29297000",
            "capitalExpenditures": "2078000",
            "operatingCashflow": "38422000",
            "grossProfit": "325880000",
            "totalRevenue": "430974000",
            "sentiment": 0.25032966169191273,
            "surprise": "0.46",
            "closePrice": "433.67"
        },
        {
            "fiscalDateEnding": "2023-07-31",
            "totalCurrentAssets": "2294962000",
            "cashAndShortTermInvestments": "1901101000",
            "totalCurrentLiabilities": "512296000",
            "currentDebt": "5693000",
            "netIncome": "-37597000",
            "capitalExpenditures": "635000",
            "operatingCashflow": "-25302000",
            "grossProfit": "318454000",
            "totalRevenue": "421180000",
            "sentiment": 0.2594702138745011,
            "surprise": "0.47",
            "closePrice": "381.3"
        },
        {
            "fiscalDateEnding": "2023-04-30",
            "totalCurrentAssets": "2232294000",
            "cashAndShortTermInvestments": "1903428000",
            "totalCurrentLiabilities": "532567000",
            "currentDebt": "5561000",
            "netIncome": "-54246000",
            "capitalExpenditures": "623000",
            "operatingCashflow": "53730000",
            "grossProfit": "270831000",
            "totalRevenue": "365458000",
            "sentiment": 0.18541842689727572,
            "surprise": "0.37",
            "closePrice": "293.96"
        },
        {
            "fiscalDateEnding": "2023-01-31",
            "totalCurrentAssets": "2236584000",
            "cashAndShortTermInvestments": "1836630000",
            "totalCurrentLiabilities": "588512000",
            "currentDebt": "5483000",
            "netIncome": "-64398000",
            "capitalExpenditures": "711000",
            "operatingCashflow": "25871000",
            "grossProfit": "272152000",
            "totalRevenue": "356080000",
            "sentiment": 0.22004136969299065,
            "surprise": "0.5",
            "closePrice": "228.7"
        },
        {
            "fiscalDateEnding": "2022-10-31",
            "totalCurrentAssets": "2122255000",
            "cashAndShortTermInvestments": "1787532000",
            "totalCurrentLiabilities": "517807000",
            "currentDebt": "5407000",
            "netIncome": "-84841000",
            "capitalExpenditures": "1381000",
            "operatingCashflow": "-5744000",
            "grossProfit": "239969000",
            "totalRevenue": "331124000",
            "sentiment": 0.10471326539253004,
            "surprise": "0.4",
            "closePrice": "144.69"
        },
        {
            "fiscalDateEnding": "2022-07-31",
            "totalCurrentAssets": "2108514000",
            "cashAndShortTermInvestments": "1795612000",
            "totalCurrentLiabilities": "524897000",
            "currentDebt": "5331000",
            "netIncome": "-118865000",
            "capitalExpenditures": "2614000",
            "operatingCashflow": "-44671000",
            "grossProfit": "215383000",
            "totalRevenue": "301231000",
            "sentiment": 0.012580355144408561,
            "surprise": "0.05",
            "closePrice": "322.86"
        },
        {
            "fiscalDateEnding": "2022-04-30",
            "totalCurrentAssets": "2096307000",
            "cashAndShortTermInvestments": "1828695000",
            "totalCurrentLiabilities": "503722000",
            "currentDebt": "5257000",
            "netIncome": "-77294000",
            "capitalExpenditures": "2538000",
            "operatingCashflow": "11574000",
            "grossProfit": "207232000",
            "totalRevenue": "282413000",
            "sentiment": -0.0215997333869419,
            "surprise": "0.29",
            "closePrice": "241.81"
        },
        {
            "fiscalDateEnding": "2022-01-31",
            "totalCurrentAssets": "2117402000",
            "cashAndShortTermInvestments": "1825923000",
            "totalCurrentLiabilities": "526735000",
            "currentDebt": "4511000",
            "netIncome": "-84448000",
            "capitalExpenditures": "3556000",
            "operatingCashflow": "22311000",
            "grossProfit": "190696000",
            "totalRevenue": "262973000",
            "sentiment": 0,
            "surprise": "0.14",
            "closePrice": "281.74"
        },
        {
            "fiscalDateEnding": "2021-10-31",
            "totalCurrentAssets": "2054570000",
            "cashAndShortTermInvestments": "1802886000",
            "totalCurrentLiabilities": "432199000",
            "currentDebt": "5111000",
            "netIncome": "-81293000",
            "capitalExpenditures": "2184000",
            "operatingCashflow": "-5790000",
            "grossProfit": "158429000",
            "totalRevenue": "224296000",
            "sentiment": 0,
            "surprise": "0.27",
            "closePrice": "429.34"
        },
        {
            "fiscalDateEnding": "2021-07-31",
            "totalCurrentAssets": "1996111000",
            "cashAndShortTermInvestments": "1814825000",
            "totalCurrentLiabilities": "347903000",
            "currentDebt": "4366000",
            "netIncome": "-77133000",
            "capitalExpenditures": "1705000",
            "operatingCashflow": "-19758000",
            "grossProfit": "138045000",
            "totalRevenue": "196191000",
            "sentiment": 0,
            "surprise": "0.15",
            "closePrice": "401.65"
        },
        {
            "fiscalDateEnding": "2021-04-30",
            "totalCurrentAssets": "1096022000",
            "cashAndShortTermInvestments": "935043000",
            "totalCurrentLiabilities": "328681000",
            "currentDebt": "4297000",
            "netIncome": "-63992000",
            "capitalExpenditures": "627000",
            "operatingCashflow": "10217000",
            "grossProfit": "127120000",
            "totalRevenue": "177675000",
            "sentiment": 0,
            "surprise": "0.22",
            "closePrice": "271.15"
        },
        {
            "fiscalDateEnding": "2021-01-31",
            "totalCurrentAssets": "1141887000",
            "cashAndShortTermInvestments": "957742000",
            "totalCurrentLiabilities": "354541000",
            "currentDebt": "7243000",
            "netIncome": "-75801000",
            "capitalExpenditures": "831000",
            "operatingCashflow": "-18645000",
            "grossProfit": "120014000",
            "totalRevenue": "156144000",
            "sentiment": 0,
            "surprise": "0.06",
            "closePrice": "311.92"
        },
        {
            "fiscalDateEnding": "2020-10-31",
            "totalCurrentAssets": "1103786000",
            "cashAndShortTermInvestments": "966301000",
            "totalCurrentLiabilities": "271539000",
            "currentDebt": "8473000",
            "netIncome": "-72651000",
            "capitalExpenditures": "5646000",
            "operatingCashflow": "-8120000",
            "grossProfit": "104661000",
            "totalRevenue": "136678000",
            "sentiment": 0,
            "surprise": "0.13",
            "closePrice": "282.98"
        },
        {
            "fiscalDateEnding": "2020-07-31",
            "totalCurrentAssets": "1104823000",
            "cashAndShortTermInvestments": "974896000",
            "totalCurrentLiabilities": "252661000",
            "currentDebt": "9628000",
            "netIncome": "-64525000",
            "capitalExpenditures": "3791000",
            "operatingCashflow": "-10030000",
            "grossProfit": "95977000",
            "totalRevenue": "124331000",
            "sentiment": 0,
            "surprise": "0.17",
            "closePrice": "239.53"
        },
        {
            "fiscalDateEnding": "2020-04-30",
            "totalCurrentAssets": "1100406000",
            "cashAndShortTermInvestments": "977017000",
            "totalCurrentLiabilities": "241017000",
            "currentDebt": "8703000",
            "netIncome": "-53967000",
            "capitalExpenditures": "1505000",
            "operatingCashflow": "-5878000",
            "grossProfit": "92652000",
            "totalRevenue": "116534000",
            "sentiment": 0,
            "surprise": "0.12",
            "closePrice": "220.04"
        },
        {
            "fiscalDateEnding": "2020-01-31",
            "totalCurrentAssets": "1113196000",
            "cashAndShortTermInvestments": "986518000",
            "totalCurrentLiabilities": "242384000",
            "currentDebt": "8383000",
            "netIncome": "-62563000",
            "capitalExpenditures": "1214000",
            "operatingCashflow": "-8618000",
            "grossProfit": "88732000",
            "totalRevenue": "102460000",
            "sentiment": 0,
            "surprise": "0.03",
            "closePrice": "114.52"
        },
        {
            "fiscalDateEnding": "2019-10-31",
            "totalCurrentAssets": "525621000",
            "cashAndShortTermInvestments": "425867000",
            "totalCurrentLiabilities": "204522000",
            "currentDebt": "8748000",
            "netIncome": "-42383000",
            "capitalExpenditures": "754000",
            "operatingCashflow": "-11543000",
            "grossProfit": "77250000",
            "totalRevenue": "104628000",
            "sentiment": 0,
            "surprise": "0.02",
            "closePrice": "131.01"
        },
        {
            "fiscalDateEnding": "2019-07-31",
            "totalCurrentAssets": "533373000",
            "cashAndShortTermInvestments": "436053000",
            "totalCurrentLiabilities": "189002000",
            "currentDebt": "None",
            "netIncome": "-37336000",
            "capitalExpenditures": "1207000",
            "operatingCashflow": "-12593000",
            "grossProfit": "69166000",
            "totalRevenue": "94428000",
            "sentiment": 0,
            "surprise": "0.02",
            "closePrice": "158.66"
        },
        {
            "fiscalDateEnding": "2019-04-30",
            "totalCurrentAssets": "567189000",
            "cashAndShortTermInvestments": "476406000",
            "totalCurrentLiabilities": "178167000",
            "currentDebt": "None",
            "netIncome": "-33240000",
            "capitalExpenditures": "389000",
            "operatingCashflow": "3214000",
            "grossProfit": "61216000",
            "totalRevenue": "84699000",
            "sentiment": 0,
            "surprise": "0.02",
            "closePrice": "148.87"
        },
        {
            "fiscalDateEnding": "2019-01-31",
            "totalCurrentAssets": "566236000",
            "cashAndShortTermInvestments": "465970000",
            "totalCurrentLiabilities": "164637000",
            "currentDebt": "None",
            "netIncome": "-22187000",
            "capitalExpenditures": "3150000",
            "operatingCashflow": "-9480000",
            "grossProfit": "59917000",
            "totalRevenue": "86029000",
            "sentiment": 0,
            "surprise": "0.12",
            "closePrice": "104.26"
        },
        {
            "fiscalDateEnding": "2018-10-31",
            "totalCurrentAssets": "587464000",
            "cashAndShortTermInvestments": "522171000",
            "totalCurrentLiabilities": "172335000",
            "currentDebt": "None",
            "netIncome": "-22487000",
            "capitalExpenditures": "2137000",
            "operatingCashflow": "-7608000",
            "grossProfit": "54024000",
            "totalRevenue": "64985000",
            "sentiment": 0,
            "surprise": "0.1",
            "closePrice": "83.73"
        },
        {
            "fiscalDateEnding": "2018-07-31",
            "totalCurrentAssets": "583706000",
            "cashAndShortTermInvestments": "522677000",
            "totalCurrentLiabilities": "156236000",
            "currentDebt": "None",
            "netIncome": "-27782000",
            "capitalExpenditures": "1194000",
            "operatingCashflow": "-16852000",
            "grossProfit": "43117000",
            "totalRevenue": "56196000",
            "sentiment": 0,
            "surprise": "0.04",
            "closePrice": "72.04"
        },
        {
            "fiscalDateEnding": "2018-04-30",
            "totalCurrentAssets": "325719000",
            "cashAndShortTermInvestments": "270988000",
            "totalCurrentLiabilities": "144656000",
            "currentDebt": "None",
            "netIncome": "-26555000",
            "capitalExpenditures": "367000",
            "operatingCashflow": "-8049000",
            "grossProfit": "36390000",
            "totalRevenue": "48222000",
            "sentiment": 0,
            "surprise": "0",
            "closePrice": "51.26"
        },
        {
            "fiscalDateEnding": "2018-01-31",
            "totalCurrentAssets": "347282000",
            "cashAndShortTermInvestments": "278974000",
            "totalCurrentLiabilities": "112532000",
            "currentDebt": "None",
            "netIncome": "-13988000",
            "capitalExpenditures": "421000",
            "operatingCashflow": "-7712000",
            "grossProfit": "44149000",
            "totalRevenue": "45033000",
            "sentiment": 0,
            "surprise": "0.03",
            "closePrice": "37.86"
        },
        {
            "fiscalDateEnding": "2017-10-31",
            "totalCurrentAssets": "338859000",
            "cashAndShortTermInvestments": "288555000",
            "totalCurrentLiabilities": "117252000",
            "currentDebt": "None",
            "netIncome": "-24216000",
            "capitalExpenditures": "88000",
            "operatingCashflow": "-10300000",
            "grossProfit": "30417000",
            "totalRevenue": "41488000",
            "sentiment": 0,
            "surprise": "0.05",
            "closePrice": "29.0"
        }
    ]
}