{
    "MKSI": [
        {
            "fiscalDateEnding": "2023-12-31",
            "totalCurrentAssets": "2696000000",
            "cashAndShortTermInvestments": "875000000",
            "totalCurrentLiabilities": "848000000",
            "currentDebt": "93000000",
            "netIncome": "-69000000",
            "capitalExpenditures": "34000000",
            "operatingCashflow": "181000000",
            "grossProfit": "411000000",
            "totalRevenue": "794000000",
            "sentiment": 0.3288866788679337,
            "surprise": "0.33",
            "closePrice": "113.901233264033"
        },
        {
            "fiscalDateEnding": "2023-09-30",
            "totalCurrentAssets": "2775000000",
            "cashAndShortTermInvestments": "860000000",
            "totalCurrentLiabilities": "838000000",
            "currentDebt": "87000000",
            "netIncome": "39000000",
            "capitalExpenditures": "18000000",
            "operatingCashflow": "160000000",
            "grossProfit": "426000000",
            "totalRevenue": "841000000",
            "sentiment": 0.29118796601101576,
            "surprise": "0.44",
            "closePrice": "65.4957813842028"
        },
        {
            "fiscalDateEnding": "2023-06-30",
            "totalCurrentAssets": "2728000000",
            "cashAndShortTermInvestments": "758000000",
            "totalCurrentLiabilities": "835000000",
            "currentDebt": "88000000",
            "netIncome": "-1769000000",
            "capitalExpenditures": "18000000",
            "operatingCashflow": "-59000000",
            "grossProfit": "470000000",
            "totalRevenue": "915000000",
            "sentiment": 0.25717106253630945,
            "surprise": "0.15",
            "closePrice": "101.869078678778"
        },
        {
            "fiscalDateEnding": "2023-03-31",
            "totalCurrentAssets": "2748000000",
            "cashAndShortTermInvestments": "881000000",
            "totalCurrentLiabilities": "876000000",
            "currentDebt": "88000000",
            "netIncome": "-42000000",
            "capitalExpenditures": "17000000",
            "operatingCashflow": "37000000",
            "grossProfit": "335000000",
            "totalRevenue": "709000000",
            "sentiment": 0.23553854571897287,
            "surprise": "0.62",
            "closePrice": "81.8168182790609"
        },
        {
            "fiscalDateEnding": "2022-12-31",
            "totalCurrentAssets": "2794000000",
            "cashAndShortTermInvestments": "910000000",
            "totalCurrentLiabilities": "952000000",
            "currentDebt": "93000000",
            "netIncome": "54000000",
            "capitalExpenditures": "55000000",
            "operatingCashflow": "184000000",
            "grossProfit": "485000000",
            "totalRevenue": "1002000000",
            "sentiment": 0.22530592673214453,
            "surprise": "0.66",
            "closePrice": "91.3391583984963"
        },
        {
            "fiscalDateEnding": "2022-09-30",
            "totalCurrentAssets": "2791000000",
            "cashAndShortTermInvestments": "885000000",
            "totalCurrentLiabilities": "1011000000",
            "currentDebt": "95000000",
            "netIncome": "6000000",
            "capitalExpenditures": "26000000",
            "operatingCashflow": "199000000",
            "grossProfit": "390000000",
            "totalRevenue": "874000000",
            "sentiment": 0.1756501557249932,
            "surprise": "0.35",
            "closePrice": "78.8267384393691"
        },
        {
            "fiscalDateEnding": "2022-06-30",
            "totalCurrentAssets": "2349000000",
            "cashAndShortTermInvestments": "1067000000",
            "totalCurrentLiabilities": "457000000",
            "currentDebt": "11000000",
            "netIncome": "130000000",
            "capitalExpenditures": "64000000",
            "operatingCashflow": "105000000",
            "grossProfit": "338000000",
            "totalRevenue": "758000000",
            "sentiment": 0.013594015426496466,
            "surprise": "0.28",
            "closePrice": "110.211673966327"
        },
        {
            "fiscalDateEnding": "2022-03-31",
            "totalCurrentAssets": "2258000000",
            "cashAndShortTermInvestments": "1053000000",
            "totalCurrentLiabilities": "436000000",
            "currentDebt": "12000000",
            "netIncome": "143000000",
            "capitalExpenditures": "19000000",
            "operatingCashflow": "41000000",
            "grossProfit": "334000000",
            "totalRevenue": "743000000",
            "sentiment": 0.02500616464329751,
            "surprise": "0.1",
            "closePrice": "114.2718604282"
        },
        {
            "fiscalDateEnding": "2021-12-31",
            "totalCurrentAssets": "2147000000",
            "cashAndShortTermInvestments": "76400000",
            "totalCurrentLiabilities": "460000000",
            "currentDebt": "9000000",
            "netIncome": "150000000",
            "capitalExpenditures": "23400000",
            "operatingCashflow": "195000000",
            "grossProfit": "354000000",
            "totalRevenue": "757600000",
            "sentiment": 0,
            "surprise": "0.16",
            "closePrice": "154.818759297356"
        },
        {
            "fiscalDateEnding": "2021-09-30",
            "totalCurrentAssets": "1994900000",
            "cashAndShortTermInvestments": "879600000",
            "totalCurrentLiabilities": "437100000",
            "currentDebt": "9000000",
            "netIncome": "132000000",
            "capitalExpenditures": "20500000",
            "operatingCashflow": "153000000",
            "grossProfit": "348000000",
            "totalRevenue": "735600000",
            "sentiment": 0,
            "surprise": "0.02",
            "closePrice": "139.957238070873"
        },
        {
            "fiscalDateEnding": "2021-06-30",
            "totalCurrentAssets": "2121700000",
            "cashAndShortTermInvestments": "1039000000",
            "totalCurrentLiabilities": "420300000",
            "currentDebt": "9000000",
            "netIncome": "146000000",
            "capitalExpenditures": "16300000",
            "operatingCashflow": "165000000",
            "grossProfit": "355000000",
            "totalRevenue": "743500000",
            "sentiment": 0,
            "surprise": "0.07",
            "closePrice": "156.573822055256"
        },
        {
            "fiscalDateEnding": "2021-03-31",
            "totalCurrentAssets": "1922500000",
            "cashAndShortTermInvestments": "909500000",
            "totalCurrentLiabilities": "371900000",
            "currentDebt": "9300000",
            "netIncome": "122000000",
            "capitalExpenditures": "26500000",
            "operatingCashflow": "127000000",
            "grossProfit": "322000000",
            "totalRevenue": "687500000",
            "sentiment": 0,
            "surprise": "0.36",
            "closePrice": "186.104785707022"
        },
        {
            "fiscalDateEnding": "2020-12-31",
            "totalCurrentAssets": "1804400000",
            "cashAndShortTermInvestments": "836000000",
            "totalCurrentLiabilities": "373900000",
            "currentDebt": "14500000",
            "netIncome": "115600000",
            "capitalExpenditures": "25000000",
            "operatingCashflow": "147000000",
            "grossProfit": "301600000",
            "totalRevenue": "660200000",
            "sentiment": 0,
            "surprise": "0.32",
            "closePrice": "161.504302904815"
        },
        {
            "fiscalDateEnding": "2020-09-30",
            "totalCurrentAssets": "1669700000",
            "cashAndShortTermInvestments": "715700000",
            "totalCurrentLiabilities": "364300000",
            "currentDebt": "12000000",
            "netIncome": "91700000",
            "capitalExpenditures": "29000000",
            "operatingCashflow": "152100000",
            "grossProfit": "262000000",
            "totalRevenue": "583200000",
            "sentiment": 0,
            "surprise": "0.15",
            "closePrice": "106.968014880353"
        },
        {
            "fiscalDateEnding": "2020-06-30",
            "totalCurrentAssets": "1569800000",
            "cashAndShortTermInvestments": "607000000",
            "totalCurrentLiabilities": "351600000",
            "currentDebt": "11300000",
            "netIncome": "73700000",
            "capitalExpenditures": "20900000",
            "operatingCashflow": "139000000",
            "grossProfit": "246300000",
            "totalRevenue": "537100000",
            "sentiment": 0,
            "surprise": "0.44",
            "closePrice": "121.487786541316"
        },
        {
            "fiscalDateEnding": "2020-03-31",
            "totalCurrentAssets": "1456600000",
            "cashAndShortTermInvestments": "503400000",
            "totalCurrentLiabilities": "321600000",
            "currentDebt": "32500000",
            "netIncome": "69100000",
            "capitalExpenditures": "10000000",
            "operatingCashflow": "74900000",
            "grossProfit": "239600000",
            "totalRevenue": "526800000",
            "sentiment": 0,
            "surprise": "0.3",
            "closePrice": "94.8817380259471"
        },
        {
            "fiscalDateEnding": "2019-12-31",
            "totalCurrentAssets": "1433500000",
            "cashAndShortTermInvestments": "524000000",
            "totalCurrentLiabilities": "317700000",
            "currentDebt": "32731000",
            "netIncome": "42800000",
            "capitalExpenditures": "19151000",
            "operatingCashflow": "77200000",
            "grossProfit": "216300000",
            "totalRevenue": "499651000",
            "sentiment": 0,
            "surprise": "0.13",
            "closePrice": "109.905400275029"
        },
        {
            "fiscalDateEnding": "2019-09-30",
            "totalCurrentAssets": "1360385000",
            "cashAndShortTermInvestments": "475128000",
            "totalCurrentLiabilities": "310657000",
            "currentDebt": "33198000",
            "netIncome": "47400000",
            "capitalExpenditures": "16499000",
            "operatingCashflow": "60700000",
            "grossProfit": "205000000",
            "totalRevenue": "455682000",
            "sentiment": 0,
            "surprise": "0.25",
            "closePrice": "91.5208222328639"
        },
        {
            "fiscalDateEnding": "2019-06-30",
            "totalCurrentAssets": "1370000000",
            "cashAndShortTermInvestments": "459920000",
            "totalCurrentLiabilities": "285156000",
            "currentDebt": "31601000",
            "netIncome": "37700000",
            "capitalExpenditures": "13725000",
            "operatingCashflow": "77500000",
            "grossProfit": "211000000",
            "totalRevenue": "461436000",
            "sentiment": 0,
            "surprise": "-0.01",
            "closePrice": "85.905623586903"
        },
        {
            "fiscalDateEnding": "2019-03-31",
            "totalCurrentAssets": "1360352000",
            "cashAndShortTermInvestments": "462342000",
            "totalCurrentLiabilities": "296559000",
            "currentDebt": "20562000",
            "netIncome": "12500000",
            "capitalExpenditures": "14529000",
            "operatingCashflow": "29100000",
            "grossProfit": "198100000",
            "totalRevenue": "454442000",
            "sentiment": 0,
            "surprise": "0.05",
            "closePrice": "96.4762623060225"
        },
        {
            "fiscalDateEnding": "2018-12-31",
            "totalCurrentAssets": "1464104000",
            "cashAndShortTermInvestments": "718171000",
            "totalCurrentLiabilities": "263285000",
            "currentDebt": "3986000",
            "netIncome": "71636000",
            "capitalExpenditures": "26056000",
            "operatingCashflow": "135477000",
            "grossProfit": "209884000",
            "totalRevenue": "460541000",
            "sentiment": 0,
            "surprise": "0.03",
            "closePrice": "74.9357165553493"
        },
        {
            "fiscalDateEnding": "2018-09-30",
            "totalCurrentAssets": "1412471000",
            "cashAndShortTermInvestments": "619626000",
            "totalCurrentLiabilities": "262493000",
            "currentDebt": "6130000",
            "netIncome": "93277000",
            "capitalExpenditures": "15067000",
            "operatingCashflow": "95956000",
            "grossProfit": "231860000",
            "totalRevenue": "483433000",
            "sentiment": 0,
            "surprise": "0.16",
            "closePrice": "70.1947065546089"
        },
        {
            "fiscalDateEnding": "2018-06-30",
            "totalCurrentAssets": "1417724000",
            "cashAndShortTermInvestments": "631117000",
            "totalCurrentLiabilities": "282071000",
            "currentDebt": "12511000",
            "netIncome": "122862000",
            "capitalExpenditures": "12428000",
            "operatingCashflow": "109611000",
            "grossProfit": "274877000",
            "totalRevenue": "569218000",
            "sentiment": 0,
            "surprise": "0.11",
            "closePrice": "93.5330462537335"
        },
        {
            "fiscalDateEnding": "2018-03-31",
            "totalCurrentAssets": "1308022000",
            "cashAndShortTermInvestments": "541502000",
            "totalCurrentLiabilities": "291025000",
            "currentDebt": "5456000",
            "netIncome": "105121000",
            "capitalExpenditures": "9390000",
            "operatingCashflow": "72756000",
            "grossProfit": "262855000",
            "totalRevenue": "554823845000",
            "sentiment": 0,
            "surprise": "0.07",
            "closePrice": "98.1346519383314"
        },
        {
            "fiscalDateEnding": "2017-12-31",
            "totalCurrentAssets": "1236253000",
            "cashAndShortTermInvestments": "543321000",
            "totalCurrentLiabilities": "289822000",
            "currentDebt": "2972000",
            "netIncome": "77638000",
            "capitalExpenditures": "13430000",
            "operatingCashflow": "80786000",
            "grossProfit": "238326000",
            "totalRevenue": "511800000",
            "sentiment": 0,
            "surprise": "0.08",
            "closePrice": "97.359624816139"
        },
        {
            "fiscalDateEnding": "2017-09-30",
            "totalCurrentAssets": "1195203000",
            "cashAndShortTermInvestments": "534608000",
            "totalCurrentLiabilities": "282612000",
            "currentDebt": "4020000",
            "netIncome": "75994000",
            "capitalExpenditures": "8118000",
            "operatingCashflow": "98963000",
            "grossProfit": "227995000",
            "totalRevenue": "479095000",
            "sentiment": 0,
            "surprise": "0.1",
            "closePrice": "98.3814834011176"
        },
        {
            "fiscalDateEnding": "2017-06-30",
            "totalCurrentAssets": "1202100000",
            "cashAndShortTermInvestments": "571846000",
            "totalCurrentLiabilities": "258256000",
            "currentDebt": "9810000",
            "netIncome": "120440000",
            "capitalExpenditures": "5640000",
            "operatingCashflow": "67205000",
            "grossProfit": "219583000",
            "totalRevenue": "548616000",
            "sentiment": 0,
            "surprise": "0",
            "closePrice": "76.6942497463565"
        },
        {
            "fiscalDateEnding": "2017-03-31",
            "totalCurrentAssets": "1021518000",
            "cashAndShortTermInvestments": "411211000",
            "totalCurrentLiabilities": "230396000",
            "currentDebt": "10623000",
            "netIncome": "65060000",
            "capitalExpenditures": "4099000",
            "operatingCashflow": "55033000",
            "grossProfit": "205547000",
            "totalRevenue": "428321000",
            "sentiment": 0,
            "surprise": "0.18",
            "closePrice": "71.2766648848901"
        },
        {
            "fiscalDateEnding": "2016-12-31",
            "totalCurrentAssets": "998769000",
            "cashAndShortTermInvestments": "418086000",
            "totalCurrentLiabilities": "237300000",
            "currentDebt": "10993000",
            "netIncome": "45487000",
            "capitalExpenditures": "7164000",
            "operatingCashflow": "-23688000",
            "grossProfit": "183408000",
            "totalRevenue": "405140000",
            "sentiment": 0,
            "surprise": "0.05",
            "closePrice": "63.1193332294731"
        },
        {
            "fiscalDateEnding": "2016-09-30",
            "totalCurrentAssets": "1002343000",
            "cashAndShortTermInvestments": "419978000",
            "totalCurrentLiabilities": "230435000",
            "currentDebt": "11528000",
            "netIncome": "32549000",
            "capitalExpenditures": "4695000",
            "operatingCashflow": "32549000",
            "grossProfit": "168385000",
            "totalRevenue": "370743000",
            "sentiment": 0,
            "surprise": "0.11",
            "closePrice": "45.9536337207376"
        },
        {
            "fiscalDateEnding": "2016-06-30",
            "totalCurrentAssets": "1001513000",
            "cashAndShortTermInvestments": "425648000",
            "totalCurrentLiabilities": "207690000",
            "currentDebt": "12678000",
            "netIncome": "9210000",
            "capitalExpenditures": "5108000",
            "operatingCashflow": "9210000",
            "grossProfit": "135913000",
            "totalRevenue": "320130000",
            "sentiment": 0,
            "surprise": "0.24",
            "closePrice": "44.9958570649664"
        },
        {
            "fiscalDateEnding": "2016-03-31",
            "totalCurrentAssets": "959133000",
            "cashAndShortTermInvestments": "666623000",
            "totalCurrentLiabilities": "97941000",
            "currentDebt": "None",
            "netIncome": "17563000",
            "capitalExpenditures": "2156000",
            "operatingCashflow": "41567000",
            "grossProfit": "77913000",
            "totalRevenue": "184927000",
            "sentiment": 0,
            "surprise": "0.05",
            "closePrice": "34.7220114545478"
        },
        {
            "fiscalDateEnding": "2015-12-31",
            "totalCurrentAssets": "939511000",
            "cashAndShortTermInvestments": "658237000",
            "totalCurrentLiabilities": "90984000",
            "currentDebt": "None",
            "netIncome": "25522000",
            "capitalExpenditures": "3583000",
            "operatingCashflow": "22205000",
            "grossProfit": "72799000",
            "totalRevenue": "172387000",
            "sentiment": 0,
            "surprise": "0.07",
            "closePrice": "31.7663895161738"
        },
        {
            "fiscalDateEnding": "2015-09-30",
            "totalCurrentAssets": "719362000",
            "cashAndShortTermInvestments": "391989000",
            "totalCurrentLiabilities": "107612000",
            "currentDebt": "None",
            "netIncome": "29769000",
            "capitalExpenditures": "3497000",
            "operatingCashflow": "29769000",
            "grossProfit": "94229000",
            "totalRevenue": "210053000",
            "sentiment": 0,
            "surprise": "0.03",
            "closePrice": "32.5533301494125"
        },
        {
            "fiscalDateEnding": "2015-06-30",
            "totalCurrentAssets": "687668000",
            "cashAndShortTermInvestments": "355752000",
            "totalCurrentLiabilities": "111978000",
            "currentDebt": "None",
            "netIncome": "33220000",
            "capitalExpenditures": "2830000",
            "operatingCashflow": "33220000",
            "grossProfit": "98798000",
            "totalRevenue": "217928000",
            "sentiment": 0,
            "surprise": "0.01",
            "closePrice": "32.6635638345205"
        },
        {
            "fiscalDateEnding": "2015-03-31",
            "totalCurrentAssets": "675341000",
            "cashAndShortTermInvestments": "351344000",
            "totalCurrentLiabilities": "103866000",
            "currentDebt": "None",
            "netIncome": "33786000",
            "capitalExpenditures": "2504000",
            "operatingCashflow": "35636000",
            "grossProfit": "97046000",
            "totalRevenue": "214343000",
            "sentiment": 0,
            "surprise": "0.13",
            "closePrice": "31.5010061973836"
        },
        {
            "fiscalDateEnding": "2014-12-31",
            "totalCurrentAssets": "895292000",
            "cashAndShortTermInvestments": "592232000",
            "totalCurrentLiabilities": "103627000",
            "currentDebt": "None",
            "netIncome": "34192000",
            "capitalExpenditures": "3821000",
            "operatingCashflow": "38554000",
            "grossProfit": "89434000",
            "totalRevenue": "203021000",
            "sentiment": 0,
            "surprise": "0.07",
            "closePrice": "31.666759796651"
        },
        {
            "fiscalDateEnding": "2014-09-30",
            "totalCurrentAssets": "736875000",
            "cashAndShortTermInvestments": "435498000",
            "totalCurrentLiabilities": "104868000",
            "currentDebt": "None",
            "netIncome": "29117000",
            "capitalExpenditures": "2107000",
            "operatingCashflow": "29117000",
            "grossProfit": "79325000",
            "totalRevenue": "186793000",
            "sentiment": 0,
            "surprise": "0.07",
            "closePrice": "30.0920604223662"
        },
        {
            "fiscalDateEnding": "2014-06-30",
            "totalCurrentAssets": "763028000",
            "cashAndShortTermInvestments": "464917000",
            "totalCurrentLiabilities": "92772000",
            "currentDebt": "None",
            "netIncome": "21224000",
            "capitalExpenditures": "4157000",
            "operatingCashflow": "21224000",
            "grossProfit": "79635000",
            "totalRevenue": "184685000",
            "sentiment": 0,
            "surprise": "0.14",
            "closePrice": "28.2752465098624"
        },
        {
            "fiscalDateEnding": "2014-03-31",
            "totalCurrentAssets": "895609000",
            "cashAndShortTermInvestments": "593603000",
            "totalCurrentLiabilities": "116210000",
            "currentDebt": "None",
            "netIncome": "31245000",
            "capitalExpenditures": "3098000",
            "operatingCashflow": "9903000",
            "grossProfit": "89372000",
            "totalRevenue": "206336000",
            "sentiment": 0,
            "surprise": "0.09",
            "closePrice": "26.0322595032829"
        },
        {
            "fiscalDateEnding": "2013-12-31",
            "totalCurrentAssets": "879231000",
            "cashAndShortTermInvestments": "589617000",
            "totalCurrentLiabilities": "128422000",
            "currentDebt": "None",
            "netIncome": "20237000",
            "capitalExpenditures": "3256000",
            "operatingCashflow": "34305000",
            "grossProfit": "87680000",
            "totalRevenue": "204394000",
            "sentiment": 0,
            "surprise": "0.04",
            "closePrice": "25.9926059855996"
        },
        {
            "fiscalDateEnding": "2013-09-30",
            "totalCurrentAssets": "893557000",
            "cashAndShortTermInvestments": "620654000",
            "totalCurrentLiabilities": "96161000",
            "currentDebt": "None",
            "netIncome": "2458000",
            "capitalExpenditures": "2794000",
            "operatingCashflow": "36136000",
            "grossProfit": "62234000",
            "totalRevenue": "166440000",
            "sentiment": 0,
            "surprise": "0.04",
            "closePrice": "25.6312974571921"
        },
        {
            "fiscalDateEnding": "2013-06-30",
            "totalCurrentAssets": "861688000",
            "cashAndShortTermInvestments": "582439000",
            "totalCurrentLiabilities": "79586000",
            "currentDebt": "None",
            "netIncome": "7320000",
            "capitalExpenditures": "3004000",
            "operatingCashflow": "3183000",
            "grossProfit": "61958000",
            "totalRevenue": "156905000",
            "sentiment": 0,
            "surprise": "0.01",
            "closePrice": "24.5423207722723"
        },
        {
            "fiscalDateEnding": "2013-03-31",
            "totalCurrentAssets": "858645000",
            "cashAndShortTermInvestments": "598342000",
            "totalCurrentLiabilities": "76732000",
            "currentDebt": "759000",
            "netIncome": "5761000",
            "capitalExpenditures": "3356000",
            "operatingCashflow": "2463000",
            "grossProfit": "54702000",
            "totalRevenue": "141631000",
            "sentiment": 0,
            "surprise": "0.04",
            "closePrice": "22.9561787276596"
        },
        {
            "fiscalDateEnding": "2012-12-31",
            "totalCurrentAssets": "868182000",
            "cashAndShortTermInvestments": "615241000",
            "totalCurrentLiabilities": "79311000",
            "currentDebt": "None",
            "netIncome": "4109000",
            "capitalExpenditures": "6665000",
            "operatingCashflow": "23319000",
            "grossProfit": "52601000",
            "totalRevenue": "133796000",
            "sentiment": 0,
            "surprise": "None",
            "closePrice": "24.0336290190335"
        },
        {
            "fiscalDateEnding": "2012-09-30",
            "totalCurrentAssets": "852937000",
            "cashAndShortTermInvestments": "583634000",
            "totalCurrentLiabilities": "89190000",
            "currentDebt": "4164000",
            "netIncome": "2580000",
            "capitalExpenditures": "3028000",
            "operatingCashflow": "31853000",
            "grossProfit": "56571000",
            "totalRevenue": "141415000",
            "sentiment": 0,
            "surprise": "-0.04",
            "closePrice": "20.6070917032908"
        },
        {
            "fiscalDateEnding": "2012-06-30",
            "totalCurrentAssets": "891596000",
            "cashAndShortTermInvestments": "605566000",
            "totalCurrentLiabilities": "84572000",
            "currentDebt": "None",
            "netIncome": "18572000",
            "capitalExpenditures": "3445000",
            "operatingCashflow": "54562000",
            "grossProfit": "76516000",
            "totalRevenue": "177346000",
            "sentiment": 0,
            "surprise": "-0.02",
            "closePrice": "22.6746579884208"
        },
        {
            "fiscalDateEnding": "2012-03-31",
            "totalCurrentAssets": "884109000",
            "cashAndShortTermInvestments": "569445000",
            "totalCurrentLiabilities": "87479000",
            "currentDebt": "None",
            "netIncome": "22768000",
            "capitalExpenditures": "4567000",
            "operatingCashflow": "27433000",
            "grossProfit": "83791000",
            "totalRevenue": "190859000",
            "sentiment": 0,
            "surprise": "0.05",
            "closePrice": "24.1129917232275"
        },
        {
            "fiscalDateEnding": "2011-12-31",
            "totalCurrentAssets": "884901000",
            "cashAndShortTermInvestments": "565519000",
            "totalCurrentLiabilities": "96431000",
            "currentDebt": "None",
            "netIncome": "22714000",
            "capitalExpenditures": "5876000",
            "operatingCashflow": "51392000",
            "grossProfit": "75961000",
            "totalRevenue": "171671000",
            "sentiment": 0,
            "surprise": "0.14",
            "closePrice": "26.9533620382492"
        },
        {
            "fiscalDateEnding": "2011-09-30",
            "totalCurrentAssets": "850328000",
            "cashAndShortTermInvestments": "525839000",
            "totalCurrentLiabilities": "82931000",
            "currentDebt": "None",
            "netIncome": "30373000",
            "capitalExpenditures": "3426000",
            "operatingCashflow": "45920000",
            "grossProfit": "87678000",
            "totalRevenue": "194496000",
            "sentiment": 0,
            "surprise": "0.1",
            "closePrice": "20.868657652574"
        },
        {
            "fiscalDateEnding": "2011-06-30",
            "totalCurrentAssets": "849709000",
            "cashAndShortTermInvestments": "496287000",
            "totalCurrentLiabilities": "101983000",
            "currentDebt": "None",
            "netIncome": "38601000",
            "capitalExpenditures": "3934000",
            "operatingCashflow": "31956000",
            "grossProfit": "104988000",
            "totalRevenue": "224487000",
            "sentiment": 0,
            "surprise": "0.1",
            "closePrice": "21.1158392152451"
        },
        {
            "fiscalDateEnding": "2011-03-31",
            "totalCurrentAssets": "823574000",
            "cashAndShortTermInvestments": "479120000",
            "totalCurrentLiabilities": "110052000",
            "currentDebt": "None",
            "netIncome": "38043000",
            "capitalExpenditures": "2331000",
            "operatingCashflow": "26768000",
            "grossProfit": "106361000",
            "totalRevenue": "231846000",
            "sentiment": 0,
            "surprise": "0.02",
            "closePrice": "24.7263466062179"
        },
        {
            "fiscalDateEnding": "2010-12-31",
            "totalCurrentAssets": "752895000",
            "cashAndShortTermInvestments": "431933000",
            "totalCurrentLiabilities": "109686000",
            "currentDebt": "None",
            "netIncome": "35949000",
            "capitalExpenditures": "4389000",
            "operatingCashflow": "87218000",
            "grossProfit": "97321000",
            "totalRevenue": "218927000",
            "sentiment": 0,
            "surprise": "-0.02",
            "closePrice": "24.735012298466"
        },
        {
            "fiscalDateEnding": "2010-09-30",
            "totalCurrentAssets": "707912000",
            "cashAndShortTermInvestments": "343725000",
            "totalCurrentLiabilities": "110157000",
            "currentDebt": "None",
            "netIncome": "38636000",
            "capitalExpenditures": "4803000",
            "operatingCashflow": "37079000",
            "grossProfit": "98503000",
            "totalRevenue": "221291000",
            "sentiment": 0,
            "surprise": "0.03",
            "closePrice": "16.1735332941485"
        },
        {
            "fiscalDateEnding": "2010-06-30",
            "totalCurrentAssets": "665663000",
            "cashAndShortTermInvestments": "323414000",
            "totalCurrentLiabilities": "108145000",
            "currentDebt": "None",
            "netIncome": "38777000",
            "capitalExpenditures": "3353000",
            "operatingCashflow": "22456000",
            "grossProfit": "97319000",
            "totalRevenue": "220617000",
            "sentiment": 0,
            "surprise": "0.04",
            "closePrice": "16.4983364859465"
        }
    ]
}