{
    "MLNK": [
        {
            "fiscalDateEnding": "2023-12-31",
            "totalCurrentAssets": "124427000",
            "cashAndShortTermInvestments": "80441000",
            "totalCurrentLiabilities": "55844000",
            "currentDebt": "3542000",
            "netIncome": "-29574000",
            "capitalExpenditures": "2842000",
            "operatingCashflow": "12478000",
            "grossProfit": "49549000",
            "totalRevenue": "74579000",
            "sentiment": -0.11387769063208271,
            "surprise": "-0.22",
            "closePrice": "18.89"
        },
        {
            "fiscalDateEnding": "2023-09-30",
            "totalCurrentAssets": "144196000",
            "cashAndShortTermInvestments": "97560000",
            "totalCurrentLiabilities": "69248000",
            "currentDebt": "3548000",
            "netIncome": "-2069000",
            "capitalExpenditures": "2484000",
            "operatingCashflow": "21301000",
            "grossProfit": "49476000",
            "totalRevenue": "76488000",
            "sentiment": 0.19932061369361234,
            "surprise": "0.06",
            "closePrice": "15.88"
        },
        {
            "fiscalDateEnding": "2023-06-30",
            "totalCurrentAssets": "155289000",
            "cashAndShortTermInvestments": "108872000",
            "totalCurrentLiabilities": "64779000",
            "currentDebt": "3545000",
            "netIncome": "-5230000",
            "capitalExpenditures": "2809000",
            "operatingCashflow": "6104000",
            "grossProfit": "46921000",
            "totalRevenue": "75415000",
            "sentiment": 0.07373445235593469,
            "surprise": "-0.03",
            "closePrice": "22.33"
        },
        {
            "fiscalDateEnding": "2023-03-31",
            "totalCurrentAssets": "155995000",
            "cashAndShortTermInvestments": "77796000",
            "totalCurrentLiabilities": "75684000",
            "currentDebt": "3506000",
            "netIncome": "-5666000",
            "capitalExpenditures": "2058000",
            "operatingCashflow": "28081000",
            "grossProfit": "49180000",
            "totalRevenue": "77135000",
            "sentiment": 0.290890906396344,
            "surprise": "-0.04",
            "closePrice": "14.35"
        },
        {
            "fiscalDateEnding": "2022-12-31",
            "totalCurrentAssets": "128132000",
            "cashAndShortTermInvestments": "55780000",
            "totalCurrentLiabilities": "54199000",
            "currentDebt": "3505000",
            "netIncome": "-5463000",
            "capitalExpenditures": "2152000",
            "operatingCashflow": "7352000",
            "grossProfit": "43799000",
            "totalRevenue": "70551000",
            "sentiment": 0.4496188269910469,
            "surprise": "0.02",
            "closePrice": "15.62"
        },
        {
            "fiscalDateEnding": "2022-09-30",
            "totalCurrentAssets": "190328000",
            "cashAndShortTermInvestments": "115752000",
            "totalCurrentLiabilities": "58002000",
            "currentDebt": "3367000",
            "netIncome": "-2894000",
            "capitalExpenditures": "2653000",
            "operatingCashflow": "19565000",
            "grossProfit": "43939000",
            "totalRevenue": "71754000",
            "sentiment": 0.16044638307385659,
            "surprise": "-0.02",
            "closePrice": "16.14"
        },
        {
            "fiscalDateEnding": "2022-06-30",
            "totalCurrentAssets": "173537000",
            "cashAndShortTermInvestments": "100259000",
            "totalCurrentLiabilities": "56204000",
            "currentDebt": "3362000",
            "netIncome": "2172000",
            "capitalExpenditures": "2618000",
            "operatingCashflow": "12807000",
            "grossProfit": "45761000",
            "totalRevenue": "72987000",
            "sentiment": 0.36701019056601086,
            "surprise": "0",
            "closePrice": "18.09"
        },
        {
            "fiscalDateEnding": "2022-03-31",
            "totalCurrentAssets": "188916000",
            "cashAndShortTermInvestments": "146746000",
            "totalCurrentLiabilities": "60976000",
            "currentDebt": "3256000",
            "netIncome": "7479000",
            "capitalExpenditures": "1941000",
            "operatingCashflow": "34863000",
            "grossProfit": "48216000",
            "totalRevenue": "72754000",
            "sentiment": -0.024641761940195836,
            "surprise": "0.1",
            "closePrice": "14.49"
        },
        {
            "fiscalDateEnding": "2021-12-31",
            "totalCurrentAssets": "147956000",
            "cashAndShortTermInvestments": "113645000",
            "totalCurrentLiabilities": "43848000",
            "currentDebt": "2139000",
            "netIncome": "-3213000",
            "capitalExpenditures": "1467000",
            "operatingCashflow": "20823000",
            "grossProfit": "41670000",
            "totalRevenue": "64024000",
            "sentiment": 0,
            "surprise": "-0.01",
            "closePrice": "18.58"
        },
        {
            "fiscalDateEnding": "2021-09-30",
            "totalCurrentAssets": "132306000",
            "cashAndShortTermInvestments": "93029000",
            "totalCurrentLiabilities": "44386000",
            "currentDebt": "None",
            "netIncome": "-21446000",
            "capitalExpenditures": "1513000",
            "operatingCashflow": "19103000",
            "grossProfit": "40681000",
            "totalRevenue": "67367000",
            "sentiment": 0,
            "surprise": "0.03",
            "closePrice": "24.75"
        },
        {
            "fiscalDateEnding": "2021-06-30",
            "totalCurrentAssets": "69865000",
            "cashAndShortTermInvestments": "29236000",
            "totalCurrentLiabilities": "49123000",
            "currentDebt": "1757000",
            "netIncome": "7432000",
            "capitalExpenditures": "1720000",
            "operatingCashflow": "21212000",
            "grossProfit": "47368000",
            "totalRevenue": "68474000",
            "sentiment": 0,
            "surprise": "0.08",
            "closePrice": "28.46"
        }
    ]
}