{
    "MODN": [
        {
            "fiscalDateEnding": "2023-12-31",
            "totalCurrentAssets": "401544000",
            "cashAndShortTermInvestments": "303375000",
            "totalCurrentLiabilities": "100278000",
            "currentDebt": "None",
            "netIncome": "-1798000",
            "capitalExpenditures": "99000",
            "operatingCashflow": "2105000",
            "grossProfit": "35622000",
            "totalRevenue": "63491000",
            "sentiment": 0.21161605259284852,
            "surprise": "-0.01",
            "closePrice": "26.96"
        },
        {
            "fiscalDateEnding": "2023-09-30",
            "totalCurrentAssets": "383906000",
            "cashAndShortTermInvestments": "301355000",
            "totalCurrentLiabilities": "93477000",
            "currentDebt": "None",
            "netIncome": "629000",
            "capitalExpenditures": "210000",
            "operatingCashflow": "133000",
            "grossProfit": "36907000",
            "totalRevenue": "63969000",
            "sentiment": 0.23929652027960222,
            "surprise": "0.01",
            "closePrice": "25.36"
        },
        {
            "fiscalDateEnding": "2023-06-30",
            "totalCurrentAssets": "364319000",
            "cashAndShortTermInvestments": "299581000",
            "totalCurrentLiabilities": "88305000",
            "currentDebt": "None",
            "netIncome": "2818000",
            "capitalExpenditures": "131000",
            "operatingCashflow": "29614000",
            "grossProfit": "36471000",
            "totalRevenue": "63736000",
            "sentiment": 0.19469580180399745,
            "surprise": "0.11",
            "closePrice": "31.87"
        },
        {
            "fiscalDateEnding": "2023-03-31",
            "totalCurrentAssets": "358250000",
            "cashAndShortTermInvestments": "270643000",
            "totalCurrentLiabilities": "96856000",
            "currentDebt": "None",
            "netIncome": "-33319000",
            "capitalExpenditures": "80000",
            "operatingCashflow": "12142000",
            "grossProfit": "34984000",
            "totalRevenue": "62604000",
            "sentiment": 0.32306418512843543,
            "surprise": "0.05",
            "closePrice": "30.01"
        },
        {
            "fiscalDateEnding": "2022-12-31",
            "totalCurrentAssets": "260792000",
            "cashAndShortTermInvestments": "175194000",
            "totalCurrentLiabilities": "91476000",
            "currentDebt": "None",
            "netIncome": "-4050000",
            "capitalExpenditures": "26000",
            "operatingCashflow": "-18292000",
            "grossProfit": "32883000",
            "totalRevenue": "59154000",
            "sentiment": 0.28093054890885455,
            "surprise": "0.01",
            "closePrice": "40.81"
        },
        {
            "fiscalDateEnding": "2022-09-30",
            "totalCurrentAssets": "261536000",
            "cashAndShortTermInvestments": "193524000",
            "totalCurrentLiabilities": "106928000",
            "currentDebt": "None",
            "netIncome": "-8112000",
            "capitalExpenditures": "507000",
            "operatingCashflow": "7954000",
            "grossProfit": "32559000",
            "totalRevenue": "58170000",
            "sentiment": 0.23699266338506167,
            "surprise": "0.01",
            "closePrice": "36.17"
        },
        {
            "fiscalDateEnding": "2022-06-30",
            "totalCurrentAssets": "236449000",
            "cashAndShortTermInvestments": "184486000",
            "totalCurrentLiabilities": "87548000",
            "currentDebt": "None",
            "netIncome": "-6218000",
            "capitalExpenditures": "137000",
            "operatingCashflow": "14405000",
            "grossProfit": "31365000",
            "totalRevenue": "56172000",
            "sentiment": 0.01054273332165113,
            "surprise": "0.08",
            "closePrice": "26.19"
        },
        {
            "fiscalDateEnding": "2022-03-31",
            "totalCurrentAssets": "228151000",
            "cashAndShortTermInvestments": "170457000",
            "totalCurrentLiabilities": "84989000",
            "currentDebt": "None",
            "netIncome": "-8039000",
            "capitalExpenditures": "24000",
            "operatingCashflow": "12613000",
            "grossProfit": "29229000",
            "totalRevenue": "53280000",
            "sentiment": -0.07702895022667466,
            "surprise": "0.06",
            "closePrice": "22.47"
        },
        {
            "fiscalDateEnding": "2021-12-31",
            "totalCurrentAssets": "217597000",
            "cashAndShortTermInvestments": "155513000",
            "totalCurrentLiabilities": "79974000",
            "currentDebt": "None",
            "netIncome": "-6266000",
            "capitalExpenditures": "325000",
            "operatingCashflow": "-9685000",
            "grossProfit": "28891000",
            "totalRevenue": "51542000",
            "sentiment": 0,
            "surprise": "0.06",
            "closePrice": "25.97"
        },
        {
            "fiscalDateEnding": "2021-09-30",
            "totalCurrentAssets": "222330000",
            "cashAndShortTermInvestments": "165467000",
            "totalCurrentLiabilities": "96459000",
            "currentDebt": "None",
            "netIncome": "-6069000",
            "capitalExpenditures": "213000",
            "operatingCashflow": "9900000",
            "grossProfit": "28776000",
            "totalRevenue": "51481000",
            "sentiment": 0,
            "surprise": "0.08",
            "closePrice": "36.9"
        },
        {
            "fiscalDateEnding": "2021-06-30",
            "totalCurrentAssets": "213886000",
            "cashAndShortTermInvestments": "153766000",
            "totalCurrentLiabilities": "94827000",
            "currentDebt": "None",
            "netIncome": "-7829000",
            "capitalExpenditures": "97000",
            "operatingCashflow": "6561000",
            "grossProfit": "27588000",
            "totalRevenue": "51038000",
            "sentiment": 0,
            "surprise": "0.14",
            "closePrice": "32.59"
        },
        {
            "fiscalDateEnding": "2021-03-31",
            "totalCurrentAssets": "199822000",
            "cashAndShortTermInvestments": "148345000",
            "totalCurrentLiabilities": "82144000",
            "currentDebt": "None",
            "netIncome": "-10686000",
            "capitalExpenditures": "409000",
            "operatingCashflow": "3350000",
            "grossProfit": "24815000",
            "totalRevenue": "48192000",
            "sentiment": 0,
            "surprise": "0.09",
            "closePrice": "36.1"
        },
        {
            "fiscalDateEnding": "2020-12-31",
            "totalCurrentAssets": "193779000",
            "cashAndShortTermInvestments": "143517000",
            "totalCurrentLiabilities": "79909000",
            "currentDebt": "None",
            "netIncome": "-5153000",
            "capitalExpenditures": "336000",
            "operatingCashflow": "-221000",
            "grossProfit": "25618000",
            "totalRevenue": "42734000",
            "sentiment": 0,
            "surprise": "0.09",
            "closePrice": "40.73"
        },
        {
            "fiscalDateEnding": "2020-09-30",
            "totalCurrentAssets": "246398000",
            "cashAndShortTermInvestments": "200491000",
            "totalCurrentLiabilities": "77666000",
            "currentDebt": "None",
            "netIncome": "-3657000",
            "capitalExpenditures": "389000",
            "operatingCashflow": "7184000",
            "grossProfit": "24872000",
            "totalRevenue": "41460000",
            "sentiment": 0,
            "surprise": "0.05",
            "closePrice": "35.47"
        },
        {
            "fiscalDateEnding": "2020-06-30",
            "totalCurrentAssets": "232234000",
            "cashAndShortTermInvestments": "192372000",
            "totalCurrentLiabilities": "70121000",
            "currentDebt": "2036000",
            "netIncome": "-2380000",
            "capitalExpenditures": "92000",
            "operatingCashflow": "3787000",
            "grossProfit": "25183000",
            "totalRevenue": "41256000",
            "sentiment": 0,
            "surprise": "0.09",
            "closePrice": "41.25"
        },
        {
            "fiscalDateEnding": "2020-03-31",
            "totalCurrentAssets": "95976000",
            "cashAndShortTermInvestments": "61283000",
            "totalCurrentLiabilities": "67997000",
            "currentDebt": "3537000",
            "netIncome": "-4629000",
            "capitalExpenditures": "69000",
            "operatingCashflow": "8426000",
            "grossProfit": "23469000",
            "totalRevenue": "39952000",
            "sentiment": 0,
            "surprise": "0.05",
            "closePrice": "27.48"
        },
        {
            "fiscalDateEnding": "2019-12-31",
            "totalCurrentAssets": "94558000",
            "cashAndShortTermInvestments": "55789000",
            "totalCurrentLiabilities": "70684000",
            "currentDebt": "8190000",
            "netIncome": "-2998000",
            "capitalExpenditures": "29000",
            "operatingCashflow": "-4991000",
            "grossProfit": "22036000",
            "totalRevenue": "38388000",
            "sentiment": 0,
            "surprise": "0.06",
            "closePrice": "31.84"
        },
        {
            "fiscalDateEnding": "2019-09-30",
            "totalCurrentAssets": "94548000",
            "cashAndShortTermInvestments": "60780000",
            "totalCurrentLiabilities": "76348000",
            "currentDebt": "4911000",
            "netIncome": "-5655000",
            "capitalExpenditures": "53000",
            "operatingCashflow": "5649000",
            "grossProfit": "19650000",
            "totalRevenue": "36603000",
            "sentiment": 0,
            "surprise": "0.04",
            "closePrice": "29.43"
        },
        {
            "fiscalDateEnding": "2019-06-30",
            "totalCurrentAssets": "89034000",
            "cashAndShortTermInvestments": "58529000",
            "totalCurrentLiabilities": "67000000",
            "currentDebt": "4828000",
            "netIncome": "-3004000",
            "capitalExpenditures": "60000",
            "operatingCashflow": "4336000",
            "grossProfit": "18848000",
            "totalRevenue": "34712000",
            "sentiment": 0,
            "surprise": "0.05",
            "closePrice": "21.8"
        },
        {
            "fiscalDateEnding": "2019-03-31",
            "totalCurrentAssets": "77603000",
            "cashAndShortTermInvestments": "54090000",
            "totalCurrentLiabilities": "57613000",
            "currentDebt": "4747000",
            "netIncome": "-5908000",
            "capitalExpenditures": "26000",
            "operatingCashflow": "4726000",
            "grossProfit": "18097000",
            "totalRevenue": "34843000",
            "sentiment": 0,
            "surprise": "0.04",
            "closePrice": "18.07"
        },
        {
            "fiscalDateEnding": "2018-12-31",
            "totalCurrentAssets": "84485000",
            "cashAndShortTermInvestments": "52178000",
            "totalCurrentLiabilities": "59532000",
            "currentDebt": "1750000",
            "netIncome": "-4726000",
            "capitalExpenditures": "141000",
            "operatingCashflow": "-4261000",
            "grossProfit": "18510000",
            "totalRevenue": "35077000",
            "sentiment": 0,
            "surprise": "0.09",
            "closePrice": "15.55"
        },
        {
            "fiscalDateEnding": "2018-09-30",
            "totalCurrentAssets": "89063000",
            "cashAndShortTermInvestments": "56704000",
            "totalCurrentLiabilities": "72608000",
            "currentDebt": "1375000",
            "netIncome": "-3619000",
            "capitalExpenditures": "87000",
            "operatingCashflow": "3165000",
            "grossProfit": "21887000",
            "totalRevenue": "36714000",
            "sentiment": 0,
            "surprise": "0.08",
            "closePrice": "14.95"
        },
        {
            "fiscalDateEnding": "2018-06-30",
            "totalCurrentAssets": "93064000",
            "cashAndShortTermInvestments": "57645000",
            "totalCurrentLiabilities": "78697000",
            "currentDebt": "5995000",
            "netIncome": "-15435000",
            "capitalExpenditures": "74000",
            "operatingCashflow": "4384000",
            "grossProfit": "23172000",
            "totalRevenue": "39617000",
            "sentiment": 0,
            "surprise": "0.03",
            "closePrice": "18.45"
        },
        {
            "fiscalDateEnding": "2018-03-31",
            "totalCurrentAssets": "91532000",
            "cashAndShortTermInvestments": "55229000",
            "totalCurrentLiabilities": "76262000",
            "currentDebt": "5225000",
            "netIncome": "-3896000",
            "capitalExpenditures": "31000",
            "operatingCashflow": "4715000",
            "grossProfit": "21981000",
            "totalRevenue": "39234000",
            "sentiment": 0,
            "surprise": "0.06",
            "closePrice": "17.85"
        },
        {
            "fiscalDateEnding": "2017-12-31",
            "totalCurrentAssets": "91005000",
            "cashAndShortTermInvestments": "48324000",
            "totalCurrentLiabilities": "79377000",
            "currentDebt": "4831000",
            "netIncome": "-5257000",
            "capitalExpenditures": "60000",
            "operatingCashflow": "-9741000",
            "grossProfit": "22258000",
            "totalRevenue": "39067000",
            "sentiment": 0,
            "surprise": "0.09",
            "closePrice": "13.75"
        },
        {
            "fiscalDateEnding": "2017-09-30",
            "totalCurrentAssets": "87088000",
            "cashAndShortTermInvestments": "57558000",
            "totalCurrentLiabilities": "76916000",
            "currentDebt": "4753000",
            "netIncome": "-9022000",
            "capitalExpenditures": "103000",
            "operatingCashflow": "4299000",
            "grossProfit": "20142000",
            "totalRevenue": "35605000",
            "sentiment": 0,
            "surprise": "0.02",
            "closePrice": "13.75"
        },
        {
            "fiscalDateEnding": "2017-06-30",
            "totalCurrentAssets": "89982000",
            "cashAndShortTermInvestments": "51831000",
            "totalCurrentLiabilities": "73459000",
            "currentDebt": "None",
            "netIncome": "-10435000",
            "capitalExpenditures": "118000",
            "operatingCashflow": "7129000",
            "grossProfit": "18472000",
            "totalRevenue": "34244000",
            "sentiment": 0,
            "surprise": "0.02",
            "closePrice": "13.1"
        },
        {
            "fiscalDateEnding": "2017-03-31",
            "totalCurrentAssets": "86200000",
            "cashAndShortTermInvestments": "53682000",
            "totalCurrentLiabilities": "65070000",
            "currentDebt": "None",
            "netIncome": "-12490000",
            "capitalExpenditures": "38000",
            "operatingCashflow": "-11490000",
            "grossProfit": "17218000",
            "totalRevenue": "33257000",
            "sentiment": 0,
            "surprise": "0.02",
            "closePrice": "11.75"
        },
        {
            "fiscalDateEnding": "2016-12-31",
            "totalCurrentAssets": "77379000",
            "cashAndShortTermInvestments": "52446000",
            "totalCurrentLiabilities": "39111000",
            "currentDebt": "None",
            "netIncome": "-7600000",
            "capitalExpenditures": "469000",
            "operatingCashflow": "-16458000",
            "grossProfit": "14241000",
            "totalRevenue": "28063000",
            "sentiment": 0,
            "surprise": "0.02",
            "closePrice": "9.2"
        },
        {
            "fiscalDateEnding": "2016-09-30",
            "totalCurrentAssets": "92832000",
            "cashAndShortTermInvestments": "66149000",
            "totalCurrentLiabilities": "44244000",
            "currentDebt": "None",
            "netIncome": "-7756000",
            "capitalExpenditures": "665000",
            "operatingCashflow": "3216000",
            "grossProfit": "14934000",
            "totalRevenue": "28508000",
            "sentiment": 0,
            "surprise": "0.02",
            "closePrice": "10.1"
        },
        {
            "fiscalDateEnding": "2016-06-30",
            "totalCurrentAssets": "96048000",
            "cashAndShortTermInvestments": "70125000",
            "totalCurrentLiabilities": "46606000",
            "currentDebt": "None",
            "netIncome": "-8646000",
            "capitalExpenditures": "791000",
            "operatingCashflow": "-7446000",
            "grossProfit": "14066000",
            "totalRevenue": "27917000",
            "sentiment": 0,
            "surprise": "0.04",
            "closePrice": "13.76"
        },
        {
            "fiscalDateEnding": "2016-03-31",
            "totalCurrentAssets": "97047000",
            "cashAndShortTermInvestments": "69995000",
            "totalCurrentLiabilities": "43207000",
            "currentDebt": "None",
            "netIncome": "-8910000",
            "capitalExpenditures": "829000",
            "operatingCashflow": "-7710000",
            "grossProfit": "12220000",
            "totalRevenue": "26059000",
            "sentiment": 0,
            "surprise": "0.04",
            "closePrice": "10.76"
        },
        {
            "fiscalDateEnding": "2015-12-31",
            "totalCurrentAssets": "96675000",
            "cashAndShortTermInvestments": "70353000",
            "totalCurrentLiabilities": "38519000",
            "currentDebt": "None",
            "netIncome": "-7799000",
            "capitalExpenditures": "889000",
            "operatingCashflow": "-14580000",
            "grossProfit": "12058000",
            "totalRevenue": "24487000",
            "sentiment": 0,
            "surprise": "0.01",
            "closePrice": "9.93"
        },
        {
            "fiscalDateEnding": "2015-09-30",
            "totalCurrentAssets": "110961000",
            "cashAndShortTermInvestments": "91019000",
            "totalCurrentLiabilities": "36147000",
            "currentDebt": "None",
            "netIncome": "-4955000",
            "capitalExpenditures": "975000",
            "operatingCashflow": "-2862000",
            "grossProfit": "13846000",
            "totalRevenue": "25381000",
            "sentiment": 0,
            "surprise": "0.01",
            "closePrice": "10.53"
        },
        {
            "fiscalDateEnding": "2015-06-30",
            "totalCurrentAssets": "118005000",
            "cashAndShortTermInvestments": "93811000",
            "totalCurrentLiabilities": "42411000",
            "currentDebt": "None",
            "netIncome": "-5786000",
            "capitalExpenditures": "1359000",
            "operatingCashflow": "-5786000",
            "grossProfit": "12662000",
            "totalRevenue": "23610000",
            "sentiment": 0,
            "surprise": "0.01",
            "closePrice": "10.98"
        },
        {
            "fiscalDateEnding": "2015-03-31",
            "totalCurrentAssets": "113490000",
            "cashAndShortTermInvestments": "93159000",
            "totalCurrentLiabilities": "35642000",
            "currentDebt": "None",
            "netIncome": "-4599000",
            "capitalExpenditures": "999000",
            "operatingCashflow": "-4599000",
            "grossProfit": "13116000",
            "totalRevenue": "22676000",
            "sentiment": 0,
            "surprise": "0.03",
            "closePrice": "11.48"
        },
        {
            "fiscalDateEnding": "2014-12-31",
            "totalCurrentAssets": "115788000",
            "cashAndShortTermInvestments": "96414000",
            "totalCurrentLiabilities": "36582000",
            "currentDebt": "None",
            "netIncome": "-4299000",
            "capitalExpenditures": "1273000",
            "operatingCashflow": "-10233000",
            "grossProfit": "12575000",
            "totalRevenue": "22101000",
            "sentiment": 0,
            "surprise": "0.03",
            "closePrice": "11.18"
        },
        {
            "fiscalDateEnding": "2014-09-30",
            "totalCurrentAssets": "118874000",
            "cashAndShortTermInvestments": "101006000",
            "totalCurrentLiabilities": "36504000",
            "currentDebt": "None",
            "netIncome": "-5926000",
            "capitalExpenditures": "713000",
            "operatingCashflow": "-13545000",
            "grossProfit": "11406000",
            "totalRevenue": "20278000",
            "sentiment": 0,
            "surprise": "0.04",
            "closePrice": "10.1"
        },
        {
            "fiscalDateEnding": "2014-06-30",
            "totalCurrentAssets": "124241000",
            "cashAndShortTermInvestments": "103170000",
            "totalCurrentLiabilities": "40079000",
            "currentDebt": "26000",
            "netIncome": "-6800000",
            "capitalExpenditures": "985000",
            "operatingCashflow": "-4140000",
            "grossProfit": "10155000",
            "totalRevenue": "19269000",
            "sentiment": 0,
            "surprise": "-0.01",
            "closePrice": "9.67"
        },
        {
            "fiscalDateEnding": "2014-03-31",
            "totalCurrentAssets": "125568000",
            "cashAndShortTermInvestments": "101724000",
            "totalCurrentLiabilities": "36583000",
            "currentDebt": "97000",
            "netIncome": "-5032000",
            "capitalExpenditures": "437000",
            "operatingCashflow": "-3945000",
            "grossProfit": "10837000",
            "totalRevenue": "20650000",
            "sentiment": 0,
            "surprise": "0.08",
            "closePrice": "9.04"
        },
        {
            "fiscalDateEnding": "2013-12-31",
            "totalCurrentAssets": "122626000",
            "cashAndShortTermInvestments": "102787000",
            "totalCurrentLiabilities": "34823000",
            "currentDebt": "191000",
            "netIncome": "-3123000",
            "capitalExpenditures": "81000",
            "operatingCashflow": "-1800000",
            "grossProfit": "11614000",
            "totalRevenue": "21559000",
            "sentiment": 0,
            "surprise": "0.09",
            "closePrice": "10.26"
        },
        {
            "fiscalDateEnding": "2013-09-30",
            "totalCurrentAssets": "123548000",
            "cashAndShortTermInvestments": "103350000",
            "totalCurrentLiabilities": "36706000",
            "currentDebt": "318000",
            "netIncome": "748000",
            "capitalExpenditures": "581000",
            "operatingCashflow": "270000",
            "grossProfit": "15631000",
            "totalRevenue": "27757000",
            "sentiment": 0,
            "surprise": "0.12",
            "closePrice": "8.76"
        },
        {
            "fiscalDateEnding": "2013-06-30",
            "totalCurrentAssets": "128666000",
            "cashAndShortTermInvestments": "105137000",
            "totalCurrentLiabilities": "42511000",
            "currentDebt": "433000",
            "netIncome": "1535000",
            "capitalExpenditures": "339000",
            "operatingCashflow": "1833000",
            "grossProfit": "14855000",
            "totalRevenue": "27247000",
            "sentiment": 0,
            "surprise": "0.16",
            "closePrice": "22.72"
        },
        {
            "fiscalDateEnding": "2013-03-31",
            "totalCurrentAssets": "127252000",
            "cashAndShortTermInvestments": "109087000",
            "totalCurrentLiabilities": "44391000",
            "currentDebt": "3019000",
            "netIncome": "-1896000",
            "capitalExpenditures": "1139000",
            "operatingCashflow": "-1401000",
            "grossProfit": "12978000",
            "totalRevenue": "24559000",
            "sentiment": 0,
            "surprise": "0.09",
            "closePrice": "19.83"
        }
    ]
}