{
    "MRVL": [
        {
            "fiscalDateEnding": "2024-02-03",
            "totalCurrentAssets": "3062700000",
            "cashAndShortTermInvestments": "950800000",
            "totalCurrentLiabilities": "1814200000",
            "currentDebt": "107300000",
            "netIncome": "-392700000",
            "capitalExpenditures": "81600000",
            "operatingCashflow": "546600000",
            "grossProfit": "664100000",
            "totalRevenue": "1373900000",
            "sentiment": 0.18166780629191268,
            "surprise": "0",
            "closePrice": "85.09"
        },
        {
            "fiscalDateEnding": "2023-10-28",
            "totalCurrentAssets": "2973200000",
            "cashAndShortTermInvestments": "725600000",
            "totalCurrentLiabilities": "1879600000",
            "currentDebt": "96300000",
            "netIncome": "-164300000",
            "capitalExpenditures": "54700000",
            "operatingCashflow": "503000000",
            "grossProfit": "551200000",
            "totalRevenue": "1366000000",
            "sentiment": 0.15705910982272303,
            "surprise": "0.01",
            "closePrice": "58.07"
        },
        {
            "fiscalDateEnding": "2023-07-29",
            "totalCurrentAssets": "2767200000",
            "cashAndShortTermInvestments": "423400000",
            "totalCurrentLiabilities": "2685200000",
            "currentDebt": "1018600000",
            "netIncome": "-207500000",
            "capitalExpenditures": "111300000",
            "operatingCashflow": "112500000",
            "grossProfit": "521100000",
            "totalRevenue": "1287100000",
            "sentiment": 0.19714830701165803,
            "surprise": "0.01",
            "closePrice": "57.166272364153"
        },
        {
            "fiscalDateEnding": "2023-04-29",
            "totalCurrentAssets": "3202900000",
            "cashAndShortTermInvestments": "1000000000",
            "totalCurrentLiabilities": "3061400000",
            "currentDebt": "1517600000",
            "netIncome": "-168900000",
            "capitalExpenditures": "102600000",
            "operatingCashflow": "208400000",
            "grossProfit": "557200000",
            "totalRevenue": "1269000000",
            "sentiment": 0.11707121843183944,
            "surprise": "0.02",
            "closePrice": "49.3128588686999"
        },
        {
            "fiscalDateEnding": "2023-01-28",
            "totalCurrentAssets": "3281100000",
            "cashAndShortTermInvestments": "911000000",
            "totalCurrentLiabilities": "2386700000",
            "currentDebt": "1168800000",
            "netIncome": "-15400000",
            "capitalExpenditures": "56000000",
            "operatingCashflow": "351500000",
            "grossProfit": "673300000",
            "totalRevenue": "1369200000",
            "sentiment": 0.12851410281516587,
            "surprise": "-0.01",
            "closePrice": "46.014284230726"
        },
        {
            "fiscalDateEnding": "2022-10-29",
            "totalCurrentAssets": "3179300000",
            "cashAndShortTermInvestments": "723400000",
            "totalCurrentLiabilities": "2420200000",
            "currentDebt": "584000000",
            "netIncome": "13300000",
            "capitalExpenditures": "47600000",
            "operatingCashflow": "411000000",
            "grossProfit": "777300000",
            "totalRevenue": "1492100000",
            "sentiment": 0.10152148445585166,
            "surprise": "-0.02",
            "closePrice": "45.1101119526393"
        },
        {
            "fiscalDateEnding": "2022-07-30",
            "totalCurrentAssets": "2915000000",
            "cashAndShortTermInvestments": "617100000",
            "totalCurrentLiabilities": "2155800000",
            "currentDebt": "653500000",
            "netIncome": "4300000",
            "capitalExpenditures": "75200000",
            "operatingCashflow": "331500000",
            "grossProfit": "786000000",
            "totalRevenue": "1477100000",
            "sentiment": 0.08750936055646549,
            "surprise": "0.01",
            "closePrice": "54.6698450700169"
        },
        {
            "fiscalDateEnding": "2022-04-30",
            "totalCurrentAssets": "2598900000",
            "cashAndShortTermInvestments": "465000000",
            "totalCurrentLiabilities": "1554100000",
            "currentDebt": "74100000",
            "netIncome": "-165700000",
            "capitalExpenditures": "38500000",
            "operatingCashflow": "194800000",
            "grossProfit": "750900000",
            "totalRevenue": "1410600000",
            "sentiment": 0.03275932227081024,
            "surprise": "0.01",
            "closePrice": "56.4826299228765"
        },
        {
            "fiscalDateEnding": "2022-01-29",
            "totalCurrentAssets": "2493400000",
            "cashAndShortTermInvestments": "613500000",
            "totalCurrentLiabilities": "1388600000",
            "currentDebt": "126332000",
            "netIncome": "6200000",
            "capitalExpenditures": "47267000",
            "operatingCashflow": "346200000",
            "grossProfit": "686400000",
            "totalRevenue": "1306902000",
            "sentiment": 0,
            "surprise": "0.02",
            "closePrice": "64.5605426884515"
        },
        {
            "fiscalDateEnding": "2021-10-30",
            "totalCurrentAssets": "2244814000",
            "cashAndShortTermInvestments": "523500000",
            "totalCurrentLiabilities": "1237537000",
            "currentDebt": "52205000",
            "netIncome": "-62600000",
            "capitalExpenditures": "79535000",
            "operatingCashflow": "264700000",
            "grossProfit": "587800000",
            "totalRevenue": "1175822000",
            "sentiment": 0,
            "surprise": "0.04",
            "closePrice": "70.284059373274"
        },
        {
            "fiscalDateEnding": "2021-07-31",
            "totalCurrentAssets": "1908477000",
            "cashAndShortTermInvestments": "559600000",
            "totalCurrentLiabilities": "1084433000",
            "currentDebt": "41390000",
            "netIncome": "-276400000",
            "capitalExpenditures": "35519000",
            "operatingCashflow": "222100000",
            "grossProfit": "371800000",
            "totalRevenue": "1042067000",
            "sentiment": 0,
            "surprise": "0.03",
            "closePrice": "62.5182918269888"
        },
        {
            "fiscalDateEnding": "2021-05-01",
            "totalCurrentAssets": "1887811000",
            "cashAndShortTermInvestments": "522500000",
            "totalCurrentLiabilities": "1160103000",
            "currentDebt": "None",
            "netIncome": "-88200000",
            "capitalExpenditures": "24800000",
            "operatingCashflow": "-13700000",
            "grossProfit": "418200000",
            "totalRevenue": "797200000",
            "sentiment": 0,
            "surprise": "0.02",
            "closePrice": "47.6683044944335"
        }
    ]
}