{
    "MSFT": [
        {
            "fiscalDateEnding": "2023-12-31",
            "totalCurrentAssets": "147393000000",
            "cashAndShortTermInvestments": "81017000000",
            "totalCurrentLiabilities": "121016000000",
            "currentDebt": "29291000000",
            "netIncome": "21870000000",
            "capitalExpenditures": "9735000000",
            "operatingCashflow": "18853000000",
            "grossProfit": "42397000000",
            "totalRevenue": "60849000000",
            "sentiment": 0.14326303753211814,
            "surprise": "0.15",
            "closePrice": "407.843016526911"
        },
        {
            "fiscalDateEnding": "2023-09-30",
            "totalCurrentAssets": "207586000000",
            "cashAndShortTermInvestments": "143951000000",
            "totalCurrentLiabilities": "124792000000",
            "currentDebt": "29556000000",
            "netIncome": "22291000000",
            "capitalExpenditures": "9917000000",
            "operatingCashflow": "30583000000",
            "grossProfit": "40215000000",
            "totalRevenue": "56029000000",
            "sentiment": 0.12155087052029626,
            "surprise": "0.34",
            "closePrice": "329.25771559164"
        },
        {
            "fiscalDateEnding": "2023-06-30",
            "totalCurrentAssets": "184257000000",
            "cashAndShortTermInvestments": "111262000000",
            "totalCurrentLiabilities": "104149000000",
            "currentDebt": "5247000000",
            "netIncome": "20081000000",
            "capitalExpenditures": "8943000000",
            "operatingCashflow": "28770000000",
            "grossProfit": "39394000000",
            "totalRevenue": "55659000000",
            "sentiment": 0.16956911411361889,
            "surprise": "0.14",
            "closePrice": "348.888536374521"
        },
        {
            "fiscalDateEnding": "2023-03-31",
            "totalCurrentAssets": "163889000000",
            "cashAndShortTermInvestments": "104427000000",
            "totalCurrentLiabilities": "85691000000",
            "currentDebt": "6245000000",
            "netIncome": "18299000000",
            "capitalExpenditures": "6607000000",
            "operatingCashflow": "24441000000",
            "grossProfit": "36729000000",
            "totalRevenue": "52405000000",
            "sentiment": 0.1396628040866187,
            "surprise": "0.22",
            "closePrice": "273.187177232237"
        },
        {
            "fiscalDateEnding": "2022-12-31",
            "totalCurrentAssets": "157823000000",
            "cashAndShortTermInvestments": "99508000000",
            "totalCurrentLiabilities": "81718000000",
            "currentDebt": "3997000000",
            "netIncome": "16425000000",
            "capitalExpenditures": "6274000000",
            "operatingCashflow": "11173000000",
            "grossProfit": "35259000000",
            "totalRevenue": "52032000000",
            "sentiment": 0.169099483769818,
            "surprise": "0.03",
            "closePrice": "239.473147667965"
        },
        {
            "fiscalDateEnding": "2022-09-30",
            "totalCurrentAssets": "160812000000",
            "cashAndShortTermInvestments": "107262000000",
            "totalCurrentLiabilities": "87389000000",
            "currentDebt": "3248000000",
            "netIncome": "17556000000",
            "capitalExpenditures": "6283000000",
            "operatingCashflow": "23198000000",
            "grossProfit": "34670000000",
            "totalRevenue": "49636000000",
            "sentiment": 0.12971621776373637,
            "surprise": "0.05",
            "closePrice": "247.306046192633"
        },
        {
            "fiscalDateEnding": "2022-06-30",
            "totalCurrentAssets": "169684000000",
            "cashAndShortTermInvestments": "104757000000",
            "totalCurrentLiabilities": "95082000000",
            "currentDebt": "2749000000",
            "netIncome": "16740000000",
            "capitalExpenditures": "6871000000",
            "operatingCashflow": "24629000000",
            "grossProfit": "35436000000",
            "totalRevenue": "51406000000",
            "sentiment": 0.023315309941853272,
            "surprise": "-0.06",
            "closePrice": "248.001646403996"
        },
        {
            "fiscalDateEnding": "2022-03-31",
            "totalCurrentAssets": "153922000000",
            "cashAndShortTermInvestments": "104693000000",
            "totalCurrentLiabilities": "77439000000",
            "currentDebt": "1749000000",
            "netIncome": "16728000000",
            "capitalExpenditures": "5340000000",
            "operatingCashflow": "25386000000",
            "grossProfit": "33745000000",
            "totalRevenue": "48732000000",
            "sentiment": 0.003059514991306901,
            "surprise": "0.03",
            "closePrice": "265.39053009111"
        },
        {
            "fiscalDateEnding": "2021-12-31",
            "totalCurrentAssets": "174188000000",
            "cashAndShortTermInvestments": "125369000000",
            "totalCurrentLiabilities": "77510000000",
            "currentDebt": "4998000000",
            "netIncome": "18765000000",
            "capitalExpenditures": "5865000000",
            "operatingCashflow": "14480000000",
            "grossProfit": "34768000000",
            "totalRevenue": "51228000000",
            "sentiment": 0,
            "surprise": "0.17",
            "closePrice": "282.748679212132"
        },
        {
            "fiscalDateEnding": "2021-09-30",
            "totalCurrentAssets": "174326000000",
            "cashAndShortTermInvestments": "130615000000",
            "totalCurrentLiabilities": "80528000000",
            "currentDebt": "3249000000",
            "netIncome": "20505000000",
            "capitalExpenditures": "5810000000",
            "operatingCashflow": "24540000000",
            "grossProfit": "31671000000",
            "totalRevenue": "44743000000",
            "sentiment": 0,
            "surprise": "0.2",
            "closePrice": "303.383748707702"
        },
        {
            "fiscalDateEnding": "2021-06-30",
            "totalCurrentAssets": "184406000000",
            "cashAndShortTermInvestments": "130334000000",
            "totalCurrentLiabilities": "88657000000",
            "currentDebt": "8072000000",
            "netIncome": "16458000000",
            "capitalExpenditures": "6452000000",
            "operatingCashflow": "22710000000",
            "grossProfit": "32161000000",
            "totalRevenue": "45595000000",
            "sentiment": 0,
            "surprise": "0.25",
            "closePrice": "279.786059440324"
        },
        {
            "fiscalDateEnding": "2021-03-31",
            "totalCurrentAssets": "165614000000",
            "cashAndShortTermInvestments": "125407000000",
            "totalCurrentLiabilities": "72193000000",
            "currentDebt": "8051000000",
            "netIncome": "15457000000",
            "capitalExpenditures": "5089000000",
            "operatingCashflow": "22179000000",
            "grossProfit": "28661000000",
            "totalRevenue": "41059000000",
            "sentiment": 0,
            "surprise": "0.17",
            "closePrice": "255.207348998905"
        },
        {
            "fiscalDateEnding": "2020-12-31",
            "totalCurrentAssets": "173973000000",
            "cashAndShortTermInvestments": "131968000000",
            "totalCurrentLiabilities": "67486000000",
            "currentDebt": "5387000000",
            "netIncome": "15463000000",
            "capitalExpenditures": "4174000000",
            "operatingCashflow": "12516000000",
            "grossProfit": "28882000000",
            "totalRevenue": "42558000000",
            "sentiment": 0,
            "surprise": "0.39",
            "closePrice": "225.814655085077"
        },
        {
            "fiscalDateEnding": "2020-09-30",
            "totalCurrentAssets": "177077000000",
            "cashAndShortTermInvestments": "137977000000",
            "totalCurrentLiabilities": "70056000000",
            "currentDebt": "6497000000",
            "netIncome": "13893000000",
            "capitalExpenditures": "4907000000",
            "operatingCashflow": "19335000000",
            "grossProfit": "26152000000",
            "totalRevenue": "36724000000",
            "sentiment": 0,
            "surprise": "0.28",
            "closePrice": "206.721288706165"
        },
        {
            "fiscalDateEnding": "2020-06-30",
            "totalCurrentAssets": "181915000000",
            "cashAndShortTermInvestments": "136527000000",
            "totalCurrentLiabilities": "72310000000",
            "currentDebt": "3749000000",
            "netIncome": "11202000000",
            "capitalExpenditures": "4744000000",
            "operatingCashflow": "18673000000",
            "grossProfit": "25694000000",
            "totalRevenue": "38033000000",
            "sentiment": 0,
            "surprise": "0.12",
            "closePrice": "204.76920356875"
        },
        {
            "fiscalDateEnding": "2020-03-31",
            "totalCurrentAssets": "170505000000",
            "cashAndShortTermInvestments": "137626000000",
            "totalCurrentLiabilities": "58707000000",
            "currentDebt": "3748000000",
            "netIncome": "10752000000",
            "capitalExpenditures": "3767000000",
            "operatingCashflow": "17504000000",
            "grossProfit": "24046000000",
            "totalRevenue": "34315000000",
            "sentiment": 0,
            "surprise": "0.14",
            "closePrice": "171.110603113529"
        },
        {
            "fiscalDateEnding": "2019-12-31",
            "totalCurrentAssets": "167074000000",
            "cashAndShortTermInvestments": "134253000000",
            "totalCurrentLiabilities": "59640000000",
            "currentDebt": "6247000000",
            "netIncome": "11649000000",
            "capitalExpenditures": "3545000000",
            "operatingCashflow": "10680000000",
            "grossProfit": "24548000000",
            "totalRevenue": "36322000000",
            "sentiment": 0,
            "surprise": "0.19",
            "closePrice": "161.614930993116"
        },
        {
            "fiscalDateEnding": "2019-09-30",
            "totalCurrentAssets": "165896000000",
            "cashAndShortTermInvestments": "136636000000",
            "totalCurrentLiabilities": "58118000000",
            "currentDebt": "3017000000",
            "netIncome": "10678000000",
            "capitalExpenditures": "3385000000",
            "operatingCashflow": "13818000000",
            "grossProfit": "22649000000",
            "totalRevenue": "32428000000",
            "sentiment": 0,
            "surprise": "0.13",
            "closePrice": "131.544193748069"
        },
        {
            "fiscalDateEnding": "2019-06-30",
            "totalCurrentAssets": "175552000000",
            "cashAndShortTermInvestments": "133819000000",
            "totalCurrentLiabilities": "69420000000",
            "currentDebt": "5516000000",
            "netIncome": "13187000000",
            "capitalExpenditures": "4051000000",
            "operatingCashflow": "16108000000",
            "grossProfit": "23305000000",
            "totalRevenue": "33717000000",
            "sentiment": 0,
            "surprise": "0.16",
            "closePrice": "130.310823378075"
        },
        {
            "fiscalDateEnding": "2019-03-31",
            "totalCurrentAssets": "159887000000",
            "cashAndShortTermInvestments": "131618000000",
            "totalCurrentLiabilities": "53861000000",
            "currentDebt": "6515000000",
            "netIncome": "8809000000",
            "capitalExpenditures": "2565000000",
            "operatingCashflow": "13520000000",
            "grossProfit": "20401000000",
            "totalRevenue": "29993000000",
            "sentiment": 0,
            "surprise": "0.14",
            "closePrice": "118.977494007254"
        },
        {
            "fiscalDateEnding": "2018-12-31",
            "totalCurrentAssets": "156874000000",
            "cashAndShortTermInvestments": "127662000000",
            "totalCurrentLiabilities": "50318000000",
            "currentDebt": "3516000000",
            "netIncome": "8420000000",
            "capitalExpenditures": "3707000000",
            "operatingCashflow": "8900000000",
            "grossProfit": "20048000000",
            "totalRevenue": "31796000000",
            "sentiment": 0,
            "surprise": "0.01",
            "closePrice": "100.813708776245"
        },
        {
            "fiscalDateEnding": "2018-09-30",
            "totalCurrentAssets": "164195000000",
            "cashAndShortTermInvestments": "135880000000",
            "totalCurrentLiabilities": "56277000000",
            "currentDebt": "6497000000",
            "netIncome": "8824000000",
            "capitalExpenditures": "3602000000",
            "operatingCashflow": "13657000000",
            "grossProfit": "19179000000",
            "totalRevenue": "28615000000",
            "sentiment": 0,
            "surprise": "0.18",
            "closePrice": "96.5430751701687"
        },
        {
            "fiscalDateEnding": "2018-06-30",
            "totalCurrentAssets": "169662000000",
            "cashAndShortTermInvestments": "133768000000",
            "totalCurrentLiabilities": "58488000000",
            "currentDebt": "3998000000",
            "netIncome": "8873000000",
            "capitalExpenditures": "3980000000",
            "operatingCashflow": "11418000000",
            "grossProfit": "20343000000",
            "totalRevenue": "30085000000",
            "sentiment": 0,
            "surprise": "0.05",
            "closePrice": "98.1228457016361"
        },
        {
            "fiscalDateEnding": "2018-03-31",
            "totalCurrentAssets": "156659000000",
            "cashAndShortTermInvestments": "132270000000",
            "totalCurrentLiabilities": "46133000000",
            "currentDebt": "3677000000",
            "netIncome": "7424000000",
            "capitalExpenditures": "2934000000",
            "operatingCashflow": "12151000000",
            "grossProfit": "17550000000",
            "totalRevenue": "26819000000",
            "sentiment": 0,
            "surprise": "0.1",
            "closePrice": "88.2111677942085"
        },
        {
            "fiscalDateEnding": "2017-12-31",
            "totalCurrentAssets": "167633000000",
            "cashAndShortTermInvestments": "142780000000",
            "totalCurrentLiabilities": "58099000000",
            "currentDebt": "15912000000",
            "netIncome": "-6302000000",
            "capitalExpenditures": "2586000000",
            "operatingCashflow": "7875000000",
            "grossProfit": "17854000000",
            "totalRevenue": "28918000000",
            "sentiment": 0,
            "surprise": "0.1",
            "closePrice": "88.5037056639768"
        },
        {
            "fiscalDateEnding": "2017-09-30",
            "totalCurrentAssets": "161031000000",
            "cashAndShortTermInvestments": "138471000000",
            "totalCurrentLiabilities": "51615000000",
            "currentDebt": "9220000000",
            "netIncome": "6576000000",
            "capitalExpenditures": "2132000000",
            "operatingCashflow": "12440000000",
            "grossProfit": "16260000000",
            "totalRevenue": "24538000000",
            "sentiment": 0,
            "surprise": "0.12",
            "closePrice": "72.9970356754959"
        },
        {
            "fiscalDateEnding": "2017-06-30",
            "totalCurrentAssets": "162696000000",
            "cashAndShortTermInvestments": "132981000000",
            "totalCurrentLiabilities": "55745000000",
            "currentDebt": "10121000000",
            "netIncome": "8069000000",
            "capitalExpenditures": "2283000000",
            "operatingCashflow": "11005000000",
            "grossProfit": "17149000000",
            "totalRevenue": "25605000000",
            "sentiment": 0,
            "surprise": "0.27",
            "closePrice": "68.4247743138641"
        },
        {
            "fiscalDateEnding": "2017-03-31",
            "totalCurrentAssets": "146313000000",
            "cashAndShortTermInvestments": "126018000000",
            "totalCurrentLiabilities": "52005000000",
            "currentDebt": "7786000000",
            "netIncome": "5486000000",
            "capitalExpenditures": "1695000000",
            "operatingCashflow": "10660000000",
            "grossProfit": "15152000000",
            "totalRevenue": "23212000000",
            "sentiment": 0,
            "surprise": "0.03",
            "closePrice": "62.5876936677269"
        },
        {
            "fiscalDateEnding": "2016-12-31",
            "totalCurrentAssets": "144949000000",
            "cashAndShortTermInvestments": "122781000000",
            "totalCurrentLiabilities": "70787000000",
            "currentDebt": "25664000000",
            "netIncome": "6267000000",
            "capitalExpenditures": "1988000000",
            "operatingCashflow": "6293000000",
            "grossProfit": "15925000000",
            "totalRevenue": "25826000000",
            "sentiment": 0,
            "surprise": "0.05",
            "closePrice": "58.5668836106423"
        },
        {
            "fiscalDateEnding": "2016-09-30",
            "totalCurrentAssets": "157909000000",
            "cashAndShortTermInvestments": "136932000000",
            "totalCurrentLiabilities": "58810000000",
            "currentDebt": "14536000000",
            "netIncome": "5667000000",
            "capitalExpenditures": "2163000000",
            "operatingCashflow": "11549000000",
            "grossProfit": "14084000000",
            "totalRevenue": "21928000000",
            "sentiment": 0,
            "surprise": "0.08",
            "closePrice": "51.8264778816794"
        },
        {
            "fiscalDateEnding": "2016-06-30",
            "totalCurrentAssets": "139660000000",
            "cashAndShortTermInvestments": "113240000000",
            "totalCurrentLiabilities": "59357000000",
            "currentDebt": "12904000000",
            "netIncome": "3122000000",
            "capitalExpenditures": "2655000000",
            "operatingCashflow": "-8796000000",
            "grossProfit": "12635000000",
            "totalRevenue": "20614000000",
            "sentiment": 0,
            "surprise": "0.11",
            "closePrice": "47.7612321677857"
        },
        {
            "fiscalDateEnding": "2016-03-31",
            "totalCurrentAssets": "128421000000",
            "cashAndShortTermInvestments": "105552000000",
            "totalCurrentLiabilities": "44354000000",
            "currentDebt": "5498000000",
            "netIncome": "3756000000",
            "capitalExpenditures": "2308000000",
            "operatingCashflow": "17939000000",
            "grossProfit": "12809000000",
            "totalRevenue": "20531000000",
            "sentiment": 0,
            "surprise": "-0.02",
            "closePrice": "49.8261048846019"
        },
        {
            "fiscalDateEnding": "2015-12-31",
            "totalCurrentAssets": "127812000000",
            "cashAndShortTermInvestments": "102640000000",
            "totalCurrentLiabilities": "42643000000",
            "currentDebt": "3750000000",
            "netIncome": "5018000000",
            "capitalExpenditures": "2024000000",
            "operatingCashflow": "9211000000",
            "grossProfit": "13924000000",
            "totalRevenue": "23796000000",
            "sentiment": 0,
            "surprise": "0.07",
            "closePrice": "46.1733518526533"
        },
        {
            "fiscalDateEnding": "2015-09-30",
            "totalCurrentAssets": "121656000000",
            "cashAndShortTermInvestments": "99355000000",
            "totalCurrentLiabilities": "49399000000",
            "currentDebt": "10748000000",
            "netIncome": "4902000000",
            "capitalExpenditures": "1356000000",
            "operatingCashflow": "15022000000",
            "grossProfit": "13172000000",
            "totalRevenue": "20379000000",
            "sentiment": 0,
            "surprise": "0.08",
            "closePrice": "42.315543900215"
        },
        {
            "fiscalDateEnding": "2015-06-30",
            "totalCurrentAssets": "122797000000",
            "cashAndShortTermInvestments": "96526000000",
            "totalCurrentLiabilities": "49647000000",
            "currentDebt": "7484000000",
            "netIncome": "-3195000000",
            "capitalExpenditures": "1781000000",
            "operatingCashflow": "14712000000",
            "grossProfit": "14712000000",
            "totalRevenue": "22180000000",
            "sentiment": 0,
            "surprise": "0.04",
            "closePrice": "41.3833813673246"
        },
        {
            "fiscalDateEnding": "2015-03-31",
            "totalCurrentAssets": "118398000000",
            "cashAndShortTermInvestments": "95438000000",
            "totalCurrentLiabilities": "40748000000",
            "currentDebt": "4224000000",
            "netIncome": "4985000000",
            "capitalExpenditures": "1391000000",
            "operatingCashflow": "16817000000",
            "grossProfit": "14568000000",
            "totalRevenue": "21729000000",
            "sentiment": 0,
            "surprise": "0.1",
            "closePrice": "37.6892081506758"
        },
        {
            "fiscalDateEnding": "2014-12-31",
            "totalCurrentAssets": "116362000000",
            "cashAndShortTermInvestments": "90249000000",
            "totalCurrentLiabilities": "47415000000",
            "currentDebt": "10048000000",
            "netIncome": "5863000000",
            "capitalExpenditures": "1490000000",
            "operatingCashflow": "6413000000",
            "grossProfit": "16334000000",
            "totalRevenue": "26470000000",
            "sentiment": 0,
            "surprise": "0.04",
            "closePrice": "40.5919581663893"
        },
        {
            "fiscalDateEnding": "2014-09-30",
            "totalCurrentAssets": "112439000000",
            "cashAndShortTermInvestments": "89193000000",
            "totalCurrentLiabilities": "44694000000",
            "currentDebt": "5248000000",
            "netIncome": "4540000000",
            "capitalExpenditures": "1282000000",
            "operatingCashflow": "14610000000",
            "grossProfit": "14928000000",
            "totalRevenue": "23201000000",
            "sentiment": 0,
            "surprise": "0.05",
            "closePrice": "38.6279583896467"
        },
        {
            "fiscalDateEnding": "2014-06-30",
            "totalCurrentAssets": "114246000000",
            "cashAndShortTermInvestments": "85709000000",
            "totalCurrentLiabilities": "45625000000",
            "currentDebt": "2000000000",
            "netIncome": "4612000000",
            "capitalExpenditures": "1330000000",
            "operatingCashflow": "15787000000",
            "grossProfit": "15749000000",
            "totalRevenue": "23382000000",
            "sentiment": 0,
            "surprise": "-0.05",
            "closePrice": "38.2287986069747"
        },
        {
            "fiscalDateEnding": "2014-03-31",
            "totalCurrentAssets": "109006000000",
            "cashAndShortTermInvestments": "88425000000",
            "totalCurrentLiabilities": "33903000000",
            "currentDebt": "2000000000",
            "netIncome": "5660000000",
            "capitalExpenditures": "1192000000",
            "operatingCashflow": "10099000000",
            "grossProfit": "14425000000",
            "totalRevenue": "20403000000",
            "sentiment": 0,
            "surprise": "0.05",
            "closePrice": "33.7567871539819"
        },
        {
            "fiscalDateEnding": "2013-12-31",
            "totalCurrentAssets": "106870000000",
            "cashAndShortTermInvestments": "83944000000",
            "totalCurrentLiabilities": "33742000000",
            "currentDebt": "2300000000",
            "netIncome": "6558000000",
            "capitalExpenditures": "1732000000",
            "operatingCashflow": "4413000000",
            "grossProfit": "16197000000",
            "totalRevenue": "24519000000",
            "sentiment": 0,
            "surprise": "0.1",
            "closePrice": "30.3076137532516"
        },
        {
            "fiscalDateEnding": "2013-09-30",
            "totalCurrentAssets": "99450000000",
            "cashAndShortTermInvestments": "80672000000",
            "totalCurrentLiabilities": "34623000000",
            "currentDebt": "3300000000",
            "netIncome": "5244000000",
            "capitalExpenditures": "1231000000",
            "operatingCashflow": "8205000000",
            "grossProfit": "13384000000",
            "totalRevenue": "18529000000",
            "sentiment": 0,
            "surprise": "0.08",
            "closePrice": "28.1304414430541"
        },
        {
            "fiscalDateEnding": "2013-06-30",
            "totalCurrentAssets": "101466000000",
            "cashAndShortTermInvestments": "77022000000",
            "totalCurrentLiabilities": "37417000000",
            "currentDebt": "2999000000",
            "netIncome": "4965000000",
            "capitalExpenditures": "1794000000",
            "operatingCashflow": "5903000000",
            "grossProfit": "14294000000",
            "totalRevenue": "20032000000",
            "sentiment": 0,
            "surprise": "-0.09",
            "closePrice": "29.3558381609096"
        },
        {
            "fiscalDateEnding": "2013-03-31",
            "totalCurrentAssets": "93524000000",
            "cashAndShortTermInvestments": "74483000000",
            "totalCurrentLiabilities": "31929000000",
            "currentDebt": "2246000000",
            "netIncome": "6055000000",
            "capitalExpenditures": "930000000",
            "operatingCashflow": "9666000000",
            "grossProfit": "15702000000",
            "totalRevenue": "20489000000",
            "sentiment": 0,
            "surprise": "0.04",
            "closePrice": "23.6850088806404"
        },
        {
            "fiscalDateEnding": "2012-12-31",
            "totalCurrentAssets": "89574000000",
            "cashAndShortTermInvestments": "68312000000",
            "totalCurrentLiabilities": "31910000000",
            "currentDebt": "2241000000",
            "netIncome": "6377000000",
            "capitalExpenditures": "930000000",
            "operatingCashflow": "4780000000",
            "grossProfit": "15764000000",
            "totalRevenue": "21456000000",
            "sentiment": 0,
            "surprise": "0.01",
            "closePrice": "22.5457975371648"
        },
        {
            "fiscalDateEnding": "2012-09-30",
            "totalCurrentAssets": "84051000000",
            "cashAndShortTermInvestments": "66644000000",
            "totalCurrentLiabilities": "31402000000",
            "currentDebt": "2236000000",
            "netIncome": "4466000000",
            "capitalExpenditures": "603000000",
            "operatingCashflow": "8484000000",
            "grossProfit": "11840000000",
            "totalRevenue": "16008000000",
            "sentiment": 0,
            "surprise": "-0.03",
            "closePrice": "23.8649957200902"
        },
        {
            "fiscalDateEnding": "2012-06-30",
            "totalCurrentAssets": "85084000000",
            "cashAndShortTermInvestments": "63040000000",
            "totalCurrentLiabilities": "32688000000",
            "currentDebt": "1231000000",
            "netIncome": "-492000000",
            "capitalExpenditures": "622000000",
            "operatingCashflow": "7677000000",
            "grossProfit": "13896000000",
            "totalRevenue": "18059000000",
            "sentiment": 0,
            "surprise": "0.05",
            "closePrice": "24.6480547898475"
        },
        {
            "fiscalDateEnding": "2012-03-31",
            "totalCurrentAssets": "76860000000",
            "cashAndShortTermInvestments": "59529000000",
            "totalCurrentLiabilities": "26170000000",
            "currentDebt": "None",
            "netIncome": "5108000000",
            "capitalExpenditures": "749000000",
            "operatingCashflow": "9594000000",
            "grossProfit": "13455000000",
            "totalRevenue": "17407000000",
            "sentiment": 0,
            "surprise": "0.03",
            "closePrice": "24.7614317663942"
        },
        {
            "fiscalDateEnding": "2011-12-31",
            "totalCurrentAssets": "72513000000",
            "cashAndShortTermInvestments": "51736000000",
            "totalCurrentLiabilities": "25373000000",
            "currentDebt": "None",
            "netIncome": "6624000000",
            "capitalExpenditures": "498000000",
            "operatingCashflow": "5862000000",
            "grossProfit": "15247000000",
            "totalRevenue": "20885000000",
            "sentiment": 0,
            "surprise": "0.02",
            "closePrice": "22.3062921102816"
        },
        {
            "fiscalDateEnding": "2011-09-30",
            "totalCurrentAssets": "75271000000",
            "cashAndShortTermInvestments": "57403000000",
            "totalCurrentLiabilities": "25543000000",
            "currentDebt": "None",
            "netIncome": "5738000000",
            "capitalExpenditures": "436000000",
            "operatingCashflow": "8493000000",
            "grossProfit": "13595000000",
            "totalRevenue": "17372000000",
            "sentiment": 0,
            "surprise": "0",
            "closePrice": "21.290338558345"
        },
        {
            "fiscalDateEnding": "2011-06-30",
            "totalCurrentAssets": "74918000000",
            "cashAndShortTermInvestments": "52772000000",
            "totalCurrentLiabilities": "28774000000",
            "currentDebt": "0",
            "netIncome": "5874000000",
            "capitalExpenditures": "642000000",
            "operatingCashflow": "5942000000",
            "grossProfit": "13659000000",
            "totalRevenue": "17367000000",
            "sentiment": 0,
            "surprise": "0.11",
            "closePrice": "21.1998379277131"
        },
        {
            "fiscalDateEnding": "2011-03-31",
            "totalCurrentAssets": "66263000000",
            "cashAndShortTermInvestments": "50150000000",
            "totalCurrentLiabilities": "24042000000",
            "currentDebt": "0",
            "netIncome": "5232000000",
            "capitalExpenditures": "658000000",
            "operatingCashflow": "8672000000",
            "grossProfit": "12531000000",
            "totalRevenue": "16428000000",
            "sentiment": 0,
            "surprise": "0.05",
            "closePrice": "20.7631185640518"
        },
        {
            "fiscalDateEnding": "2010-12-31",
            "totalCurrentAssets": "59684000000",
            "cashAndShortTermInvestments": "41252000000",
            "totalCurrentLiabilities": "24312000000",
            "currentDebt": "0",
            "netIncome": "6634000000",
            "capitalExpenditures": "491000000",
            "operatingCashflow": "4186000000",
            "grossProfit": "15120000000",
            "totalRevenue": "19953000000",
            "sentiment": 0,
            "surprise": "0.09",
            "closePrice": "22.3098002805382"
        },
        {
            "fiscalDateEnding": "2010-09-30",
            "totalCurrentAssets": "59581000000",
            "cashAndShortTermInvestments": "44173000000",
            "totalCurrentLiabilities": "25857000000",
            "currentDebt": "1000000000",
            "netIncome": "5410000000",
            "capitalExpenditures": "564000000",
            "operatingCashflow": "8194000000",
            "grossProfit": "13056000000",
            "totalRevenue": "16195000000",
            "sentiment": 0,
            "surprise": "0.07",
            "closePrice": "20.1832135063591"
        },
        {
            "fiscalDateEnding": "2010-06-30",
            "totalCurrentAssets": "55676000000",
            "cashAndShortTermInvestments": "36788000000",
            "totalCurrentLiabilities": "26147000000",
            "currentDebt": "1000000000",
            "netIncome": "4518000000",
            "capitalExpenditures": "758000000",
            "operatingCashflow": "5604000000",
            "grossProfit": "12869000000",
            "totalRevenue": "16039000000",
            "sentiment": 0,
            "surprise": "0.05",
            "closePrice": "19.7414303848691"
        },
        {
            "fiscalDateEnding": "2010-03-31",
            "totalCurrentAssets": "54518000000",
            "cashAndShortTermInvestments": "39666000000",
            "totalCurrentLiabilities": "26424000000",
            "currentDebt": "2249000000",
            "netIncome": "4006000000",
            "capitalExpenditures": "408000000",
            "operatingCashflow": "7393000000",
            "grossProfit": "11748000000",
            "totalRevenue": "14503000000",
            "sentiment": 0,
            "surprise": "0.03",
            "closePrice": "23.8730363013783"
        },
        {
            "fiscalDateEnding": "2009-12-31",
            "totalCurrentAssets": "52487000000",
            "cashAndShortTermInvestments": "36099000000",
            "totalCurrentLiabilities": "25715000000",
            "currentDebt": "2249000000",
            "netIncome": "6662000000",
            "capitalExpenditures": "376000000",
            "operatingCashflow": "4969000000",
            "grossProfit": "15394000000",
            "totalRevenue": "19022000000",
            "sentiment": 0,
            "surprise": "0.15",
            "closePrice": "22.075824897539"
        },
        {
            "fiscalDateEnding": "2009-09-30",
            "totalCurrentAssets": "52231000000",
            "cashAndShortTermInvestments": "36728000000",
            "totalCurrentLiabilities": "28761000000",
            "currentDebt": "2250000000",
            "netIncome": "3574000000",
            "capitalExpenditures": "435000000",
            "operatingCashflow": "6107000000",
            "grossProfit": "10078000000",
            "totalRevenue": "12920000000",
            "sentiment": 0,
            "surprise": "0.08",
            "closePrice": "21.1212528162955"
        }
    ]
}