{
    "MSI": [
        {
            "fiscalDateEnding": "2023-12-31",
            "totalCurrentAssets": "5725000000",
            "cashAndShortTermInvestments": "1733000000",
            "totalCurrentLiabilities": "5736000000",
            "currentDebt": "1313000000",
            "netIncome": "596000000",
            "capitalExpenditures": "81000000",
            "operatingCashflow": "1245000000",
            "grossProfit": "1455000000",
            "totalRevenue": "2780000000",
            "sentiment": 0.22585163363779878,
            "surprise": "0.27",
            "closePrice": "327.413686094218"
        },
        {
            "fiscalDateEnding": "2023-09-30",
            "totalCurrentAssets": "5032000000",
            "cashAndShortTermInvestments": "910000000",
            "totalCurrentLiabilities": "5288000000",
            "currentDebt": "1313000000",
            "netIncome": "464000000",
            "capitalExpenditures": "65000000",
            "operatingCashflow": "714000000",
            "grossProfit": "1280000000",
            "totalRevenue": "2494000000",
            "sentiment": 0.19065899230707495,
            "surprise": "0.17",
            "closePrice": "279.500922604853"
        },
        {
            "fiscalDateEnding": "2023-06-30",
            "totalCurrentAssets": "4626000000",
            "cashAndShortTermInvestments": "710000000",
            "totalCurrentLiabilities": "3766000000",
            "currentDebt": "0",
            "netIncome": "371000000",
            "capitalExpenditures": "53000000",
            "operatingCashflow": "93000000",
            "grossProfit": "1189000000",
            "totalRevenue": "2329000000",
            "sentiment": 0.17534723373758723,
            "surprise": "0.14",
            "closePrice": "285.121200267598"
        },
        {
            "fiscalDateEnding": "2023-03-31",
            "totalCurrentAssets": "4826000000",
            "cashAndShortTermInvestments": "1022000000",
            "totalCurrentLiabilities": "3966000000",
            "currentDebt": "1000000",
            "netIncome": "278000000",
            "capitalExpenditures": "54000000",
            "operatingCashflow": "-8000000",
            "grossProfit": "1046000000",
            "totalRevenue": "2171000000",
            "sentiment": 0.2136200306251697,
            "surprise": "0.17",
            "closePrice": "286.889777051928"
        },
        {
            "fiscalDateEnding": "2022-12-31",
            "totalCurrentAssets": "5255000000",
            "cashAndShortTermInvestments": "1346000000",
            "totalCurrentLiabilities": "4560000000",
            "currentDebt": "1000000",
            "netIncome": "589000000",
            "capitalExpenditures": "73000000",
            "operatingCashflow": "1273000000",
            "grossProfit": "1351000000",
            "totalRevenue": "2639000000",
            "sentiment": 0.09228619455914756,
            "surprise": "0.17",
            "closePrice": "253.196085550932"
        },
        {
            "fiscalDateEnding": "2022-09-30",
            "totalCurrentAssets": "4707000000",
            "cashAndShortTermInvestments": "822000000",
            "totalCurrentLiabilities": "3768000000",
            "currentDebt": "1000000",
            "netIncome": "279000000",
            "capitalExpenditures": "70000000",
            "operatingCashflow": "388000000",
            "grossProfit": "1031000000",
            "totalRevenue": "2303000000",
            "sentiment": 0.24809685202743112,
            "surprise": "0.12",
            "closePrice": "233.743983614323"
        },
        {
            "fiscalDateEnding": "2022-06-30",
            "totalCurrentAssets": "4411000000",
            "cashAndShortTermInvestments": "717000000",
            "totalCurrentLiabilities": "3801000000",
            "currentDebt": "2000000",
            "netIncome": "228000000",
            "capitalExpenditures": "59000000",
            "operatingCashflow": "10000000",
            "grossProfit": "990000000",
            "totalRevenue": "2070000000",
            "sentiment": 0.08817242708612563,
            "surprise": "0.2",
            "closePrice": "234.461448934643"
        },
        {
            "fiscalDateEnding": "2022-03-31",
            "totalCurrentAssets": "4280000000",
            "cashAndShortTermInvestments": "878000000",
            "totalCurrentLiabilities": "3886000000",
            "currentDebt": "4000000",
            "netIncome": "267000000",
            "capitalExpenditures": "54000000",
            "operatingCashflow": "152000000",
            "grossProfit": "857000000",
            "totalRevenue": "1856000000",
            "sentiment": 0.13437696153773027,
            "surprise": "0.09",
            "closePrice": "196.380571242961"
        },
        {
            "fiscalDateEnding": "2021-12-31",
            "totalCurrentAssets": "5412000000",
            "cashAndShortTermInvestments": "1943000000",
            "totalCurrentLiabilities": "4063000000",
            "currentDebt": "5000000",
            "netIncome": "401000000",
            "capitalExpenditures": "68000000",
            "operatingCashflow": "703000000",
            "grossProfit": "1183000000",
            "totalRevenue": "2271000000",
            "sentiment": 0,
            "surprise": "0.11",
            "closePrice": "231.558138692557"
        },
        {
            "fiscalDateEnding": "2021-09-30",
            "totalCurrentAssets": "4735000000",
            "cashAndShortTermInvestments": "1653000000",
            "totalCurrentLiabilities": "3429000000",
            "currentDebt": "6000000",
            "netIncome": "307000000",
            "capitalExpenditures": "61000000",
            "operatingCashflow": "376000000",
            "grossProfit": "1045000000",
            "totalRevenue": "2046000000",
            "sentiment": 0,
            "surprise": "0.22",
            "closePrice": "243.351622286294"
        },
        {
            "fiscalDateEnding": "2021-06-30",
            "totalCurrentAssets": "4660000000",
            "cashAndShortTermInvestments": "1921000000",
            "totalCurrentLiabilities": "3184000000",
            "currentDebt": "9000000",
            "netIncome": "293000000",
            "capitalExpenditures": "62000000",
            "operatingCashflow": "388000000",
            "grossProfit": "952000000",
            "totalRevenue": "1901000000",
            "sentiment": 0,
            "surprise": "0.15",
            "closePrice": "214.513172047137"
        },
        {
            "fiscalDateEnding": "2021-03-31",
            "totalCurrentAssets": "3942000000",
            "cashAndShortTermInvestments": "1320000000",
            "totalCurrentLiabilities": "3095000000",
            "currentDebt": "11000000",
            "netIncome": "244000000",
            "capitalExpenditures": "52000000",
            "operatingCashflow": "370000000",
            "grossProfit": "860000000",
            "totalRevenue": "1724000000",
            "sentiment": 0,
            "surprise": "0.25",
            "closePrice": "180.860655472411"
        },
        {
            "fiscalDateEnding": "2020-12-31",
            "totalCurrentAssets": "4327000000",
            "cashAndShortTermInvestments": "1254000000",
            "totalCurrentLiabilities": "3489000000",
            "currentDebt": "12000000",
            "netIncome": "412000000",
            "capitalExpenditures": "66000000",
            "operatingCashflow": "704000000",
            "grossProfit": "1146000000",
            "totalRevenue": "2273000000",
            "sentiment": 0,
            "surprise": "0.12",
            "closePrice": "174.570559208275"
        },
        {
            "fiscalDateEnding": "2020-09-30",
            "totalCurrentAssets": "3971000000",
            "cashAndShortTermInvestments": "1007000000",
            "totalCurrentLiabilities": "3312000000",
            "currentDebt": "212000000",
            "netIncome": "205000000",
            "capitalExpenditures": "49000000",
            "operatingCashflow": "392000000",
            "grossProfit": "909000000",
            "totalRevenue": "1801000000",
            "sentiment": 0,
            "surprise": "0.17",
            "closePrice": "155.395616225247"
        },
        {
            "fiscalDateEnding": "2020-06-30",
            "totalCurrentAssets": "4086000000",
            "cashAndShortTermInvestments": "1341000000",
            "totalCurrentLiabilities": "3480000000",
            "currentDebt": "517000000",
            "netIncome": "135000000",
            "capitalExpenditures": "54000000",
            "operatingCashflow": "209000000",
            "grossProfit": "766000000",
            "totalRevenue": "1554000000",
            "sentiment": 0,
            "surprise": "0.18",
            "closePrice": "136.841940557712"
        },
        {
            "fiscalDateEnding": "2020-03-31",
            "totalCurrentAssets": "4481000000",
            "cashAndShortTermInvestments": "1672000000",
            "totalCurrentLiabilities": "3879000000",
            "currentDebt": "814000000",
            "netIncome": "197000000",
            "capitalExpenditures": "48000000",
            "operatingCashflow": "308000000",
            "grossProfit": "787000000",
            "totalRevenue": "1654000000",
            "sentiment": 0,
            "surprise": "0.21",
            "closePrice": "128.825806005934"
        },
        {
            "fiscalDateEnding": "2019-12-31",
            "totalCurrentAssets": "4178000000",
            "cashAndShortTermInvestments": "1001000000",
            "totalCurrentLiabilities": "3439000000",
            "currentDebt": "16000000",
            "netIncome": "244000000",
            "capitalExpenditures": "59000000",
            "operatingCashflow": "795000000",
            "grossProfit": "1220000000",
            "totalRevenue": "2377000000",
            "sentiment": 0,
            "surprise": "0.16",
            "closePrice": "168.467203936517"
        },
        {
            "fiscalDateEnding": "2019-09-30",
            "totalCurrentAssets": "4154000000",
            "cashAndShortTermInvestments": "1138000000",
            "totalCurrentLiabilities": "3656000000",
            "currentDebt": "617000000",
            "netIncome": "267000000",
            "capitalExpenditures": "60000000",
            "operatingCashflow": "526000000",
            "grossProfit": "1007000000",
            "totalRevenue": "1911000000",
            "sentiment": 0,
            "surprise": "0.09",
            "closePrice": "155.07793236077"
        },
        {
            "fiscalDateEnding": "2019-06-30",
            "totalCurrentAssets": "3831000000",
            "cashAndShortTermInvestments": "953000000",
            "totalCurrentLiabilities": "2876000000",
            "currentDebt": "28000000",
            "netIncome": "207000000",
            "capitalExpenditures": "63000000",
            "operatingCashflow": "251000000",
            "grossProfit": "931000000",
            "totalRevenue": "1765000000",
            "sentiment": 0,
            "surprise": "0.09",
            "closePrice": "153.98693553592"
        },
        {
            "fiscalDateEnding": "2019-03-31",
            "totalCurrentAssets": "3714000000",
            "cashAndShortTermInvestments": "886000000",
            "totalCurrentLiabilities": "2979000000",
            "currentDebt": "28000000",
            "netIncome": "151000000",
            "capitalExpenditures": "66000000",
            "operatingCashflow": "251000000",
            "grossProfit": "773000000",
            "totalRevenue": "1588000000",
            "sentiment": 0,
            "surprise": "0.14",
            "closePrice": "132.569817315337"
        },
        {
            "fiscalDateEnding": "2018-12-31",
            "totalCurrentAssets": "4272000000",
            "cashAndShortTermInvestments": "1246000000",
            "totalCurrentLiabilities": "3096000000",
            "currentDebt": "31000000",
            "netIncome": "423000000",
            "capitalExpenditures": "69000000",
            "operatingCashflow": "812000000",
            "grossProfit": "1088000000",
            "totalRevenue": "2254000000",
            "sentiment": 0,
            "surprise": "0.1",
            "closePrice": "110.022530197873"
        },
        {
            "fiscalDateEnding": "2018-09-30",
            "totalCurrentAssets": "3664000000",
            "cashAndShortTermInvestments": "839000000",
            "totalCurrentLiabilities": "3088000000",
            "currentDebt": "337000000",
            "netIncome": "247000000",
            "capitalExpenditures": "46000000",
            "operatingCashflow": "338000000",
            "grossProfit": "901000000",
            "totalRevenue": "1862000000",
            "sentiment": 0,
            "surprise": "0.22",
            "closePrice": "114.30367103951"
        },
        {
            "fiscalDateEnding": "2018-06-30",
            "totalCurrentAssets": "3581000000",
            "cashAndShortTermInvestments": "878000000",
            "totalCurrentLiabilities": "2922000000",
            "currentDebt": "347000000",
            "netIncome": "180000000",
            "capitalExpenditures": "41000000",
            "operatingCashflow": "425000000",
            "grossProfit": "822000000",
            "totalRevenue": "1760000000",
            "sentiment": 0,
            "surprise": "0.09",
            "closePrice": "111.755988451361"
        },
        {
            "fiscalDateEnding": "2018-03-31",
            "totalCurrentAssets": "3621000000",
            "cashAndShortTermInvestments": "795000000",
            "totalCurrentLiabilities": "3096000000",
            "currentDebt": "492000000",
            "netIncome": "117000000",
            "capitalExpenditures": "41000000",
            "operatingCashflow": "-500000000",
            "grossProfit": "669000000",
            "totalRevenue": "1468000000",
            "sentiment": 0,
            "surprise": "0.23",
            "closePrice": "98.5871247699317"
        },
        {
            "fiscalDateEnding": "2017-12-31",
            "totalCurrentAssets": "3950000000",
            "cashAndShortTermInvestments": "1205000000",
            "totalCurrentLiabilities": "2931000000",
            "currentDebt": "52000000",
            "netIncome": "-575000000",
            "capitalExpenditures": "21000000",
            "operatingCashflow": "761000000",
            "grossProfit": "970000000",
            "totalRevenue": "1957000000",
            "sentiment": 0,
            "surprise": "0.06",
            "closePrice": "90.3104973066707"
        },
        {
            "fiscalDateEnding": "2017-09-30",
            "totalCurrentAssets": "3336000000",
            "cashAndShortTermInvestments": "653000000",
            "totalCurrentLiabilities": "2563000000",
            "currentDebt": "47000000",
            "netIncome": "212000000",
            "capitalExpenditures": "85000000",
            "operatingCashflow": "270000000",
            "grossProfit": "794000000",
            "totalRevenue": "1645000000",
            "sentiment": 0,
            "surprise": "0.13",
            "closePrice": "81.5592920034294"
        },
        {
            "fiscalDateEnding": "2017-06-30",
            "totalCurrentAssets": "3211000000",
            "cashAndShortTermInvestments": "742000000",
            "totalCurrentLiabilities": "2410000000",
            "currentDebt": "46000000",
            "netIncome": "131000000",
            "capitalExpenditures": "53000000",
            "operatingCashflow": "173000000",
            "grossProfit": "690000000",
            "totalRevenue": "1497000000",
            "sentiment": 0,
            "surprise": "0.08",
            "closePrice": "81.4509645913901"
        },
        {
            "fiscalDateEnding": "2017-03-31",
            "totalCurrentAssets": "3073000000",
            "cashAndShortTermInvestments": "766000000",
            "totalCurrentLiabilities": "2385000000",
            "currentDebt": "44000000",
            "netIncome": "77000000",
            "capitalExpenditures": "68000000",
            "operatingCashflow": "142000000",
            "grossProfit": "570000000",
            "totalRevenue": "1281000000",
            "sentiment": 0,
            "surprise": "0.14",
            "closePrice": "77.155171781187"
        },
        {
            "fiscalDateEnding": "2016-12-31",
            "totalCurrentAssets": "3468000000",
            "cashAndShortTermInvestments": "1030000000",
            "totalCurrentLiabilities": "2668000000",
            "currentDebt": "4000000",
            "netIncome": "243000000",
            "capitalExpenditures": "60000000",
            "operatingCashflow": "513000000",
            "grossProfit": "928000000",
            "totalRevenue": "1883000000",
            "sentiment": 0,
            "surprise": "0.18",
            "closePrice": "72.1695767518834"
        },
        {
            "fiscalDateEnding": "2016-09-30",
            "totalCurrentAssets": "3804000000",
            "cashAndShortTermInvestments": "1687000000",
            "totalCurrentLiabilities": "2161000000",
            "currentDebt": "5000000",
            "netIncome": "192000000",
            "capitalExpenditures": "68000000",
            "operatingCashflow": "348000000",
            "grossProfit": "762000000",
            "totalRevenue": "1532000000",
            "sentiment": 0,
            "surprise": "0.17",
            "closePrice": "63.1615070402758"
        },
        {
            "fiscalDateEnding": "2016-06-30",
            "totalCurrentAssets": "3547000000",
            "cashAndShortTermInvestments": "1545000000",
            "totalCurrentLiabilities": "2045000000",
            "currentDebt": "5000000",
            "netIncome": "107000000",
            "capitalExpenditures": "92000000",
            "operatingCashflow": "291000000",
            "grossProfit": "676000000",
            "totalRevenue": "1430000000",
            "sentiment": 0,
            "surprise": "0.17",
            "closePrice": "61.8977013020715"
        },
        {
            "fiscalDateEnding": "2016-03-31",
            "totalCurrentAssets": "4001000000",
            "cashAndShortTermInvestments": "1940000000",
            "totalCurrentLiabilities": "2032000000",
            "currentDebt": "4000000",
            "netIncome": "17000000",
            "capitalExpenditures": "51000000",
            "operatingCashflow": "13000000",
            "grossProfit": "502000000",
            "totalRevenue": "1193000000",
            "sentiment": 0,
            "surprise": "0.12",
            "closePrice": "65.0324081220219"
        },
        {
            "fiscalDateEnding": "2015-12-31",
            "totalCurrentAssets": "4619000000",
            "cashAndShortTermInvestments": "1980000000",
            "totalCurrentLiabilities": "2193000000",
            "currentDebt": "4000000",
            "netIncome": "279000000",
            "capitalExpenditures": "44000000",
            "operatingCashflow": "414000000",
            "grossProfit": "838000000",
            "totalRevenue": "1682000000",
            "sentiment": 0,
            "surprise": "0.16",
            "closePrice": "58.1287478594955"
        },
        {
            "fiscalDateEnding": "2015-09-30",
            "totalCurrentAssets": "4787000000",
            "cashAndShortTermInvestments": "2200000000",
            "totalCurrentLiabilities": "2029000000",
            "currentDebt": "4000000",
            "netIncome": "115000000",
            "capitalExpenditures": "50000000",
            "operatingCashflow": "301000000",
            "grossProfit": "685000000",
            "totalRevenue": "1422000000",
            "sentiment": 0,
            "surprise": "0.09",
            "closePrice": "56.4762841591489"
        },
        {
            "fiscalDateEnding": "2015-06-30",
            "totalCurrentAssets": "5632000000",
            "cashAndShortTermInvestments": "3112000000",
            "totalCurrentLiabilities": "1971000000",
            "currentDebt": "4000000",
            "netIncome": "142000000",
            "capitalExpenditures": "48000000",
            "operatingCashflow": "150000000",
            "grossProfit": "648000000",
            "totalRevenue": "1368000000",
            "sentiment": 0,
            "surprise": "0.14",
            "closePrice": "55.1579086613227"
        },
        {
            "fiscalDateEnding": "2015-03-31",
            "totalCurrentAssets": "5884000000",
            "cashAndShortTermInvestments": "3353000000",
            "totalCurrentLiabilities": "1977000000",
            "currentDebt": "4000000",
            "netIncome": "74000000",
            "capitalExpenditures": "33000000",
            "operatingCashflow": "156000000",
            "grossProfit": "548000000",
            "totalRevenue": "1223000000",
            "sentiment": 0,
            "surprise": "0.13",
            "closePrice": "50.3094632777686"
        },
        {
            "fiscalDateEnding": "2014-12-31",
            "totalCurrentAssets": "6879000000",
            "cashAndShortTermInvestments": "3954000000",
            "totalCurrentLiabilities": "2250000000",
            "currentDebt": "4000000",
            "netIncome": "201000000",
            "capitalExpenditures": "51000000",
            "operatingCashflow": "-652000000",
            "grossProfit": "913000000",
            "totalRevenue": "1824000000",
            "sentiment": 0,
            "surprise": "0.13",
            "closePrice": "54.470253750326"
        },
        {
            "fiscalDateEnding": "2014-09-30",
            "totalCurrentAssets": "7168000000",
            "cashAndShortTermInvestments": "2845000000",
            "totalCurrentLiabilities": "3024000000",
            "currentDebt": "4000000",
            "netIncome": "147000000",
            "capitalExpenditures": "48000000",
            "operatingCashflow": "-115000000",
            "grossProfit": "685000000",
            "totalRevenue": "1436000000",
            "sentiment": 0,
            "surprise": "0.21",
            "closePrice": "56.5687089327687"
        },
        {
            "fiscalDateEnding": "2014-06-30",
            "totalCurrentAssets": "7066000000",
            "cashAndShortTermInvestments": "2876000000",
            "totalCurrentLiabilities": "2924000000",
            "currentDebt": "4000000",
            "netIncome": "824000000",
            "capitalExpenditures": "41000000",
            "operatingCashflow": "118000000",
            "grossProfit": "656000000",
            "totalRevenue": "1393000000",
            "sentiment": 0,
            "surprise": "-0.16",
            "closePrice": "51.7311682731522"
        },
        {
            "fiscalDateEnding": "2014-03-31",
            "totalCurrentAssets": "6781000000",
            "cashAndShortTermInvestments": "3141000000",
            "totalCurrentLiabilities": "3026000000",
            "currentDebt": "4000000",
            "netIncome": "127000000",
            "capitalExpenditures": "41000000",
            "operatingCashflow": "12000000",
            "grossProfit": "577000000",
            "totalRevenue": "1228000000",
            "sentiment": 0,
            "surprise": "0",
            "closePrice": "52.5495315171044"
        },
        {
            "fiscalDateEnding": "2013-12-31",
            "totalCurrentAssets": "7020000000",
            "cashAndShortTermInvestments": "3225000000",
            "totalCurrentLiabilities": "3220000000",
            "currentDebt": "4000000",
            "netIncome": "342000000",
            "capitalExpenditures": "59000000",
            "operatingCashflow": "580000000",
            "grossProfit": "901000000",
            "totalRevenue": "1817000000",
            "sentiment": 0,
            "surprise": "0.05",
            "closePrice": "53.8529033424657"
        },
        {
            "fiscalDateEnding": "2013-09-30",
            "totalCurrentAssets": "6580000000",
            "cashAndShortTermInvestments": "1721000000",
            "totalCurrentLiabilities": "2840000000",
            "currentDebt": "4000000",
            "netIncome": "307000000",
            "capitalExpenditures": "31000000",
            "operatingCashflow": "75000000",
            "grossProfit": "765000000",
            "totalRevenue": "1517000000",
            "sentiment": 0,
            "surprise": "0.3",
            "closePrice": "50.2059955627826"
        },
        {
            "fiscalDateEnding": "2013-06-30",
            "totalCurrentAssets": "6841000000",
            "cashAndShortTermInvestments": "1457000000",
            "totalCurrentLiabilities": "2794000000",
            "currentDebt": "4000000",
            "netIncome": "258000000",
            "capitalExpenditures": "33000000",
            "operatingCashflow": "-69000000",
            "grossProfit": "750000000",
            "totalRevenue": "1497000000",
            "sentiment": 0,
            "surprise": "0.08",
            "closePrice": "46.3079783396545"
        },
        {
            "fiscalDateEnding": "2013-03-31",
            "totalCurrentAssets": "7366000000",
            "cashAndShortTermInvestments": "1470000000",
            "totalCurrentLiabilities": "2889000000",
            "currentDebt": "4000000",
            "netIncome": "192000000",
            "capitalExpenditures": "46000000",
            "operatingCashflow": "-31000000",
            "grossProfit": "693000000",
            "totalRevenue": "1396000000",
            "sentiment": 0,
            "surprise": "0",
            "closePrice": "46.0785043512955"
        },
        {
            "fiscalDateEnding": "2012-12-31",
            "totalCurrentAssets": "7401000000",
            "cashAndShortTermInvestments": "1468000000",
            "totalCurrentLiabilities": "3335000000",
            "currentDebt": "4000000",
            "netIncome": "336000000",
            "capitalExpenditures": "30000000",
            "operatingCashflow": "170000000",
            "grossProfit": "1229000000",
            "totalRevenue": "2441000000",
            "sentiment": 0,
            "surprise": "0.08",
            "closePrice": "47.950923250036"
        },
        {
            "fiscalDateEnding": "2012-09-30",
            "totalCurrentAssets": "7271000000",
            "cashAndShortTermInvestments": "1779000000",
            "totalCurrentLiabilities": "3125000000",
            "currentDebt": "4000000",
            "netIncome": "206000000",
            "capitalExpenditures": "39000000",
            "operatingCashflow": "182000000",
            "grossProfit": "1087000000",
            "totalRevenue": "2153000000",
            "sentiment": 0,
            "surprise": "0.11",
            "closePrice": "42.0493621627029"
        },
        {
            "fiscalDateEnding": "2012-06-30",
            "totalCurrentAssets": "7223000000",
            "cashAndShortTermInvestments": "1772000000",
            "totalCurrentLiabilities": "2990000000",
            "currentDebt": "4000000",
            "netIncome": "182000000",
            "capitalExpenditures": "52000000",
            "operatingCashflow": "253000000",
            "grossProfit": "1060000000",
            "totalRevenue": "2148000000",
            "sentiment": 0,
            "surprise": "0.01",
            "closePrice": "38.7718560543783"
        },
        {
            "fiscalDateEnding": "2012-03-31",
            "totalCurrentAssets": "7377000000",
            "cashAndShortTermInvestments": "1720000000",
            "totalCurrentLiabilities": "3583000000",
            "currentDebt": "404000000",
            "netIncome": "157000000",
            "capitalExpenditures": "49000000",
            "operatingCashflow": "69000000",
            "grossProfit": "973000000",
            "totalRevenue": "1956000000",
            "sentiment": 0,
            "surprise": "0.05",
            "closePrice": "41.4260424916628"
        },
        {
            "fiscalDateEnding": "2011-12-31",
            "totalCurrentAssets": "8768000000",
            "cashAndShortTermInvestments": "1881000000",
            "totalCurrentLiabilities": "3815000000",
            "currentDebt": "405000000",
            "netIncome": "184000000",
            "capitalExpenditures": "83000000",
            "operatingCashflow": "44000000",
            "grossProfit": "1160000000",
            "totalRevenue": "2300000000",
            "sentiment": 0,
            "surprise": "0.05",
            "closePrice": "36.1186597663368"
        },
        {
            "fiscalDateEnding": "2011-09-30",
            "totalCurrentAssets": "9715000000",
            "cashAndShortTermInvestments": "1785000000",
            "totalCurrentLiabilities": "4169000000",
            "currentDebt": "605000000",
            "netIncome": "128000000",
            "capitalExpenditures": "43000000",
            "operatingCashflow": "477000000",
            "grossProfit": "1055000000",
            "totalRevenue": "2085000000",
            "sentiment": 0,
            "surprise": "0.06",
            "closePrice": "37.2026722427062"
        },
        {
            "fiscalDateEnding": "2011-06-30",
            "totalCurrentAssets": "10269000000",
            "cashAndShortTermInvestments": "2203000000",
            "totalCurrentLiabilities": "4131000000",
            "currentDebt": "606000000",
            "netIncome": "349000000",
            "capitalExpenditures": "33000000",
            "operatingCashflow": "94000000",
            "grossProfit": "1007000000",
            "totalRevenue": "1984000000",
            "sentiment": 0,
            "surprise": "0.06",
            "closePrice": "36.8944412518814"
        },
        {
            "fiscalDateEnding": "2011-03-31",
            "totalCurrentAssets": "10861000000",
            "cashAndShortTermInvestments": "2764000000",
            "totalCurrentLiabilities": "4904000000",
            "currentDebt": "605000000",
            "netIncome": "497000000",
            "capitalExpenditures": "27000000",
            "operatingCashflow": "233000000",
            "grossProfit": "924000000",
            "totalRevenue": "1834000000",
            "sentiment": 0,
            "surprise": "0.22",
            "closePrice": "37.1251806946903"
        },
        {
            "fiscalDateEnding": "2010-12-31",
            "totalCurrentAssets": "17154000000",
            "cashAndShortTermInvestments": "4208000000",
            "totalCurrentLiabilities": "8710000000",
            "currentDebt": "605000000",
            "netIncome": "292000000",
            "capitalExpenditures": "81000000",
            "operatingCashflow": "332000000",
            "grossProfit": "1089000000",
            "totalRevenue": "2185000000",
            "sentiment": 0,
            "surprise": "0.14",
            "closePrice": "30.6963024260855"
        },
        {
            "fiscalDateEnding": "2010-09-30",
            "totalCurrentAssets": "17373000000",
            "cashAndShortTermInvestments": "3848000000",
            "totalCurrentLiabilities": "8709000000",
            "currentDebt": "532000000",
            "netIncome": "110000000",
            "capitalExpenditures": "37000000",
            "operatingCashflow": "309000000",
            "grossProfit": "919000000",
            "totalRevenue": "1822000000",
            "sentiment": 0,
            "surprise": "0.32",
            "closePrice": "45.2806265181059"
        },
        {
            "fiscalDateEnding": "2010-06-30",
            "totalCurrentAssets": "16014000000",
            "cashAndShortTermInvestments": "2893000000",
            "totalCurrentLiabilities": "7887000000",
            "currentDebt": "531000000",
            "netIncome": "162000000",
            "capitalExpenditures": "37000000",
            "operatingCashflow": "103000000",
            "grossProfit": "938000000",
            "totalRevenue": "1869000000",
            "sentiment": 0,
            "surprise": "0.08",
            "closePrice": "42.3844486842295"
        },
        {
            "fiscalDateEnding": "2010-03-31",
            "totalCurrentAssets": "15896000000",
            "cashAndShortTermInvestments": "3188000000",
            "totalCurrentLiabilities": "7873000000",
            "currentDebt": "532000000",
            "netIncome": "69000000",
            "capitalExpenditures": "37000000",
            "operatingCashflow": "59000000",
            "grossProfit": "825000000",
            "totalRevenue": "1673000000",
            "sentiment": 0,
            "surprise": "0.48",
            "closePrice": "39.878140943375"
        },
        {
            "fiscalDateEnding": "2009-12-31",
            "totalCurrentAssets": "16032000000",
            "cashAndShortTermInvestments": "2869000000",
            "totalCurrentLiabilities": "8261000000",
            "currentDebt": "536000000",
            "netIncome": "142000000",
            "capitalExpenditures": "-8000000",
            "operatingCashflow": "1404000000",
            "grossProfit": "1728000000",
            "totalRevenue": "4786000000",
            "sentiment": 0,
            "surprise": "0.04",
            "closePrice": "36.0908314683058"
        },
        {
            "fiscalDateEnding": "2009-09-30",
            "totalCurrentAssets": "15325000000",
            "cashAndShortTermInvestments": "3050000000",
            "totalCurrentLiabilities": "7600000000",
            "currentDebt": "24000000",
            "netIncome": "12000000",
            "capitalExpenditures": "7000000",
            "operatingCashflow": "87000000",
            "grossProfit": "807000000",
            "totalRevenue": "2493000000",
            "sentiment": 0,
            "surprise": "0.11",
            "closePrice": "48.6780659001532"
        },
        {
            "fiscalDateEnding": "2009-06-30",
            "totalCurrentAssets": "15714000000",
            "cashAndShortTermInvestments": "2881000000",
            "totalCurrentLiabilities": "8184000000",
            "currentDebt": "40000000",
            "netIncome": "26000000",
            "capitalExpenditures": "66000000",
            "operatingCashflow": "150000000",
            "grossProfit": "2003000000",
            "totalRevenue": "6396000000",
            "sentiment": 0,
            "surprise": "0.2",
            "closePrice": "40.0452281260986"
        }
    ]
}