{
    "MSTR": [
        {
            "fiscalDateEnding": "2023-12-31",
            "totalCurrentAssets": "267895000",
            "cashAndShortTermInvestments": "46817000",
            "totalCurrentLiabilities": "323273000",
            "currentDebt": "483000",
            "netIncome": "89126000",
            "capitalExpenditures": "1214687000",
            "operatingCashflow": "1184000",
            "grossProfit": "96263000",
            "totalRevenue": "124484000",
            "sentiment": 0.28003134688824277,
            "surprise": "5.07",
            "closePrice": "498.0"
        },
        {
            "fiscalDateEnding": "2023-09-30",
            "totalCurrentAssets": "199565000",
            "cashAndShortTermInvestments": "45009000",
            "totalCurrentLiabilities": "267721000",
            "currentDebt": "475000",
            "netIncome": "-143441000",
            "capitalExpenditures": "161681000",
            "operatingCashflow": "-7397000",
            "grossProfit": "102801000",
            "totalRevenue": "129462000",
            "sentiment": 0.22534181219990343,
            "surprise": "-9.67",
            "closePrice": "426.67"
        },
        {
            "fiscalDateEnding": "2023-06-30",
            "totalCurrentAssets": "209634000",
            "cashAndShortTermInvestments": "65968000",
            "totalCurrentLiabilities": "272930000",
            "currentDebt": "468000",
            "netIncome": "22243000",
            "capitalExpenditures": "347003000",
            "operatingCashflow": "-18472000",
            "grossProfit": "93279000",
            "totalRevenue": "120400000",
            "sentiment": 0.2280025822433003,
            "surprise": "2.87",
            "closePrice": "434.98"
        },
        {
            "fiscalDateEnding": "2023-03-31",
            "totalCurrentAssets": "259676000",
            "cashAndShortTermInvestments": "94311000",
            "totalCurrentLiabilities": "312399000",
            "currentDebt": "460000",
            "netIncome": "461193000",
            "capitalExpenditures": "179774000",
            "operatingCashflow": "37397000",
            "grossProfit": "93974000",
            "totalRevenue": "121915000",
            "sentiment": 0.12256068507503803,
            "surprise": "31.87",
            "closePrice": "307.47"
        },
        {
            "fiscalDateEnding": "2022-12-31",
            "totalCurrentAssets": "264566000",
            "cashAndShortTermInvestments": "43835000",
            "totalCurrentLiabilities": "317403000",
            "currentDebt": "454000",
            "netIncome": "-249669000",
            "capitalExpenditures": "57078000",
            "operatingCashflow": "-18198000",
            "grossProfit": "105831000",
            "totalRevenue": "132554000",
            "sentiment": 0.11513964944591669,
            "surprise": "-21.95",
            "closePrice": "292.13"
        },
        {
            "fiscalDateEnding": "2022-09-30",
            "totalCurrentAssets": "202293000",
            "cashAndShortTermInvestments": "60390000",
            "totalCurrentLiabilities": "260520000",
            "currentDebt": "None",
            "netIncome": "-27079000",
            "capitalExpenditures": "5978000",
            "operatingCashflow": "-1454000",
            "grossProfit": "99975000",
            "totalRevenue": "125360000",
            "sentiment": 0.0719794551688692,
            "surprise": "-2.66",
            "closePrice": "257.2"
        },
        {
            "fiscalDateEnding": "2022-06-30",
            "totalCurrentAssets": "219682000",
            "cashAndShortTermInvestments": "69386000",
            "totalCurrentLiabilities": "274100000",
            "currentDebt": "None",
            "netIncome": "-1062298000",
            "capitalExpenditures": "10000000",
            "operatingCashflow": "-20819000",
            "grossProfit": "96869000",
            "totalRevenue": "122073000",
            "sentiment": -0.05092337788850613,
            "surprise": "-86.74",
            "closePrice": "278.26"
        },
        {
            "fiscalDateEnding": "2022-03-31",
            "totalCurrentAssets": "246988000",
            "cashAndShortTermInvestments": "92677000",
            "totalCurrentLiabilities": "304875000",
            "currentDebt": "None",
            "netIncome": "-130751000",
            "capitalExpenditures": "216141000",
            "operatingCashflow": "43682000",
            "grossProfit": "93600000",
            "totalRevenue": "119277000",
            "sentiment": 0.002950769641230766,
            "surprise": "-11.83",
            "closePrice": "343.4"
        },
        {
            "fiscalDateEnding": "2021-12-31",
            "totalCurrentAssets": "267965000",
            "cashAndShortTermInvestments": "63356000",
            "totalCurrentLiabilities": "311985000",
            "currentDebt": "None",
            "netIncome": "-89977000",
            "capitalExpenditures": "592353000",
            "operatingCashflow": "3247000",
            "grossProfit": "110512000",
            "totalRevenue": "134515000",
            "sentiment": 0,
            "surprise": "3.83",
            "closePrice": "373.0"
        },
        {
            "fiscalDateEnding": "2021-09-30",
            "totalCurrentAssets": "197622000",
            "cashAndShortTermInvestments": "56975000",
            "totalCurrentLiabilities": "253910000",
            "currentDebt": "None",
            "netIncome": "-36136000",
            "capitalExpenditures": "419865000",
            "operatingCashflow": "13911000",
            "grossProfit": "105675000",
            "totalRevenue": "127994000",
            "sentiment": 0,
            "surprise": "0.61",
            "closePrice": "717.13"
        },
        {
            "fiscalDateEnding": "2021-06-30",
            "totalCurrentAssets": "208458000",
            "cashAndShortTermInvestments": "56399000",
            "totalCurrentLiabilities": "274998000",
            "currentDebt": "None",
            "netIncome": "-299347000",
            "capitalExpenditures": "529231000",
            "operatingCashflow": "13972000",
            "grossProfit": "102313000",
            "totalRevenue": "125351000",
            "sentiment": 0,
            "surprise": "0.72",
            "closePrice": "625.01"
        },
        {
            "fiscalDateEnding": "2021-03-31",
            "totalCurrentAssets": "250754000",
            "cashAndShortTermInvestments": "82544000",
            "totalCurrentLiabilities": "283620000",
            "currentDebt": "None",
            "netIncome": "-110020000",
            "capitalExpenditures": "1086822000",
            "operatingCashflow": "62703000",
            "grossProfit": "100353000",
            "totalRevenue": "122902000",
            "sentiment": 0,
            "surprise": "1",
            "closePrice": "655.01"
        },
        {
            "fiscalDateEnding": "2020-12-31",
            "totalCurrentAssets": "272620000",
            "cashAndShortTermInvestments": "59675000",
            "totalCurrentLiabilities": "285618000",
            "currentDebt": "None",
            "netIncome": "2661000",
            "capitalExpenditures": "700000000",
            "operatingCashflow": "25322000",
            "grossProfit": "110534000",
            "totalRevenue": "131319000",
            "sentiment": 0,
            "surprise": "-1.23",
            "closePrice": "578.375"
        },
        {
            "fiscalDateEnding": "2020-09-30",
            "totalCurrentAssets": "218436000",
            "cashAndShortTermInvestments": "52653000",
            "totalCurrentLiabilities": "243690000",
            "currentDebt": "None",
            "netIncome": "-14229000",
            "capitalExpenditures": "425000000",
            "operatingCashflow": "1776000",
            "grossProfit": "105672000",
            "totalRevenue": "127408000",
            "sentiment": 0,
            "surprise": "2.73",
            "closePrice": "175.58"
        },
        {
            "fiscalDateEnding": "2020-06-30",
            "totalCurrentAssets": "672773000",
            "cashAndShortTermInvestments": "530871000",
            "totalCurrentLiabilities": "239917000",
            "currentDebt": "None",
            "netIncome": "3387000",
            "capitalExpenditures": "501000",
            "operatingCashflow": "-2548000",
            "grossProfit": "86595000",
            "totalRevenue": "110584000",
            "sentiment": 0,
            "surprise": "-0.05",
            "closePrice": "117.81"
        },
        {
            "fiscalDateEnding": "2020-03-31",
            "totalCurrentAssets": "693062000",
            "cashAndShortTermInvestments": "539222000",
            "totalCurrentLiabilities": "252637000",
            "currentDebt": "None",
            "netIncome": "657000",
            "capitalExpenditures": "661000",
            "operatingCashflow": "29069000",
            "grossProfit": "86879000",
            "totalRevenue": "111424000",
            "sentiment": 0,
            "surprise": "-0.12",
            "closePrice": "128.85"
        },
        {
            "fiscalDateEnding": "2019-12-31",
            "totalCurrentAssets": "753446000",
            "cashAndShortTermInvestments": "565646000",
            "totalCurrentLiabilities": "269818000",
            "currentDebt": "9602000",
            "netIncome": "12167000",
            "capitalExpenditures": "800000",
            "operatingCashflow": "8544000",
            "grossProfit": "108895000",
            "totalRevenue": "133531000",
            "sentiment": 0,
            "surprise": "0.37",
            "closePrice": "144.0"
        },
        {
            "fiscalDateEnding": "2019-09-30",
            "totalCurrentAssets": "721754000",
            "cashAndShortTermInvestments": "578289000",
            "totalCurrentLiabilities": "230699000",
            "currentDebt": "9312000",
            "netIncome": "9700000",
            "capitalExpenditures": "950000",
            "operatingCashflow": "3121000",
            "grossProfit": "95878000",
            "totalRevenue": "119693000",
            "sentiment": 0,
            "surprise": "0.28",
            "closePrice": "146.65"
        },
        {
            "fiscalDateEnding": "2019-06-30",
            "totalCurrentAssets": "727288000",
            "cashAndShortTermInvestments": "574846000",
            "totalCurrentLiabilities": "250647000",
            "currentDebt": "None",
            "netIncome": "20394000",
            "capitalExpenditures": "2421000",
            "operatingCashflow": "22746000",
            "grossProfit": "92387000",
            "totalRevenue": "117737000",
            "sentiment": 0,
            "surprise": "-0.24",
            "closePrice": "123.19"
        },
        {
            "fiscalDateEnding": "2019-03-31",
            "totalCurrentAssets": "718412000",
            "cashAndShortTermInvestments": "551057000",
            "totalCurrentLiabilities": "264010000",
            "currentDebt": "None",
            "netIncome": "-7906000",
            "capitalExpenditures": "6011000",
            "operatingCashflow": "26456000",
            "grossProfit": "89193000",
            "totalRevenue": "115366000",
            "sentiment": 0,
            "surprise": "-0.85",
            "closePrice": "149.7"
        },
        {
            "fiscalDateEnding": "2018-12-31",
            "totalCurrentAssets": "778399000",
            "cashAndShortTermInvestments": "576110000",
            "totalCurrentLiabilities": "258269000",
            "currentDebt": "None",
            "netIncome": "3301000",
            "capitalExpenditures": "2389000",
            "operatingCashflow": "-12621000",
            "grossProfit": "106032000",
            "totalRevenue": "131917000",
            "sentiment": 0,
            "surprise": "-0.91",
            "closePrice": "138.27"
        },
        {
            "fiscalDateEnding": "2018-09-30",
            "totalCurrentAssets": "838466000",
            "cashAndShortTermInvestments": "699175000",
            "totalCurrentLiabilities": "211864000",
            "currentDebt": "None",
            "netIncome": "12699000",
            "capitalExpenditures": "1813000",
            "operatingCashflow": "-79000",
            "grossProfit": "98763000",
            "totalRevenue": "122152000",
            "sentiment": 0,
            "surprise": "0.22",
            "closePrice": "123.25"
        },
        {
            "fiscalDateEnding": "2018-06-30",
            "totalCurrentAssets": "853536000",
            "cashAndShortTermInvestments": "699594000",
            "totalCurrentLiabilities": "236645000",
            "currentDebt": "None",
            "netIncome": "4828000",
            "capitalExpenditures": "1350000",
            "operatingCashflow": "4610000",
            "grossProfit": "95562000",
            "totalRevenue": "120602000",
            "sentiment": 0,
            "surprise": "0.27",
            "closePrice": "137.38"
        },
        {
            "fiscalDateEnding": "2018-03-31",
            "totalCurrentAssets": "876480000",
            "cashAndShortTermInvestments": "695467000",
            "totalCurrentLiabilities": "261749000",
            "currentDebt": "None",
            "netIncome": "1673000",
            "capitalExpenditures": "1294000",
            "operatingCashflow": "18717000",
            "grossProfit": "97782000",
            "totalRevenue": "122967000",
            "sentiment": 0,
            "surprise": "-0.23",
            "closePrice": "132.29"
        },
        {
            "fiscalDateEnding": "2017-12-31",
            "totalCurrentAssets": "860653000",
            "cashAndShortTermInvestments": "675171000",
            "totalCurrentLiabilities": "270943000",
            "currentDebt": "None",
            "netIncome": "-25499000",
            "capitalExpenditures": "1700000",
            "operatingCashflow": "29039000",
            "grossProfit": "111628000",
            "totalRevenue": "138145000",
            "sentiment": 0,
            "surprise": "0.18",
            "closePrice": "137.33"
        },
        {
            "fiscalDateEnding": "2017-09-30",
            "totalCurrentAssets": "730854000",
            "cashAndShortTermInvestments": "646104000",
            "totalCurrentLiabilities": "176827000",
            "currentDebt": "None",
            "netIncome": "18184000",
            "capitalExpenditures": "815000",
            "operatingCashflow": "12170000",
            "grossProfit": "101621000",
            "totalRevenue": "126010000",
            "sentiment": 0,
            "surprise": "0.56",
            "closePrice": "140.96"
        },
        {
            "fiscalDateEnding": "2017-06-30",
            "totalCurrentAssets": "715184000",
            "cashAndShortTermInvestments": "632395000",
            "totalCurrentLiabilities": "181594000",
            "currentDebt": "None",
            "netIncome": "9953000",
            "capitalExpenditures": "647000",
            "operatingCashflow": "-25680000",
            "grossProfit": "94845000",
            "totalRevenue": "119220000",
            "sentiment": 0,
            "surprise": "-0.59",
            "closePrice": "189.18"
        },
        {
            "fiscalDateEnding": "2017-03-31",
            "totalCurrentAssets": "704455000",
            "cashAndShortTermInvestments": "618492000",
            "totalCurrentLiabilities": "185952000",
            "currentDebt": "None",
            "netIncome": "15557000",
            "capitalExpenditures": "820000",
            "operatingCashflow": "26037000",
            "grossProfit": "99100000",
            "totalRevenue": "122232000",
            "sentiment": 0,
            "surprise": "-0.19",
            "closePrice": "192.49"
        },
        {
            "fiscalDateEnding": "2016-12-31",
            "totalCurrentAssets": "684987000",
            "cashAndShortTermInvestments": "589383000",
            "totalCurrentLiabilities": "185486000",
            "currentDebt": "None",
            "netIncome": "31124000",
            "capitalExpenditures": "777000",
            "operatingCashflow": "-77149000",
            "grossProfit": "116820000",
            "totalRevenue": "140108000",
            "sentiment": 0,
            "surprise": "0.19",
            "closePrice": "201.3"
        },
        {
            "fiscalDateEnding": "2016-09-30",
            "totalCurrentAssets": "649117000",
            "cashAndShortTermInvestments": "578902000",
            "totalCurrentLiabilities": "183109000",
            "currentDebt": "None",
            "netIncome": "26628000",
            "capitalExpenditures": "625000",
            "operatingCashflow": "26628000",
            "grossProfit": "106961000",
            "totalRevenue": "129896000",
            "sentiment": 0,
            "surprise": "0.51",
            "closePrice": "173.53"
        },
        {
            "fiscalDateEnding": "2016-06-30",
            "totalCurrentAssets": "621030000",
            "cashAndShortTermInvestments": "550086000",
            "totalCurrentLiabilities": "189121000",
            "currentDebt": "None",
            "netIncome": "18884000",
            "capitalExpenditures": "742000",
            "operatingCashflow": "18884000",
            "grossProfit": "99041000",
            "totalRevenue": "123142000",
            "sentiment": 0,
            "surprise": "-0.46",
            "closePrice": "185.08"
        },
        {
            "fiscalDateEnding": "2016-03-31",
            "totalCurrentAssets": "608119000",
            "cashAndShortTermInvestments": "536297000",
            "totalCurrentLiabilities": "195879000",
            "currentDebt": "None",
            "netIncome": "14272000",
            "capitalExpenditures": "193000",
            "operatingCashflow": "50827000",
            "grossProfit": "96192000",
            "totalRevenue": "119015000",
            "sentiment": 0,
            "surprise": "-0.66",
            "closePrice": "189.97"
        },
        {
            "fiscalDateEnding": "2015-12-31",
            "totalCurrentAssets": "565314000",
            "cashAndShortTermInvestments": "485661000",
            "totalCurrentLiabilities": "172658000",
            "currentDebt": "None",
            "netIncome": "39111000",
            "capitalExpenditures": "132000",
            "operatingCashflow": "-106569000",
            "grossProfit": "120108000",
            "totalRevenue": "143522000",
            "sentiment": 0,
            "surprise": "1.19",
            "closePrice": "142.39"
        },
        {
            "fiscalDateEnding": "2015-09-30",
            "totalCurrentAssets": "536854000",
            "cashAndShortTermInvestments": "456877000",
            "totalCurrentLiabilities": "181176000",
            "currentDebt": "None",
            "netIncome": "23893000",
            "capitalExpenditures": "98000",
            "operatingCashflow": "23893000",
            "grossProfit": "104852000",
            "totalRevenue": "129536000",
            "sentiment": 0,
            "surprise": "0.1",
            "closePrice": "196.26"
        },
        {
            "fiscalDateEnding": "2015-06-30",
            "totalCurrentAssets": "513449000",
            "cashAndShortTermInvestments": "427895000",
            "totalCurrentLiabilities": "188217000",
            "currentDebt": "None",
            "netIncome": "22467000",
            "capitalExpenditures": "1719000",
            "operatingCashflow": "22467000",
            "grossProfit": "107028000",
            "totalRevenue": "132940000",
            "sentiment": 0,
            "surprise": "0.58",
            "closePrice": "178.17"
        },
        {
            "fiscalDateEnding": "2015-03-31",
            "totalCurrentAssets": "483429000",
            "cashAndShortTermInvestments": "391823000",
            "totalCurrentLiabilities": "197338000",
            "currentDebt": "None",
            "netIncome": "20460000",
            "capitalExpenditures": "1535000",
            "operatingCashflow": "55846000",
            "grossProfit": "96773000",
            "totalRevenue": "123871000",
            "sentiment": 0,
            "surprise": "0.83",
            "closePrice": "169.7"
        },
        {
            "fiscalDateEnding": "2014-12-31",
            "totalCurrentAssets": "462365000",
            "cashAndShortTermInvestments": "345466000",
            "totalCurrentLiabilities": "197300000",
            "currentDebt": "None",
            "netIncome": "22699000",
            "capitalExpenditures": "544000",
            "operatingCashflow": "-1721000",
            "grossProfit": "117236000",
            "totalRevenue": "148871000",
            "sentiment": 0,
            "surprise": "0.95",
            "closePrice": "168.3"
        },
        {
            "fiscalDateEnding": "2014-09-30",
            "totalCurrentAssets": "464257000",
            "cashAndShortTermInvestments": "354602000",
            "totalCurrentLiabilities": "222524000",
            "currentDebt": "None",
            "netIncome": "-845000",
            "capitalExpenditures": "7672000",
            "operatingCashflow": "1951000",
            "grossProfit": "116249000",
            "totalRevenue": "151202000",
            "sentiment": 0,
            "surprise": "1.13",
            "closePrice": "154.2"
        },
        {
            "fiscalDateEnding": "2014-06-30",
            "totalCurrentAssets": "466486000",
            "cashAndShortTermInvestments": "367539000",
            "totalCurrentLiabilities": "230857000",
            "currentDebt": "None",
            "netIncome": "-10337000",
            "capitalExpenditures": "2508000",
            "operatingCashflow": "3590000",
            "grossProfit": "106240000",
            "totalRevenue": "141853000",
            "sentiment": 0,
            "surprise": "-0.83",
            "closePrice": "137.53"
        },
        {
            "fiscalDateEnding": "2014-03-31",
            "totalCurrentAssets": "462362000",
            "cashAndShortTermInvestments": "365831000",
            "totalCurrentLiabilities": "228722000",
            "currentDebt": "None",
            "netIncome": "-6482000",
            "capitalExpenditures": "1676000",
            "operatingCashflow": "10780000",
            "grossProfit": "104895000",
            "totalRevenue": "137904000",
            "sentiment": 0,
            "surprise": "-0.67",
            "closePrice": "120.0"
        },
        {
            "fiscalDateEnding": "2013-12-31",
            "totalCurrentAssets": "479948000",
            "cashAndShortTermInvestments": "357369000",
            "totalCurrentLiabilities": "233519000",
            "currentDebt": "None",
            "netIncome": "16148000",
            "capitalExpenditures": "1024000",
            "operatingCashflow": "15345000",
            "grossProfit": "132912000",
            "totalRevenue": "165881000",
            "sentiment": 0,
            "surprise": "0.33",
            "closePrice": "116.25"
        },
        {
            "fiscalDateEnding": "2013-09-30",
            "totalCurrentAssets": "441646000",
            "cashAndShortTermInvestments": "343948000",
            "totalCurrentLiabilities": "219435000",
            "currentDebt": "None",
            "netIncome": "17146000",
            "capitalExpenditures": "1098000",
            "operatingCashflow": "31203000",
            "grossProfit": "108666000",
            "totalRevenue": "141919000",
            "sentiment": 0,
            "surprise": "1.3",
            "closePrice": "100.62"
        },
        {
            "fiscalDateEnding": "2013-06-30",
            "totalCurrentAssets": "422243000",
            "cashAndShortTermInvestments": "317775000",
            "totalCurrentLiabilities": "209227000",
            "currentDebt": "None",
            "netIncome": "-1553000",
            "capitalExpenditures": "3424000",
            "operatingCashflow": "-6455000",
            "grossProfit": "101459000",
            "totalRevenue": "137905000",
            "sentiment": 0,
            "surprise": "-0.47",
            "closePrice": "96.57"
        },
        {
            "fiscalDateEnding": "2013-03-31",
            "totalCurrentAssets": "431404000",
            "cashAndShortTermInvestments": "330395000",
            "totalCurrentLiabilities": "216624000",
            "currentDebt": "None",
            "netIncome": "51591000",
            "capitalExpenditures": "5497000",
            "operatingCashflow": "-10159000",
            "grossProfit": "94282000",
            "totalRevenue": "130183000",
            "sentiment": 0,
            "surprise": "-0.81",
            "closePrice": "99.3"
        },
        {
            "fiscalDateEnding": "2012-12-31",
            "totalCurrentAssets": "362043000",
            "cashAndShortTermInvestments": "224429000",
            "totalCurrentLiabilities": "219155000",
            "currentDebt": "None",
            "netIncome": "8240000",
            "capitalExpenditures": "3105000",
            "operatingCashflow": "8697000",
            "grossProfit": "119547000",
            "totalRevenue": "155986000",
            "sentiment": 0,
            "surprise": "-0.23",
            "closePrice": "99.39"
        },
        {
            "fiscalDateEnding": "2012-09-30",
            "totalCurrentAssets": "335497000",
            "cashAndShortTermInvestments": "216837000",
            "totalCurrentLiabilities": "205135000",
            "currentDebt": "None",
            "netIncome": "4763000",
            "capitalExpenditures": "4069000",
            "operatingCashflow": "21338000",
            "grossProfit": "101233000",
            "totalRevenue": "136080000",
            "sentiment": 0,
            "surprise": "-0.41",
            "closePrice": "94.47"
        },
        {
            "fiscalDateEnding": "2012-06-30",
            "totalCurrentAssets": "314896000",
            "cashAndShortTermInvestments": "195787000",
            "totalCurrentLiabilities": "193816000",
            "currentDebt": "None",
            "netIncome": "7271000",
            "capitalExpenditures": "10490000",
            "operatingCashflow": "-925000",
            "grossProfit": "101264000",
            "totalRevenue": "135324000",
            "sentiment": 0,
            "surprise": "0.19",
            "closePrice": "118.88"
        },
        {
            "fiscalDateEnding": "2012-03-31",
            "totalCurrentAssets": "332816000",
            "cashAndShortTermInvestments": "211469000",
            "totalCurrentLiabilities": "218411000",
            "currentDebt": "None",
            "netIncome": "272000",
            "capitalExpenditures": "13452000",
            "operatingCashflow": "20774000",
            "grossProfit": "102604000",
            "totalRevenue": "138334000",
            "sentiment": 0,
            "surprise": "-0.02",
            "closePrice": "142.04"
        },
        {
            "fiscalDateEnding": "2011-12-31",
            "totalCurrentAssets": "343205000",
            "cashAndShortTermInvestments": "199923000",
            "totalCurrentLiabilities": "218393000",
            "currentDebt": "None",
            "netIncome": "9000000",
            "capitalExpenditures": "11532000",
            "operatingCashflow": "28438000",
            "grossProfit": "122614000",
            "totalRevenue": "160266000",
            "sentiment": 0,
            "surprise": "-0.14",
            "closePrice": "115.52"
        },
        {
            "fiscalDateEnding": "2011-09-30",
            "totalCurrentAssets": "310393000",
            "cashAndShortTermInvestments": "186713000",
            "totalCurrentLiabilities": "193452000",
            "currentDebt": "None",
            "netIncome": "4921000",
            "capitalExpenditures": "10322000",
            "operatingCashflow": "910000",
            "grossProfit": "105040000",
            "totalRevenue": "141704000",
            "sentiment": 0,
            "surprise": "-0.23",
            "closePrice": "131.77"
        },
        {
            "fiscalDateEnding": "2011-06-30",
            "totalCurrentAssets": "305277000",
            "cashAndShortTermInvestments": "193495000",
            "totalCurrentLiabilities": "192226000",
            "currentDebt": "None",
            "netIncome": "2885000",
            "capitalExpenditures": "16136000",
            "operatingCashflow": "3258000",
            "grossProfit": "103608000",
            "totalRevenue": "138151000",
            "sentiment": 0,
            "surprise": "-0.31",
            "closePrice": "151.92"
        }
    ]
}