{
    "MTSI": [
        {
            "fiscalDateEnding": "2023-12-31",
            "totalCurrentAssets": "744951000",
            "cashAndShortTermInvestments": "463291000",
            "totalCurrentLiabilities": "102869000",
            "currentDebt": "1052000",
            "netIncome": "12526000",
            "capitalExpenditures": "4652000",
            "operatingCashflow": "33099000",
            "grossProfit": "87310000",
            "totalRevenue": "157148000",
            "sentiment": 0.05511530504317098,
            "surprise": "0.01",
            "closePrice": "84.04"
        },
        {
            "fiscalDateEnding": "2023-09-30",
            "totalCurrentAssets": "761193000",
            "cashAndShortTermInvestments": "514526000",
            "totalCurrentLiabilities": "83525000",
            "currentDebt": "1162000",
            "netIncome": "24450000",
            "capitalExpenditures": "5809000",
            "operatingCashflow": "50354000",
            "grossProfit": "86626000",
            "totalRevenue": "150375000",
            "sentiment": 0.24748103219981507,
            "surprise": "0",
            "closePrice": "72.41"
        },
        {
            "fiscalDateEnding": "2023-06-30",
            "totalCurrentAssets": "852051000",
            "cashAndShortTermInvestments": "587592000",
            "totalCurrentLiabilities": "210637000",
            "currentDebt": "125242000",
            "netIncome": "11853000",
            "capitalExpenditures": "3276000",
            "operatingCashflow": "45816000",
            "grossProfit": "86126000",
            "totalRevenue": "148522000",
            "sentiment": 0.31863227315743836,
            "surprise": "0",
            "closePrice": "74.75"
        },
        {
            "fiscalDateEnding": "2023-03-31",
            "totalCurrentAssets": "848316000",
            "cashAndShortTermInvestments": "577308000",
            "totalCurrentLiabilities": "91249000",
            "currentDebt": "4870000",
            "netIncome": "25755000",
            "capitalExpenditures": "5998000",
            "operatingCashflow": "32474000",
            "grossProfit": "102690000",
            "totalRevenue": "169406000",
            "sentiment": 0.29215376602632953,
            "surprise": "0.01",
            "closePrice": "54.85"
        },
        {
            "fiscalDateEnding": "2022-12-31",
            "totalCurrentAssets": "847633000",
            "cashAndShortTermInvestments": "594732000",
            "totalCurrentLiabilities": "93784000",
            "currentDebt": "1034000",
            "netIncome": "29519000",
            "capitalExpenditures": "9616000",
            "operatingCashflow": "38273000",
            "grossProfit": "110355000",
            "totalRevenue": "180104000",
            "sentiment": 0.08495908616802039,
            "surprise": "0.03",
            "closePrice": "66.52"
        },
        {
            "fiscalDateEnding": "2022-09-30",
            "totalCurrentAssets": "813083000",
            "cashAndShortTermInvestments": "586532000",
            "totalCurrentLiabilities": "97214000",
            "currentDebt": "1006000",
            "netIncome": "239336000",
            "capitalExpenditures": "7695000",
            "operatingCashflow": "59993000",
            "grossProfit": "108507000",
            "totalRevenue": "178143000",
            "sentiment": 0.18858021932439764,
            "surprise": "0.01",
            "closePrice": "60.26"
        },
        {
            "fiscalDateEnding": "2022-06-30",
            "totalCurrentAssets": "765505000",
            "cashAndShortTermInvestments": "536339000",
            "totalCurrentLiabilities": "101433000",
            "currentDebt": "None",
            "netIncome": "32234000",
            "capitalExpenditures": "6634000",
            "operatingCashflow": "40392000",
            "grossProfit": "104542000",
            "totalRevenue": "172259000",
            "sentiment": 0.10939075217302228,
            "surprise": "0.03",
            "closePrice": "56.79"
        },
        {
            "fiscalDateEnding": "2022-03-31",
            "totalCurrentAssets": "706436000",
            "cashAndShortTermInvestments": "503024000",
            "totalCurrentLiabilities": "94323000",
            "currentDebt": "None",
            "netIncome": "29558000",
            "capitalExpenditures": "7089000",
            "operatingCashflow": "42493000",
            "grossProfit": "98989000",
            "totalRevenue": "165147000",
            "sentiment": 0.006683,
            "surprise": "0.02",
            "closePrice": "51.89"
        },
        {
            "fiscalDateEnding": "2021-12-31",
            "totalCurrentAssets": "671564000",
            "cashAndShortTermInvestments": "477710000",
            "totalCurrentLiabilities": "97191000",
            "currentDebt": "921000",
            "netIncome": "138827000",
            "capitalExpenditures": "5095000",
            "operatingCashflow": "34104000",
            "grossProfit": "94143000",
            "totalRevenue": "159620000",
            "sentiment": 0,
            "surprise": "0.02",
            "closePrice": "58.08"
        },
        {
            "fiscalDateEnding": "2021-09-30",
            "totalCurrentAssets": "521536000",
            "cashAndShortTermInvestments": "344902000",
            "totalCurrentLiabilities": "93044000",
            "currentDebt": "958000",
            "netIncome": "17129000",
            "capitalExpenditures": "5028000",
            "operatingCashflow": "40810000",
            "grossProfit": "90211000",
            "totalRevenue": "155211000",
            "sentiment": 0,
            "surprise": "0.03",
            "closePrice": "74.52"
        },
        {
            "fiscalDateEnding": "2021-06-30",
            "totalCurrentAssets": "476335000",
            "cashAndShortTermInvestments": "308900000",
            "totalCurrentLiabilities": "87104000",
            "currentDebt": "None",
            "netIncome": "15005000",
            "capitalExpenditures": "5598000",
            "operatingCashflow": "44881000",
            "grossProfit": "87269000",
            "totalRevenue": "152622000",
            "sentiment": 0,
            "surprise": "0.04",
            "closePrice": "60.26"
        },
        {
            "fiscalDateEnding": "2021-03-31",
            "totalCurrentAssets": "432633000",
            "cashAndShortTermInvestments": "268094000",
            "totalCurrentLiabilities": "88573000",
            "currentDebt": "None",
            "netIncome": "14807000",
            "capitalExpenditures": "4438000",
            "operatingCashflow": "27941000",
            "grossProfit": "84113000",
            "totalRevenue": "150583000",
            "sentiment": 0,
            "surprise": "0.04",
            "closePrice": "57.61"
        },
        {
            "fiscalDateEnding": "2020-12-31",
            "totalCurrentAssets": "509215000",
            "cashAndShortTermInvestments": "354772000",
            "totalCurrentLiabilities": "98156000",
            "currentDebt": "None",
            "netIncome": "-8968000",
            "capitalExpenditures": "2890000",
            "operatingCashflow": "34780000",
            "grossProfit": "80262000",
            "totalRevenue": "148504000",
            "sentiment": 0,
            "surprise": "0.04",
            "closePrice": "59.94"
        },
        {
            "fiscalDateEnding": "2020-09-30",
            "totalCurrentAssets": "481519000",
            "cashAndShortTermInvestments": "333152000",
            "totalCurrentLiabilities": "94950000",
            "currentDebt": "8253000",
            "netIncome": "17492000",
            "capitalExpenditures": "4915000",
            "operatingCashflow": "74403000",
            "grossProfit": "77716000",
            "totalRevenue": "147249000",
            "sentiment": 0,
            "surprise": "0.02",
            "closePrice": "41.43"
        },
        {
            "fiscalDateEnding": "2020-06-30",
            "totalCurrentAssets": "450268000",
            "cashAndShortTermInvestments": "265118000",
            "totalCurrentLiabilities": "95017000",
            "currentDebt": "None",
            "netIncome": "-24982000",
            "capitalExpenditures": "3622000",
            "operatingCashflow": "34056000",
            "grossProfit": "70876000",
            "totalRevenue": "137267000",
            "sentiment": 0,
            "surprise": "0.12",
            "closePrice": "36.28"
        },
        {
            "fiscalDateEnding": "2020-03-31",
            "totalCurrentAssets": "417983000",
            "cashAndShortTermInvestments": "221582000",
            "totalCurrentLiabilities": "92964000",
            "currentDebt": "None",
            "netIncome": "-10226000",
            "capitalExpenditures": "4788000",
            "operatingCashflow": "25280000",
            "grossProfit": "63370000",
            "totalRevenue": "126424000",
            "sentiment": 0,
            "surprise": "0.07",
            "closePrice": "28.89"
        },
        {
            "fiscalDateEnding": "2019-12-31",
            "totalCurrentAssets": "410634000",
            "cashAndShortTermInvestments": "210063000",
            "totalCurrentLiabilities": "94639000",
            "currentDebt": "None",
            "netIncome": "-28362000",
            "capitalExpenditures": "4248000",
            "operatingCashflow": "37658000",
            "grossProfit": "58204000",
            "totalRevenue": "119097000",
            "sentiment": 0,
            "surprise": "0.04",
            "closePrice": "26.27"
        },
        {
            "fiscalDateEnding": "2019-09-30",
            "totalCurrentAssets": "398582000",
            "cashAndShortTermInvestments": "176745000",
            "totalCurrentLiabilities": "74836000",
            "currentDebt": "None",
            "netIncome": "10516000",
            "capitalExpenditures": "6058000",
            "operatingCashflow": "-7577000",
            "grossProfit": "52925000",
            "totalRevenue": "112248000",
            "sentiment": 0,
            "surprise": "0.03",
            "closePrice": "24.31"
        },
        {
            "fiscalDateEnding": "2019-06-30",
            "totalCurrentAssets": "413089000",
            "cashAndShortTermInvestments": "185785000",
            "totalCurrentLiabilities": "74836000",
            "currentDebt": "None",
            "netIncome": "-324714000",
            "capitalExpenditures": "9305000",
            "operatingCashflow": "1439000",
            "grossProfit": "33828000",
            "totalRevenue": "108306000",
            "sentiment": 0,
            "surprise": "0",
            "closePrice": "19.68"
        },
        {
            "fiscalDateEnding": "2019-03-31",
            "totalCurrentAssets": "445259000",
            "cashAndShortTermInvestments": "192385000",
            "totalCurrentLiabilities": "88804000",
            "currentDebt": "None",
            "netIncome": "-46204000",
            "capitalExpenditures": "11079000",
            "operatingCashflow": "23929000",
            "grossProfit": "57330000",
            "totalRevenue": "128465000",
            "sentiment": 0,
            "surprise": "-0.07",
            "closePrice": "12.6"
        },
        {
            "fiscalDateEnding": "2018-12-31",
            "totalCurrentAssets": "459428000",
            "cashAndShortTermInvestments": "185759000",
            "totalCurrentLiabilities": "93179000",
            "currentDebt": "None",
            "netIncome": "-23396000",
            "capitalExpenditures": "11521000",
            "operatingCashflow": "2909000",
            "grossProfit": "76625000",
            "totalRevenue": "150689000",
            "sentiment": 0,
            "surprise": "0",
            "closePrice": "18.23"
        },
        {
            "fiscalDateEnding": "2018-09-30",
            "totalCurrentAssets": "458861000",
            "cashAndShortTermInvestments": "192897000",
            "totalCurrentLiabilities": "107005000",
            "currentDebt": "None",
            "netIncome": "-16493000",
            "capitalExpenditures": "13601000",
            "operatingCashflow": "25077000",
            "grossProfit": "70982000",
            "totalRevenue": "151187000",
            "sentiment": 0,
            "surprise": "0",
            "closePrice": "15.14"
        },
        {
            "fiscalDateEnding": "2018-06-30",
            "totalCurrentAssets": "454393000",
            "cashAndShortTermInvestments": "182991000",
            "totalCurrentLiabilities": "91479000",
            "currentDebt": "None",
            "netIncome": "-85430000",
            "capitalExpenditures": "12863000",
            "operatingCashflow": "60000",
            "grossProfit": "48169000",
            "totalRevenue": "137872000",
            "sentiment": 0,
            "surprise": "0",
            "closePrice": "20.83"
        },
        {
            "fiscalDateEnding": "2018-03-31",
            "totalCurrentAssets": "475209000",
            "cashAndShortTermInvestments": "190091000",
            "totalCurrentLiabilities": "88587000",
            "currentDebt": "None",
            "netIncome": "-15484000",
            "capitalExpenditures": "12757000",
            "operatingCashflow": "10622000",
            "grossProfit": "65601000",
            "totalRevenue": "150414000",
            "sentiment": 0,
            "surprise": "0.01",
            "closePrice": "17.52"
        },
        {
            "fiscalDateEnding": "2017-12-31",
            "totalCurrentAssets": "481225000",
            "cashAndShortTermInvestments": "196670000",
            "totalCurrentLiabilities": "84469000",
            "currentDebt": "None",
            "netIncome": "-22569000",
            "capitalExpenditures": "13823000",
            "operatingCashflow": "534000",
            "grossProfit": "60954000",
            "totalRevenue": "130925000",
            "sentiment": 0,
            "surprise": "-0.03",
            "closePrice": "30.36"
        },
        {
            "fiscalDateEnding": "2017-09-30",
            "totalCurrentAssets": "562897000",
            "cashAndShortTermInvestments": "214225000",
            "totalCurrentLiabilities": "117119000",
            "currentDebt": "None",
            "netIncome": "-10721000",
            "capitalExpenditures": "8308000",
            "operatingCashflow": "12361000",
            "grossProfit": "86896000",
            "totalRevenue": "166646000",
            "sentiment": 0,
            "surprise": "0",
            "closePrice": "36.61"
        },
        {
            "fiscalDateEnding": "2017-06-30",
            "totalCurrentAssets": "569850000",
            "cashAndShortTermInvestments": "249247000",
            "totalCurrentLiabilities": "101613000",
            "currentDebt": "None",
            "netIncome": "-27677000",
            "capitalExpenditures": "8201000",
            "operatingCashflow": "27850000",
            "grossProfit": "92629000",
            "totalRevenue": "187377000",
            "sentiment": 0,
            "surprise": "-0.02",
            "closePrice": "61.06"
        },
        {
            "fiscalDateEnding": "2017-03-31",
            "totalCurrentAssets": "480173000",
            "cashAndShortTermInvestments": "144186000",
            "totalCurrentLiabilities": "106097000",
            "currentDebt": "None",
            "netIncome": "-130131000",
            "capitalExpenditures": "11353000",
            "operatingCashflow": "432000",
            "grossProfit": "68864000",
            "totalRevenue": "178710000",
            "sentiment": 0,
            "surprise": "0.02",
            "closePrice": "53.84"
        },
        {
            "fiscalDateEnding": "2016-12-31",
            "totalCurrentAssets": "641775000",
            "cashAndShortTermInvestments": "175835000",
            "totalCurrentLiabilities": "87063000",
            "currentDebt": "None",
            "netIncome": "-965000",
            "capitalExpenditures": "4942000",
            "operatingCashflow": "20407000",
            "grossProfit": "78495000",
            "totalRevenue": "144402000",
            "sentiment": 0,
            "surprise": "0.01",
            "closePrice": "47.55"
        },
        {
            "fiscalDateEnding": "2016-09-30",
            "totalCurrentAssets": "612944000",
            "cashAndShortTermInvestments": "356753000",
            "totalCurrentLiabilities": "92150000",
            "currentDebt": "None",
            "netIncome": "5102000",
            "capitalExpenditures": "7226000",
            "operatingCashflow": "24885000",
            "grossProfit": "81804000",
            "totalRevenue": "152697000",
            "sentiment": 0,
            "surprise": "-0.02",
            "closePrice": "41.51"
        },
        {
            "fiscalDateEnding": "2016-06-30",
            "totalCurrentAssets": "328084000",
            "cashAndShortTermInvestments": "90568000",
            "totalCurrentLiabilities": "78137000",
            "currentDebt": "None",
            "netIncome": "22552000",
            "capitalExpenditures": "7138000",
            "operatingCashflow": "19249000",
            "grossProfit": "73962000",
            "totalRevenue": "142288000",
            "sentiment": 0,
            "surprise": "0",
            "closePrice": "37.76"
        },
        {
            "fiscalDateEnding": "2016-03-31",
            "totalCurrentAssets": "308025000",
            "cashAndShortTermInvestments": "81819000",
            "totalCurrentLiabilities": "82834000",
            "currentDebt": "None",
            "netIncome": "-10649000",
            "capitalExpenditures": "11033000",
            "operatingCashflow": "19584000",
            "grossProfit": "65525000",
            "totalRevenue": "133579000",
            "sentiment": 0,
            "surprise": "0.02",
            "closePrice": "41.22"
        },
        {
            "fiscalDateEnding": "2015-12-31",
            "totalCurrentAssets": "329406000",
            "cashAndShortTermInvestments": "77562000",
            "totalCurrentLiabilities": "80769000",
            "currentDebt": "None",
            "netIncome": "-15571000",
            "capitalExpenditures": "6706000",
            "operatingCashflow": "15514000",
            "grossProfit": "60318000",
            "totalRevenue": "115774000",
            "sentiment": 0,
            "surprise": "0.01",
            "closePrice": "40.07"
        },
        {
            "fiscalDateEnding": "2015-09-30",
            "totalCurrentAssets": "384219000",
            "cashAndShortTermInvestments": "161869000",
            "totalCurrentLiabilities": "71476000",
            "currentDebt": "None",
            "netIncome": "54406000",
            "capitalExpenditures": "6627000",
            "operatingCashflow": "5483000",
            "grossProfit": "56961000",
            "totalRevenue": "112564000",
            "sentiment": 0,
            "surprise": "0.01",
            "closePrice": "31.54"
        },
        {
            "fiscalDateEnding": "2015-06-30",
            "totalCurrentAssets": "309154000",
            "cashAndShortTermInvestments": "80687000",
            "totalCurrentLiabilities": "65654000",
            "currentDebt": "None",
            "netIncome": "8027000",
            "capitalExpenditures": "19348000",
            "operatingCashflow": "26763000",
            "grossProfit": "52496000",
            "totalRevenue": "109058000",
            "sentiment": 0,
            "surprise": "0.02",
            "closePrice": "30.49"
        },
        {
            "fiscalDateEnding": "2015-03-31",
            "totalCurrentAssets": "308740000",
            "cashAndShortTermInvestments": "73970000",
            "totalCurrentLiabilities": "68173000",
            "currentDebt": "None",
            "netIncome": "-7537000",
            "capitalExpenditures": "11611000",
            "operatingCashflow": "13952000",
            "grossProfit": "46714000",
            "totalRevenue": "102431000",
            "sentiment": 0,
            "surprise": "0.02",
            "closePrice": "32.19"
        },
        {
            "fiscalDateEnding": "2014-12-31",
            "totalCurrentAssets": "278802000",
            "cashAndShortTermInvestments": "48335000",
            "totalCurrentLiabilities": "71898000",
            "currentDebt": "None",
            "netIncome": "-6306000",
            "capitalExpenditures": "4012000",
            "operatingCashflow": "-12520000",
            "grossProfit": "47419000",
            "totalRevenue": "96556000",
            "sentiment": 0,
            "surprise": "0.03",
            "closePrice": "32.3"
        },
        {
            "fiscalDateEnding": "2014-09-30",
            "totalCurrentAssets": "373349000",
            "cashAndShortTermInvestments": "173895000",
            "totalCurrentLiabilities": "85646000",
            "currentDebt": "None",
            "netIncome": "14537000",
            "capitalExpenditures": "7096000",
            "operatingCashflow": "15812000",
            "grossProfit": "48784000",
            "totalRevenue": "93859000",
            "sentiment": 0,
            "surprise": "0.02",
            "closePrice": "22.98"
        },
        {
            "fiscalDateEnding": "2014-06-30",
            "totalCurrentAssets": "365864000",
            "cashAndShortTermInvestments": "173508000",
            "totalCurrentLiabilities": "95985000",
            "currentDebt": "None",
            "netIncome": "1183000",
            "capitalExpenditures": "5277000",
            "operatingCashflow": "13944000",
            "grossProfit": "43606000",
            "totalRevenue": "112364000",
            "sentiment": 0,
            "surprise": "0.01",
            "closePrice": "19.96"
        },
        {
            "fiscalDateEnding": "2014-03-31",
            "totalCurrentAssets": "248369000",
            "cashAndShortTermInvestments": "63139000",
            "totalCurrentLiabilities": "89429000",
            "currentDebt": "None",
            "netIncome": "-22122000",
            "capitalExpenditures": "4940000",
            "operatingCashflow": "-6622000",
            "grossProfit": "20142000",
            "totalRevenue": "107827000",
            "sentiment": 0,
            "surprise": "0.05",
            "closePrice": "17.5"
        },
        {
            "fiscalDateEnding": "2013-12-31",
            "totalCurrentAssets": "254858000",
            "cashAndShortTermInvestments": "66420000",
            "totalCurrentLiabilities": "93409000",
            "currentDebt": "None",
            "netIncome": "-8921000",
            "capitalExpenditures": "5150000",
            "operatingCashflow": "2338000",
            "grossProfit": "28408000",
            "totalRevenue": "84154000",
            "sentiment": 0,
            "surprise": "0",
            "closePrice": "17.44"
        },
        {
            "fiscalDateEnding": "2013-09-30",
            "totalCurrentAssets": "246447000",
            "cashAndShortTermInvestments": "110446000",
            "totalCurrentLiabilities": "52158000",
            "currentDebt": "None",
            "netIncome": "1740000",
            "capitalExpenditures": "6000000",
            "operatingCashflow": "-530000",
            "grossProfit": "36590000",
            "totalRevenue": "83655000",
            "sentiment": 0,
            "surprise": "0",
            "closePrice": "16.73"
        },
        {
            "fiscalDateEnding": "2013-06-30",
            "totalCurrentAssets": "243282000",
            "cashAndShortTermInvestments": "115631000",
            "totalCurrentLiabilities": "48650000",
            "currentDebt": "None",
            "netIncome": "6980000",
            "capitalExpenditures": "1969000",
            "operatingCashflow": "10837000",
            "grossProfit": "35504000",
            "totalRevenue": "82035000",
            "sentiment": 0,
            "surprise": "0.01",
            "closePrice": "15.7"
        },
        {
            "fiscalDateEnding": "2013-03-31",
            "totalCurrentAssets": "227267000",
            "cashAndShortTermInvestments": "103329000",
            "totalCurrentLiabilities": "45452000",
            "currentDebt": "None",
            "netIncome": "5420000",
            "capitalExpenditures": "3117000",
            "operatingCashflow": "9554000",
            "grossProfit": "32833000",
            "totalRevenue": "77624000",
            "sentiment": 0,
            "surprise": "0",
            "closePrice": "14.03"
        },
        {
            "fiscalDateEnding": "2012-12-31",
            "totalCurrentAssets": "216692000",
            "cashAndShortTermInvestments": "92574000",
            "totalCurrentLiabilities": "47082000",
            "currentDebt": "None",
            "netIncome": "4056000",
            "capitalExpenditures": "1580000",
            "operatingCashflow": "9042000",
            "grossProfit": "31486000",
            "totalRevenue": "75014000",
            "sentiment": 0,
            "surprise": "-0.01",
            "closePrice": "16.53"
        },
        {
            "fiscalDateEnding": "2012-09-30",
            "totalCurrentAssets": "213034000",
            "cashAndShortTermInvestments": "84528000",
            "totalCurrentLiabilities": "55727000",
            "currentDebt": "None",
            "netIncome": "16958000",
            "capitalExpenditures": "2168000",
            "operatingCashflow": "4101000",
            "grossProfit": "31534000",
            "totalRevenue": "74563000",
            "sentiment": 0,
            "surprise": "0.02",
            "closePrice": "10.75"
        },
        {
            "fiscalDateEnding": "2012-06-30",
            "totalCurrentAssets": "195134000",
            "cashAndShortTermInvestments": "77628000",
            "totalCurrentLiabilities": "56538000",
            "currentDebt": "None",
            "netIncome": "13545000",
            "capitalExpenditures": "3846000",
            "operatingCashflow": "8121000",
            "grossProfit": "35404000",
            "totalRevenue": "77125000",
            "sentiment": 0,
            "surprise": "-0.03",
            "closePrice": "16.71"
        }
    ]
}