{
    "MXL": [
        {
            "fiscalDateEnding": "2023-12-31",
            "totalCurrentAssets": "488025000",
            "cashAndShortTermInvestments": "187288000",
            "totalCurrentLiabilities": "222129000",
            "currentDebt": "None",
            "netIncome": "-38500000",
            "capitalExpenditures": "1431000",
            "operatingCashflow": "-16573000",
            "grossProfit": "68539000",
            "totalRevenue": "125353000",
            "sentiment": 0.02695342835983024,
            "surprise": "0",
            "closePrice": "20.82"
        },
        {
            "fiscalDateEnding": "2023-09-30",
            "totalCurrentAssets": "508607000",
            "cashAndShortTermInvestments": "201640000",
            "totalCurrentLiabilities": "232910000",
            "currentDebt": "None",
            "netIncome": "-39829000",
            "capitalExpenditures": "2601000",
            "operatingCashflow": "-12792000",
            "grossProfit": "73944000",
            "totalRevenue": "135530000",
            "sentiment": 0.22194817066803257,
            "surprise": "-0.02",
            "closePrice": "18.4"
        },
        {
            "fiscalDateEnding": "2023-06-30",
            "totalCurrentAssets": "554491000",
            "cashAndShortTermInvestments": "245067000",
            "totalCurrentLiabilities": "241729000",
            "currentDebt": "None",
            "netIncome": "-4351000",
            "capitalExpenditures": "9931000",
            "operatingCashflow": "30578000",
            "grossProfit": "102873000",
            "totalRevenue": "183938000",
            "sentiment": 0.1113805353237616,
            "surprise": "0.01",
            "closePrice": "29.61"
        },
        {
            "fiscalDateEnding": "2023-03-31",
            "totalCurrentAssets": "593586000",
            "cashAndShortTermInvestments": "226531000",
            "totalCurrentLiabilities": "300162000",
            "currentDebt": "None",
            "netIncome": "9533000",
            "capitalExpenditures": "5846000",
            "operatingCashflow": "42159000",
            "grossProfit": "140307000",
            "totalRevenue": "248442000",
            "sentiment": 0.2093796505116697,
            "surprise": "0.04",
            "closePrice": "29.36"
        },
        {
            "fiscalDateEnding": "2022-12-31",
            "totalCurrentAssets": "563124000",
            "cashAndShortTermInvestments": "205882000",
            "totalCurrentLiabilities": "341086000",
            "currentDebt": "None",
            "netIncome": "31080000",
            "capitalExpenditures": "17372000",
            "operatingCashflow": "69357000",
            "grossProfit": "163340000",
            "totalRevenue": "290586000",
            "sentiment": 0.17443120453144165,
            "surprise": "0.01",
            "closePrice": "43.24"
        },
        {
            "fiscalDateEnding": "2022-09-30",
            "totalCurrentAssets": "562975000",
            "cashAndShortTermInvestments": "200083000",
            "totalCurrentLiabilities": "351318000",
            "currentDebt": "None",
            "netIncome": "28408000",
            "capitalExpenditures": "14355000",
            "operatingCashflow": "61766000",
            "grossProfit": "167488000",
            "totalRevenue": "285730000",
            "sentiment": 0.305865029599606,
            "surprise": "0.01",
            "closePrice": "32.56"
        },
        {
            "fiscalDateEnding": "2022-06-30",
            "totalCurrentAssets": "538624000",
            "cashAndShortTermInvestments": "235227000",
            "totalCurrentLiabilities": "316081000",
            "currentDebt": "None",
            "netIncome": "31966000",
            "capitalExpenditures": "11273000",
            "operatingCashflow": "123437000",
            "grossProfit": "164351000",
            "totalRevenue": "280009000",
            "sentiment": 0.04598488613339408,
            "surprise": "0.1",
            "closePrice": "41.12"
        },
        {
            "fiscalDateEnding": "2022-03-31",
            "totalCurrentAssets": "454576000",
            "cashAndShortTermInvestments": "170162000",
            "totalCurrentLiabilities": "234795000",
            "currentDebt": "None",
            "netIncome": "33586000",
            "capitalExpenditures": "9437000",
            "operatingCashflow": "134166000",
            "grossProfit": "154590000",
            "totalRevenue": "263927000",
            "sentiment": 0.11336944463713539,
            "surprise": "0.09",
            "closePrice": "43.99"
        },
        {
            "fiscalDateEnding": "2021-12-31",
            "totalCurrentAssets": "404104000",
            "cashAndShortTermInvestments": "130572000",
            "totalCurrentLiabilities": "207395000",
            "currentDebt": "None",
            "netIncome": "28176000",
            "capitalExpenditures": "13207000",
            "operatingCashflow": "16033000",
            "grossProfit": "141777000",
            "totalRevenue": "247889000",
            "sentiment": 0,
            "surprise": "0.02",
            "closePrice": "61.0"
        },
        {
            "fiscalDateEnding": "2021-09-30",
            "totalCurrentAssets": "418280000",
            "cashAndShortTermInvestments": "169424000",
            "totalCurrentLiabilities": "231274000",
            "currentDebt": "0",
            "netIncome": "9258000",
            "capitalExpenditures": "15128000",
            "operatingCashflow": "84077000",
            "grossProfit": "129793000",
            "totalRevenue": "229774000",
            "sentiment": 0,
            "surprise": "0.08",
            "closePrice": "51.72"
        },
        {
            "fiscalDateEnding": "2021-06-30",
            "totalCurrentAssets": "378108000",
            "cashAndShortTermInvestments": "130312000",
            "totalCurrentLiabilities": "211789000",
            "currentDebt": "3500000",
            "netIncome": "733000",
            "capitalExpenditures": "11158000",
            "operatingCashflow": "27851000",
            "grossProfit": "112543000",
            "totalRevenue": "205376000",
            "sentiment": 0,
            "surprise": "0.03",
            "closePrice": "42.88"
        },
        {
            "fiscalDateEnding": "2021-03-31",
            "totalCurrentAssets": "344980000",
            "cashAndShortTermInvestments": "148095000",
            "totalCurrentLiabilities": "197637000",
            "currentDebt": "0",
            "netIncome": "3802000",
            "capitalExpenditures": "7264000",
            "operatingCashflow": "40272000",
            "grossProfit": "111719000",
            "totalRevenue": "209359000",
            "sentiment": 0,
            "surprise": "0.05",
            "closePrice": "38.44"
        },
        {
            "fiscalDateEnding": "2020-12-31",
            "totalCurrentAssets": "361718000",
            "cashAndShortTermInvestments": "148901000",
            "totalCurrentLiabilities": "233661000",
            "currentDebt": "0",
            "netIncome": "-24672000",
            "capitalExpenditures": "4766000",
            "operatingCashflow": "74269000",
            "grossProfit": "83087000",
            "totalRevenue": "194716000",
            "sentiment": 0,
            "surprise": "0.03",
            "closePrice": "30.79"
        },
        {
            "fiscalDateEnding": "2020-09-30",
            "totalCurrentAssets": "350053000",
            "cashAndShortTermInvestments": "96570000",
            "totalCurrentLiabilities": "211374000",
            "currentDebt": "8750000",
            "netIncome": "-36645000",
            "capitalExpenditures": "5571000",
            "operatingCashflow": "-16584000",
            "grossProfit": "66206000",
            "totalRevenue": "156633000",
            "sentiment": 0,
            "surprise": "0.03",
            "closePrice": "30.34"
        },
        {
            "fiscalDateEnding": "2020-06-30",
            "totalCurrentAssets": "190578000",
            "cashAndShortTermInvestments": "107362000",
            "totalCurrentLiabilities": "69964000",
            "currentDebt": "None",
            "netIncome": "-21807000",
            "capitalExpenditures": "3914000",
            "operatingCashflow": "9260000",
            "grossProfit": "32743000",
            "totalRevenue": "65220000",
            "sentiment": 0,
            "surprise": "0.01",
            "closePrice": "26.37"
        },
        {
            "fiscalDateEnding": "2020-03-31",
            "totalCurrentAssets": "180609000",
            "cashAndShortTermInvestments": "98373000",
            "totalCurrentLiabilities": "62428000",
            "currentDebt": "None",
            "netIncome": "-15469000",
            "capitalExpenditures": "1035000",
            "operatingCashflow": "6648000",
            "grossProfit": "30762000",
            "totalRevenue": "62027000",
            "sentiment": 0,
            "surprise": "0",
            "closePrice": "18.96"
        },
        {
            "fiscalDateEnding": "2019-12-31",
            "totalCurrentAssets": "181770000",
            "cashAndShortTermInvestments": "92708000",
            "totalCurrentLiabilities": "66562000",
            "currentDebt": "4810000",
            "netIncome": "-8104000",
            "capitalExpenditures": "2989000",
            "operatingCashflow": "28107000",
            "grossProfit": "36624000",
            "totalRevenue": "70018000",
            "sentiment": 0,
            "surprise": "0",
            "closePrice": "19.85"
        },
        {
            "fiscalDateEnding": "2019-09-30",
            "totalCurrentAssets": "165120000",
            "cashAndShortTermInvestments": "66115000",
            "totalCurrentLiabilities": "63119000",
            "currentDebt": "7853000",
            "netIncome": "-4714000",
            "capitalExpenditures": "1305000",
            "operatingCashflow": "21752000",
            "grossProfit": "41904000",
            "totalRevenue": "80020000",
            "sentiment": 0,
            "surprise": "0.02",
            "closePrice": "22.24"
        },
        {
            "fiscalDateEnding": "2019-06-30",
            "totalCurrentAssets": "172650000",
            "cashAndShortTermInvestments": "66629000",
            "totalCurrentLiabilities": "66918000",
            "currentDebt": "8333000",
            "netIncome": "-2229000",
            "capitalExpenditures": "524000",
            "operatingCashflow": "12444000",
            "grossProfit": "44080000",
            "totalRevenue": "82507000",
            "sentiment": 0,
            "surprise": "0.01",
            "closePrice": "25.53"
        },
        {
            "fiscalDateEnding": "2019-03-31",
            "totalCurrentAssets": "179320000",
            "cashAndShortTermInvestments": "71102000",
            "totalCurrentLiabilities": "73483000",
            "currentDebt": "None",
            "netIncome": "-4851000",
            "capitalExpenditures": "2155000",
            "operatingCashflow": "16045000",
            "grossProfit": "45077000",
            "totalRevenue": "84635000",
            "sentiment": 0,
            "surprise": "0",
            "closePrice": "26.62"
        },
        {
            "fiscalDateEnding": "2018-12-31",
            "totalCurrentAssets": "185373000",
            "cashAndShortTermInvestments": "73142000",
            "totalCurrentLiabilities": "75329000",
            "currentDebt": "1214000",
            "netIncome": "311000",
            "capitalExpenditures": "1412000",
            "operatingCashflow": "24173000",
            "grossProfit": "45900000",
            "totalRevenue": "87627000",
            "sentiment": 0,
            "surprise": "0.01",
            "closePrice": "19.74"
        },
        {
            "fiscalDateEnding": "2018-09-30",
            "totalCurrentAssets": "174253000",
            "cashAndShortTermInvestments": "67185000",
            "totalCurrentLiabilities": "66464000",
            "currentDebt": "None",
            "netIncome": "-13935000",
            "capitalExpenditures": "1609000",
            "operatingCashflow": "30721000",
            "grossProfit": "43876000",
            "totalRevenue": "85010000",
            "sentiment": 0,
            "surprise": "0.01",
            "closePrice": "17.01"
        },
        {
            "fiscalDateEnding": "2018-06-30",
            "totalCurrentAssets": "209695000",
            "cashAndShortTermInvestments": "74059000",
            "totalCurrentLiabilities": "80160000",
            "currentDebt": "None",
            "netIncome": "-14422000",
            "capitalExpenditures": "2423000",
            "operatingCashflow": "35824000",
            "grossProfit": "56330000",
            "totalRevenue": "101533000",
            "sentiment": 0,
            "surprise": "0.03",
            "closePrice": "17.9"
        },
        {
            "fiscalDateEnding": "2018-03-31",
            "totalCurrentAssets": "201065000",
            "cashAndShortTermInvestments": "55645000",
            "totalCurrentLiabilities": "67061000",
            "currentDebt": "None",
            "netIncome": "1847000",
            "capitalExpenditures": "2381000",
            "operatingCashflow": "11971000",
            "grossProfit": "62668000",
            "totalRevenue": "110827000",
            "sentiment": 0,
            "surprise": "0.01",
            "closePrice": "23.83"
        },
        {
            "fiscalDateEnding": "2017-12-31",
            "totalCurrentAssets": "201304000",
            "cashAndShortTermInvestments": "71872000",
            "totalCurrentLiabilities": "76386000",
            "currentDebt": "None",
            "netIncome": "-19448000",
            "capitalExpenditures": "3070000",
            "operatingCashflow": "21743000",
            "grossProfit": "52093000",
            "totalRevenue": "113721000",
            "sentiment": 0,
            "surprise": "0.01",
            "closePrice": "25.52"
        },
        {
            "fiscalDateEnding": "2017-09-30",
            "totalCurrentAssets": "219418000",
            "cashAndShortTermInvestments": "71576000",
            "totalCurrentLiabilities": "98381000",
            "currentDebt": "None",
            "netIncome": "-9167000",
            "capitalExpenditures": "2553000",
            "operatingCashflow": "37739000",
            "grossProfit": "51842000",
            "totalRevenue": "113581000",
            "sentiment": 0,
            "surprise": "0.06",
            "closePrice": "23.73"
        },
        {
            "fiscalDateEnding": "2017-06-30",
            "totalCurrentAssets": "258169000",
            "cashAndShortTermInvestments": "87568000",
            "totalCurrentLiabilities": "110197000",
            "currentDebt": "1989000",
            "netIncome": "10965000",
            "capitalExpenditures": "6360000",
            "operatingCashflow": "-7090000",
            "grossProfit": "51104000",
            "totalRevenue": "104175000",
            "sentiment": 0,
            "surprise": "0.03",
            "closePrice": "24.69"
        },
        {
            "fiscalDateEnding": "2017-03-31",
            "totalCurrentAssets": "248429000",
            "cashAndShortTermInvestments": "152758000",
            "totalCurrentLiabilities": "64555000",
            "currentDebt": "None",
            "netIncome": "8463000",
            "capitalExpenditures": "863000",
            "operatingCashflow": "22672000",
            "grossProfit": "52924000",
            "totalRevenue": "88841000",
            "sentiment": 0,
            "surprise": "0.02",
            "closePrice": "29.41"
        },
        {
            "fiscalDateEnding": "2016-12-31",
            "totalCurrentAssets": "212847000",
            "cashAndShortTermInvestments": "130814000",
            "totalCurrentLiabilities": "54543000",
            "currentDebt": "0",
            "netIncome": "8348000",
            "capitalExpenditures": "1684000",
            "operatingCashflow": "27603000",
            "grossProfit": "50403000",
            "totalRevenue": "87136000",
            "sentiment": 0,
            "surprise": "0.03",
            "closePrice": "26.84"
        },
        {
            "fiscalDateEnding": "2016-09-30",
            "totalCurrentAssets": "186844000",
            "cashAndShortTermInvestments": "98222000",
            "totalCurrentLiabilities": "54491000",
            "currentDebt": "None",
            "netIncome": "9679000",
            "capitalExpenditures": "2118000",
            "operatingCashflow": "18415000",
            "grossProfit": "55504000",
            "totalRevenue": "96324000",
            "sentiment": 0,
            "surprise": "0.03",
            "closePrice": "18.99"
        },
        {
            "fiscalDateEnding": "2016-06-30",
            "totalCurrentAssets": "251407000",
            "cashAndShortTermInvestments": "176481000",
            "totalCurrentLiabilities": "55620000",
            "currentDebt": "None",
            "netIncome": "22584000",
            "capitalExpenditures": "1878000",
            "operatingCashflow": "32345000",
            "grossProfit": "62913000",
            "totalRevenue": "101687000",
            "sentiment": 0,
            "surprise": "0.06",
            "closePrice": "21.9"
        },
        {
            "fiscalDateEnding": "2016-03-31",
            "totalCurrentAssets": "226696000",
            "cashAndShortTermInvestments": "150050000",
            "totalCurrentLiabilities": "63274000",
            "currentDebt": "None",
            "netIncome": "20681000",
            "capitalExpenditures": "3222000",
            "operatingCashflow": "38954000",
            "grossProfit": "61170000",
            "totalRevenue": "102685000",
            "sentiment": 0,
            "surprise": "0.02",
            "closePrice": "16.43"
        },
        {
            "fiscalDateEnding": "2015-12-31",
            "totalCurrentAssets": "190002000",
            "cashAndShortTermInvestments": "111256000",
            "totalCurrentLiabilities": "55832000",
            "currentDebt": "None",
            "netIncome": "-8544000",
            "capitalExpenditures": "1516000",
            "operatingCashflow": "24558000",
            "grossProfit": "55760000",
            "totalRevenue": "98949000",
            "sentiment": 0,
            "surprise": "0.02",
            "closePrice": "13.57"
        },
        {
            "fiscalDateEnding": "2015-09-30",
            "totalCurrentAssets": "167477000",
            "cashAndShortTermInvestments": "84946000",
            "totalCurrentLiabilities": "67485000",
            "currentDebt": "None",
            "netIncome": "1582000",
            "capitalExpenditures": "120000",
            "operatingCashflow": "22081000",
            "grossProfit": "51050000",
            "totalRevenue": "95191000",
            "sentiment": 0,
            "surprise": "0.06",
            "closePrice": "13.13"
        },
        {
            "fiscalDateEnding": "2015-06-30",
            "totalCurrentAssets": "159049000",
            "cashAndShortTermInvestments": "73369000",
            "totalCurrentLiabilities": "74236000",
            "currentDebt": "None",
            "netIncome": "-30647000",
            "capitalExpenditures": "436000",
            "operatingCashflow": "4634000",
            "grossProfit": "26942000",
            "totalRevenue": "70824000",
            "sentiment": 0,
            "surprise": "-0.01",
            "closePrice": "11.31"
        },
        {
            "fiscalDateEnding": "2015-03-31",
            "totalCurrentAssets": "102031000",
            "cashAndShortTermInvestments": "64942000",
            "totalCurrentLiabilities": "39858000",
            "currentDebt": "None",
            "netIncome": "-4722000",
            "capitalExpenditures": "1024000",
            "operatingCashflow": "3768000",
            "grossProfit": "21671000",
            "totalRevenue": "35396000",
            "sentiment": 0,
            "surprise": "0.02",
            "closePrice": "8.53"
        },
        {
            "fiscalDateEnding": "2014-12-31",
            "totalCurrentAssets": "100914000",
            "cashAndShortTermInvestments": "69095000",
            "totalCurrentLiabilities": "33246000",
            "currentDebt": "None",
            "netIncome": "-2362000",
            "capitalExpenditures": "1033000",
            "operatingCashflow": "-5768000",
            "grossProfit": "19750000",
            "totalRevenue": "32478000",
            "sentiment": 0,
            "surprise": "0.01",
            "closePrice": "8.26"
        },
        {
            "fiscalDateEnding": "2014-09-30",
            "totalCurrentAssets": "113900000",
            "cashAndShortTermInvestments": "81795000",
            "totalCurrentLiabilities": "39691000",
            "currentDebt": "None",
            "netIncome": "-3205000",
            "capitalExpenditures": "3126000",
            "operatingCashflow": "6361000",
            "grossProfit": "19909000",
            "totalRevenue": "32541000",
            "sentiment": 0,
            "surprise": "0.01",
            "closePrice": "6.98"
        },
        {
            "fiscalDateEnding": "2014-06-30",
            "totalCurrentAssets": "107534000",
            "cashAndShortTermInvestments": "75123000",
            "totalCurrentLiabilities": "37726000",
            "currentDebt": "None",
            "netIncome": "-612000",
            "capitalExpenditures": "3196000",
            "operatingCashflow": "7550000",
            "grossProfit": "22246000",
            "totalRevenue": "35592000",
            "sentiment": 0,
            "surprise": "0.02",
            "closePrice": "9.48"
        },
        {
            "fiscalDateEnding": "2014-03-31",
            "totalCurrentAssets": "107364000",
            "cashAndShortTermInvestments": "73269000",
            "totalCurrentLiabilities": "41691000",
            "currentDebt": "None",
            "netIncome": "-862000",
            "capitalExpenditures": "1445000",
            "operatingCashflow": "4091000",
            "grossProfit": "20053000",
            "totalRevenue": "32501000",
            "sentiment": 0,
            "surprise": "0.03",
            "closePrice": "7.87"
        },
        {
            "fiscalDateEnding": "2013-12-31",
            "totalCurrentAssets": "93716000",
            "cashAndShortTermInvestments": "61944000",
            "totalCurrentLiabilities": "37158000",
            "currentDebt": "None",
            "netIncome": "-2647000",
            "capitalExpenditures": "529000",
            "operatingCashflow": "2823000",
            "grossProfit": "19124000",
            "totalRevenue": "31574000",
            "sentiment": 0,
            "surprise": "-0.01",
            "closePrice": "10.34"
        },
        {
            "fiscalDateEnding": "2013-09-30",
            "totalCurrentAssets": "92646000",
            "cashAndShortTermInvestments": "62475000",
            "totalCurrentLiabilities": "34617000",
            "currentDebt": "None",
            "netIncome": "-4882000",
            "capitalExpenditures": "1111000",
            "operatingCashflow": "3061000",
            "grossProfit": "19831000",
            "totalRevenue": "31765000",
            "sentiment": 0,
            "surprise": "0",
            "closePrice": "8.87"
        },
        {
            "fiscalDateEnding": "2013-06-30",
            "totalCurrentAssets": "90826000",
            "cashAndShortTermInvestments": "61802000",
            "totalCurrentLiabilities": "30803000",
            "currentDebt": "None",
            "netIncome": "-2904000",
            "capitalExpenditures": "1935000",
            "operatingCashflow": "6205000",
            "grossProfit": "17296000",
            "totalRevenue": "29773000",
            "sentiment": 0,
            "surprise": "0.05",
            "closePrice": "6.71"
        },
        {
            "fiscalDateEnding": "2013-03-31",
            "totalCurrentAssets": "86952000",
            "cashAndShortTermInvestments": "58901000",
            "totalCurrentLiabilities": "30728000",
            "currentDebt": "None",
            "netIncome": "-2300000",
            "capitalExpenditures": "542000",
            "operatingCashflow": "801000",
            "grossProfit": "16712000",
            "totalRevenue": "26534000",
            "sentiment": 0,
            "surprise": "0.04",
            "closePrice": "6.23"
        },
        {
            "fiscalDateEnding": "2012-12-31",
            "totalCurrentAssets": "98018000",
            "cashAndShortTermInvestments": "72075000",
            "totalCurrentLiabilities": "29568000",
            "currentDebt": "None",
            "netIncome": "-4581000",
            "capitalExpenditures": "2029000",
            "operatingCashflow": "1362000",
            "grossProfit": "15704000",
            "totalRevenue": "24830000",
            "sentiment": 0,
            "surprise": "0",
            "closePrice": "5.39"
        },
        {
            "fiscalDateEnding": "2012-09-30",
            "totalCurrentAssets": "104045000",
            "cashAndShortTermInvestments": "77426000",
            "totalCurrentLiabilities": "29093000",
            "currentDebt": "None",
            "netIncome": "450000",
            "capitalExpenditures": "1595000",
            "operatingCashflow": "6307000",
            "grossProfit": "17467000",
            "totalRevenue": "27795000",
            "sentiment": 0,
            "surprise": "0.06",
            "closePrice": "5.68"
        },
        {
            "fiscalDateEnding": "2012-06-30",
            "totalCurrentAssets": "106414000",
            "cashAndShortTermInvestments": "81296000",
            "totalCurrentLiabilities": "25505000",
            "currentDebt": "None",
            "netIncome": "-2559000",
            "capitalExpenditures": "778000",
            "operatingCashflow": "955000",
            "grossProfit": "15122000",
            "totalRevenue": "24420000",
            "sentiment": 0,
            "surprise": "0.04",
            "closePrice": "4.59"
        },
        {
            "fiscalDateEnding": "2012-03-31",
            "totalCurrentAssets": "95093000",
            "cashAndShortTermInvestments": "76095000",
            "totalCurrentLiabilities": "19280000",
            "currentDebt": "None",
            "netIncome": "-6562000",
            "capitalExpenditures": "1043000",
            "operatingCashflow": "-1080000",
            "grossProfit": "12353000",
            "totalRevenue": "20620000",
            "sentiment": 0,
            "surprise": "0.01",
            "closePrice": "4.71"
        },
        {
            "fiscalDateEnding": "2011-12-31",
            "totalCurrentAssets": "95079000",
            "cashAndShortTermInvestments": "75182000",
            "totalCurrentLiabilities": "18494000",
            "currentDebt": "None",
            "netIncome": "-4692000",
            "capitalExpenditures": "976000",
            "operatingCashflow": "-1937000",
            "grossProfit": "11723000",
            "totalRevenue": "19370000",
            "sentiment": 0,
            "surprise": "-0.01",
            "closePrice": "6.27"
        },
        {
            "fiscalDateEnding": "2011-09-30",
            "totalCurrentAssets": "106973000",
            "cashAndShortTermInvestments": "87874000",
            "totalCurrentLiabilities": "17712000",
            "currentDebt": "None",
            "netIncome": "-11388000",
            "capitalExpenditures": "445000",
            "operatingCashflow": "-2714000",
            "grossProfit": "11332000",
            "totalRevenue": "17639000",
            "sentiment": 0,
            "surprise": "-0.04",
            "closePrice": "5.32"
        },
        {
            "fiscalDateEnding": "2011-06-30",
            "totalCurrentAssets": "110382000",
            "cashAndShortTermInvestments": "91108000",
            "totalCurrentLiabilities": "17320000",
            "currentDebt": "None",
            "netIncome": "-4796000",
            "capitalExpenditures": "1078000",
            "operatingCashflow": "-364000",
            "grossProfit": "11435000",
            "totalRevenue": "18094000",
            "sentiment": 0,
            "surprise": "-0.03",
            "closePrice": "6.77"
        }
    ]
}