{
    "NCNO": [
        {
            "fiscalDateEnding": "2024-01-31",
            "totalCurrentAssets": "250775000",
            "cashAndShortTermInvestments": "112085000",
            "totalCurrentLiabilities": "215036000",
            "currentDebt": "1474000",
            "netIncome": "1160000",
            "capitalExpenditures": "432000",
            "operatingCashflow": "8148000",
            "grossProfit": "74483000",
            "totalRevenue": "123921000",
            "sentiment": 0.23454539987689466,
            "surprise": "0.09",
            "closePrice": "30.18"
        },
        {
            "fiscalDateEnding": "2023-10-31",
            "totalCurrentAssets": "190872000",
            "cashAndShortTermInvestments": "100475000",
            "totalCurrentLiabilities": "172973000",
            "currentDebt": "1429000",
            "netIncome": "-16379000",
            "capitalExpenditures": "619000",
            "operatingCashflow": "5870000",
            "grossProfit": "73917000",
            "totalRevenue": "121088000",
            "sentiment": 0.2566233709153835,
            "surprise": "0.03",
            "closePrice": "29.98"
        },
        {
            "fiscalDateEnding": "2023-07-31",
            "totalCurrentAssets": "209375000",
            "cashAndShortTermInvestments": "98003000",
            "totalCurrentLiabilities": "208307000",
            "currentDebt": "1384000",
            "netIncome": "-15884000",
            "capitalExpenditures": "859000",
            "operatingCashflow": "11964000",
            "grossProfit": "69189000",
            "totalRevenue": "116192000",
            "sentiment": 0.3239465405178399,
            "surprise": "0.02",
            "closePrice": "29.48"
        },
        {
            "fiscalDateEnding": "2023-04-30",
            "totalCurrentAssets": "211634000",
            "cashAndShortTermInvestments": "98136000",
            "totalCurrentLiabilities": "223059000",
            "currentDebt": "16340000",
            "netIncome": "-11243000",
            "capitalExpenditures": "1961000",
            "operatingCashflow": "31303000",
            "grossProfit": "67484000",
            "totalRevenue": "111930000",
            "sentiment": 0.2297312866873308,
            "surprise": "0.02",
            "closePrice": "27.49"
        },
        {
            "fiscalDateEnding": "2023-01-31",
            "totalCurrentAssets": "207193000",
            "cashAndShortTermInvestments": "82036000",
            "totalCurrentLiabilities": "205158000",
            "currentDebt": "31015000",
            "netIncome": "-21208000",
            "capitalExpenditures": "4449000",
            "operatingCashflow": "-22020000",
            "grossProfit": "64254000",
            "totalRevenue": "112431000",
            "sentiment": 0.24509460455806342,
            "surprise": "-0.04",
            "closePrice": "22.36"
        },
        {
            "fiscalDateEnding": "2022-10-31",
            "totalCurrentAssets": "167960000",
            "cashAndShortTermInvestments": "106451000",
            "totalCurrentLiabilities": "157834000",
            "currentDebt": "697000",
            "netIncome": "-23579000",
            "capitalExpenditures": "5149000",
            "operatingCashflow": "-4080000",
            "grossProfit": "62140000",
            "totalRevenue": "104716000",
            "sentiment": 0.2702846238548651,
            "surprise": "0.01",
            "closePrice": "26.12"
        },
        {
            "fiscalDateEnding": "2022-07-31",
            "totalCurrentAssets": "176771000",
            "cashAndShortTermInvestments": "86148000",
            "totalCurrentLiabilities": "191145000",
            "currentDebt": "671000",
            "netIncome": "-27245000",
            "capitalExpenditures": "4609000",
            "operatingCashflow": "9471000",
            "grossProfit": "58406000",
            "totalRevenue": "98996000",
            "sentiment": 0.11057177577517333,
            "surprise": "0.04",
            "closePrice": "29.36"
        },
        {
            "fiscalDateEnding": "2022-04-30",
            "totalCurrentAssets": "173150000",
            "cashAndShortTermInvestments": "78684000",
            "totalCurrentLiabilities": "182834000",
            "currentDebt": "646000",
            "netIncome": "-30688000",
            "capitalExpenditures": "4694000",
            "operatingCashflow": "1248000",
            "grossProfit": "53909000",
            "totalRevenue": "91991000",
            "sentiment": 0.11008565877982322,
            "surprise": "0.02",
            "closePrice": "32.01"
        },
        {
            "fiscalDateEnding": "2022-01-31",
            "totalCurrentAssets": "183509000",
            "cashAndShortTermInvestments": "88014000",
            "totalCurrentLiabilities": "174376000",
            "currentDebt": "621000",
            "netIncome": "-7119000",
            "capitalExpenditures": "583000",
            "operatingCashflow": "-21052000",
            "grossProfit": "43670000",
            "totalRevenue": "56587000",
            "sentiment": 0,
            "surprise": "0",
            "closePrice": "40.98"
        }
    ]
}