{
    "NET": [
        {
            "fiscalDateEnding": "2023-12-31",
            "totalCurrentAssets": "1983077000",
            "cashAndShortTermInvestments": "1673744000",
            "totalCurrentLiabilities": "567084000",
            "currentDebt": "None",
            "netIncome": "-27865000",
            "capitalExpenditures": "34725000",
            "operatingCashflow": "85441000",
            "grossProfit": "279190000",
            "totalRevenue": "362473000",
            "sentiment": 0.19941810419314035,
            "surprise": "0.03",
            "closePrice": "90.31"
        },
        {
            "fiscalDateEnding": "2023-09-30",
            "totalCurrentAssets": "1858003000",
            "cashAndShortTermInvestments": "1574305000",
            "totalCurrentLiabilities": "477775000",
            "currentDebt": "None",
            "netIncome": "-23535000",
            "capitalExpenditures": "33225000",
            "operatingCashflow": "68100000",
            "grossProfit": "257534000",
            "totalRevenue": "335603000",
            "sentiment": 0.24478798043659428,
            "surprise": "0.06",
            "closePrice": "56.58"
        },
        {
            "fiscalDateEnding": "2023-06-30",
            "totalCurrentAssets": "1818060000",
            "cashAndShortTermInvestments": "1584620000",
            "totalCurrentLiabilities": "473118000",
            "currentDebt": "35330000",
            "netIncome": "-94467000",
            "capitalExpenditures": "44481000",
            "operatingCashflow": "64451000",
            "grossProfit": "233273000",
            "totalRevenue": "308494000",
            "sentiment": 0.18149335587268015,
            "surprise": "0.03",
            "closePrice": "65.04"
        },
        {
            "fiscalDateEnding": "2023-03-31",
            "totalCurrentAssets": "1954400000",
            "cashAndShortTermInvestments": "1715592000",
            "totalCurrentLiabilities": "444505000",
            "currentDebt": "None",
            "netIncome": "-38082000",
            "capitalExpenditures": "22511000",
            "operatingCashflow": "36414000",
            "grossProfit": "219743000",
            "totalRevenue": "290175000",
            "sentiment": 0.23097771611661,
            "surprise": "0.05",
            "closePrice": "59.58"
        },
        {
            "fiscalDateEnding": "2022-12-31",
            "totalCurrentAssets": "1887884000",
            "cashAndShortTermInvestments": "1649937000",
            "totalCurrentLiabilities": "397870000",
            "currentDebt": "None",
            "netIncome": "-45917000",
            "capitalExpenditures": "44463000",
            "operatingCashflow": "78123000",
            "grossProfit": "206912000",
            "totalRevenue": "274700000",
            "sentiment": 0.19804865118567447,
            "surprise": "0.01",
            "closePrice": "58.17"
        },
        {
            "fiscalDateEnding": "2022-09-30",
            "totalCurrentAssets": "1815787000",
            "cashAndShortTermInvestments": "1636262000",
            "totalCurrentLiabilities": "339287000",
            "currentDebt": "None",
            "netIncome": "-42546000",
            "capitalExpenditures": "47302000",
            "operatingCashflow": "42688000",
            "grossProfit": "191890000",
            "totalRevenue": "253857000",
            "sentiment": 0.12328421167448121,
            "surprise": "0.0566",
            "closePrice": "50.37"
        },
        {
            "fiscalDateEnding": "2022-06-30",
            "totalCurrentAssets": "1814013000",
            "cashAndShortTermInvestments": "1641848000",
            "totalCurrentLiabilities": "332814000",
            "currentDebt": "None",
            "netIncome": "-63537000",
            "capitalExpenditures": "42665000",
            "operatingCashflow": "38251000",
            "grossProfit": "178713000",
            "totalRevenue": "234517000",
            "sentiment": -0.04064009127464788,
            "surprise": "-0.1854",
            "closePrice": "58.43"
        },
        {
            "fiscalDateEnding": "2022-03-31",
            "totalCurrentAssets": "1894810000",
            "cashAndShortTermInvestments": "1725240000",
            "totalCurrentLiabilities": "276616000",
            "currentDebt": "None",
            "netIncome": "-41381000",
            "capitalExpenditures": "28934000",
            "operatingCashflow": "-35467000",
            "grossProfit": "165116000",
            "totalRevenue": "212167000",
            "sentiment": -0.021154539698056335,
            "surprise": "0.0087",
            "closePrice": "77.81"
        },
        {
            "fiscalDateEnding": "2021-12-31",
            "totalCurrentAssets": "1955856000",
            "cashAndShortTermInvestments": "1821843000",
            "totalCurrentLiabilities": "288565000",
            "currentDebt": "12117000",
            "netIncome": "-77501000",
            "capitalExpenditures": "31981000",
            "operatingCashflow": "40617000",
            "grossProfit": "151100000",
            "totalRevenue": "193596000",
            "sentiment": 0,
            "surprise": "-0.2376",
            "closePrice": "115.96"
        },
        {
            "fiscalDateEnding": "2021-09-30",
            "totalCurrentAssets": "1930577000",
            "cashAndShortTermInvestments": "1813877000",
            "totalCurrentLiabilities": "226957000",
            "currentDebt": "None",
            "netIncome": "-107335000",
            "capitalExpenditures": "32814000",
            "operatingCashflow": "-6918000",
            "grossProfit": "134822000",
            "totalRevenue": "172347000",
            "sentiment": 0,
            "surprise": "-0.3012",
            "closePrice": "201.09"
        },
        {
            "fiscalDateEnding": "2021-06-30",
            "totalCurrentAssets": "1145953000",
            "cashAndShortTermInvestments": "1033542000",
            "totalCurrentLiabilities": "200476000",
            "currentDebt": "None",
            "netIncome": "-35510000",
            "capitalExpenditures": "17230000",
            "operatingCashflow": "7455000",
            "grossProfit": "117399000",
            "totalRevenue": "152428000",
            "sentiment": 0,
            "surprise": "0.02",
            "closePrice": "121.46"
        },
        {
            "fiscalDateEnding": "2021-03-31",
            "totalCurrentAssets": "1139868000",
            "cashAndShortTermInvestments": "1035224000",
            "totalCurrentLiabilities": "168146000",
            "currentDebt": "None",
            "netIncome": "-39963000",
            "capitalExpenditures": "25713000",
            "operatingCashflow": "23494000",
            "grossProfit": "105971000",
            "totalRevenue": "138055000",
            "sentiment": 0,
            "surprise": "0",
            "closePrice": "69.07"
        },
        {
            "fiscalDateEnding": "2020-12-31",
            "totalCurrentAssets": "1129954000",
            "cashAndShortTermInvestments": "1032096000",
            "totalCurrentLiabilities": "141377000",
            "currentDebt": "None",
            "netIncome": "-34021000",
            "capitalExpenditures": "14667000",
            "operatingCashflow": "-8813000",
            "grossProfit": "96861000",
            "totalRevenue": "125926000",
            "sentiment": 0,
            "surprise": "0.01",
            "closePrice": "91.28"
        },
        {
            "fiscalDateEnding": "2020-09-30",
            "totalCurrentAssets": "1127379000",
            "cashAndShortTermInvestments": "1051297000",
            "totalCurrentLiabilities": "131004000",
            "currentDebt": "17265000",
            "netIncome": "-26468000",
            "capitalExpenditures": "19827000",
            "operatingCashflow": "1973000",
            "grossProfit": "87157000",
            "totalRevenue": "114162000",
            "sentiment": 0,
            "surprise": "0.03",
            "closePrice": "58.0"
        },
        {
            "fiscalDateEnding": "2020-06-30",
            "totalCurrentAssets": "1132124000",
            "cashAndShortTermInvestments": "1069091000",
            "totalCurrentLiabilities": "120747000",
            "currentDebt": "17239000",
            "netIncome": "-26135000",
            "capitalExpenditures": "24141000",
            "operatingCashflow": "3987000",
            "grossProfit": "75557000",
            "totalRevenue": "99721000",
            "sentiment": 0,
            "surprise": "0.03",
            "closePrice": "41.35"
        },
        {
            "fiscalDateEnding": "2020-03-31",
            "totalCurrentAssets": "647604000",
            "cashAndShortTermInvestments": "587854000",
            "totalCurrentLiabilities": "108284000",
            "currentDebt": "17009000",
            "netIncome": "-32746000",
            "capitalExpenditures": "16327000",
            "operatingCashflow": "-14276000",
            "grossProfit": "70429000",
            "totalRevenue": "91250000",
            "sentiment": 0,
            "surprise": "0.02",
            "closePrice": "29.52"
        },
        {
            "fiscalDateEnding": "2019-12-31",
            "totalCurrentAssets": "689872000",
            "cashAndShortTermInvestments": "636948000",
            "totalCurrentLiabilities": "83883000",
            "currentDebt": "None",
            "netIncome": "-28155000",
            "capitalExpenditures": "14966000",
            "operatingCashflow": "-8574000",
            "grossProfit": "65732000",
            "totalRevenue": "83930000",
            "sentiment": 0,
            "surprise": "0.01",
            "closePrice": "18.07"
        },
        {
            "fiscalDateEnding": "2019-09-30",
            "totalCurrentAssets": "695678000",
            "cashAndShortTermInvestments": "645105000",
            "totalCurrentLiabilities": "77139000",
            "currentDebt": "37000",
            "netIncome": "-40853000",
            "capitalExpenditures": "15852000",
            "operatingCashflow": "-17786000",
            "grossProfit": "57908000",
            "totalRevenue": "73941000",
            "sentiment": 0,
            "surprise": "0",
            "closePrice": "15.89"
        }
    ]
}