{
    "NICE": [
        {
            "fiscalDateEnding": "2023-12-31",
            "totalCurrentAssets": "2312882000",
            "cashAndShortTermInvestments": "513313999",
            "totalCurrentLiabilities": "1120321000",
            "currentDebt": "None",
            "netIncome": "81652000",
            "capitalExpenditures": "19947000",
            "operatingCashflow": "168225000",
            "grossProfit": "422314000",
            "totalRevenue": "623192000",
            "sentiment": 0.3380413131768877,
            "surprise": "0.1",
            "closePrice": "245.5"
        },
        {
            "fiscalDateEnding": "2023-09-30",
            "totalCurrentAssets": "2488610000",
            "cashAndShortTermInvestments": "713090000",
            "totalCurrentLiabilities": "1016576000",
            "currentDebt": "None",
            "netIncome": "92353000",
            "capitalExpenditures": "17986000",
            "operatingCashflow": "120610000",
            "grossProfit": "410358000",
            "totalRevenue": "601344000",
            "sentiment": 0.2901528454945953,
            "surprise": "0.12",
            "closePrice": "195.15"
        },
        {
            "fiscalDateEnding": "2023-06-30",
            "totalCurrentAssets": "2513861000",
            "cashAndShortTermInvestments": "598079000",
            "totalCurrentLiabilities": "1086670000",
            "currentDebt": "None",
            "netIncome": "87355000",
            "capitalExpenditures": "19004000",
            "operatingCashflow": "65254000",
            "grossProfit": "391400000",
            "totalRevenue": "581113000",
            "sentiment": 0.3737699951593764,
            "surprise": "0.07",
            "closePrice": "195.32"
        },
        {
            "fiscalDateEnding": "2023-03-31",
            "totalCurrentAssets": "2560501000",
            "cashAndShortTermInvestments": "630661000",
            "totalCurrentLiabilities": "1211178000",
            "currentDebt": "None",
            "netIncome": "76942000",
            "capitalExpenditures": "27242000",
            "operatingCashflow": "195071000",
            "grossProfit": "385264000",
            "totalRevenue": "571860000",
            "sentiment": 0.15298266132547808,
            "surprise": "0.05",
            "closePrice": "180.08"
        },
        {
            "fiscalDateEnding": "2022-12-31",
            "totalCurrentAssets": "2415964000",
            "cashAndShortTermInvestments": "529596000",
            "totalCurrentLiabilities": "1144293000",
            "currentDebt": "None",
            "netIncome": "71186000",
            "capitalExpenditures": "23767000",
            "operatingCashflow": "176706000",
            "grossProfit": "387580000",
            "totalRevenue": "568560000",
            "sentiment": 0.2876298136943738,
            "surprise": "0.11",
            "closePrice": "210.06"
        },
        {
            "fiscalDateEnding": "2022-09-30",
            "totalCurrentAssets": "2241221000",
            "cashAndShortTermInvestments": "423032000",
            "totalCurrentLiabilities": "1063083000",
            "currentDebt": "None",
            "netIncome": "71246000",
            "capitalExpenditures": "19494000",
            "operatingCashflow": "94267000",
            "grossProfit": "383942000",
            "totalRevenue": "554724000",
            "sentiment": 0.2750376528091492,
            "surprise": "0.05",
            "closePrice": "201.62"
        },
        {
            "fiscalDateEnding": "2022-06-30",
            "totalCurrentAssets": "2223449000",
            "cashAndShortTermInvestments": "382219000",
            "totalCurrentLiabilities": "1114770000",
            "currentDebt": "None",
            "netIncome": "65572000",
            "capitalExpenditures": "18374000",
            "operatingCashflow": "16031000",
            "grossProfit": "365657000",
            "totalRevenue": "530581000",
            "sentiment": 0.01717634324832583,
            "surprise": "0.07",
            "closePrice": "224.46"
        },
        {
            "fiscalDateEnding": "2022-03-31",
            "totalCurrentAssets": "2256829000",
            "cashAndShortTermInvestments": "378656000",
            "totalCurrentLiabilities": "1222192000",
            "currentDebt": "None",
            "netIncome": "51161000",
            "capitalExpenditures": "14111000",
            "operatingCashflow": "112658000",
            "grossProfit": "350228000",
            "totalRevenue": "515473000",
            "sentiment": 0.10914360377061856,
            "surprise": "0.09",
            "closePrice": "190.12"
        },
        {
            "fiscalDateEnding": "2021-12-31",
            "totalCurrentAssets": "2256829000",
            "cashAndShortTermInvestments": "378656000",
            "totalCurrentLiabilities": "1222192000",
            "currentDebt": "None",
            "netIncome": "51161000",
            "capitalExpenditures": "14111000",
            "operatingCashflow": "112658000",
            "grossProfit": "350228000",
            "totalRevenue": "515473000",
            "sentiment": 0,
            "surprise": "0.02",
            "closePrice": "239.25"
        },
        {
            "fiscalDateEnding": "2021-09-30",
            "totalCurrentAssets": "1981135000",
            "cashAndShortTermInvestments": "397696000",
            "totalCurrentLiabilities": "1000782000",
            "currentDebt": "None",
            "netIncome": "47228000",
            "capitalExpenditures": "18865000",
            "operatingCashflow": "103478000",
            "grossProfit": "329561000",
            "totalRevenue": "490404000",
            "sentiment": 0,
            "surprise": "0.1",
            "closePrice": "308.73"
        },
        {
            "fiscalDateEnding": "2021-06-30",
            "totalCurrentAssets": "1908877000",
            "cashAndShortTermInvestments": "343452000",
            "totalCurrentLiabilities": "988035000",
            "currentDebt": "None",
            "netIncome": "44402000",
            "capitalExpenditures": "21790000",
            "operatingCashflow": "81440000",
            "grossProfit": "305524000",
            "totalRevenue": "456031000",
            "sentiment": 0,
            "surprise": "0.06",
            "closePrice": "282.04"
        },
        {
            "fiscalDateEnding": "2021-03-31",
            "totalCurrentAssets": "2060765000",
            "cashAndShortTermInvestments": "451128000",
            "totalCurrentLiabilities": "1062909000",
            "currentDebt": "None",
            "netIncome": "52211000",
            "capitalExpenditures": "12445000",
            "operatingCashflow": "164239000",
            "grossProfit": "307159000",
            "totalRevenue": "455021000",
            "sentiment": 0,
            "surprise": "0.05",
            "closePrice": "223.05"
        },
        {
            "fiscalDateEnding": "2020-12-31",
            "totalCurrentAssets": "1942320000",
            "cashAndShortTermInvestments": "442267000",
            "totalCurrentLiabilities": "1044450000",
            "currentDebt": "None",
            "netIncome": "54974000",
            "capitalExpenditures": "12841000",
            "operatingCashflow": "166870000",
            "grossProfit": "288526000",
            "totalRevenue": "434581000",
            "sentiment": 0,
            "surprise": "0.05",
            "closePrice": "255.5"
        },
        {
            "fiscalDateEnding": "2020-09-30",
            "totalCurrentAssets": "1965633000",
            "cashAndShortTermInvestments": "753116000",
            "totalCurrentLiabilities": "939980000",
            "currentDebt": "None",
            "netIncome": "50653000",
            "capitalExpenditures": "13788000",
            "operatingCashflow": "99033000",
            "grossProfit": "269748000",
            "totalRevenue": "409827000",
            "sentiment": 0,
            "surprise": "0.02",
            "closePrice": "247.5"
        },
        {
            "fiscalDateEnding": "2020-06-30",
            "totalCurrentAssets": "1537896000",
            "cashAndShortTermInvestments": "344098000",
            "totalCurrentLiabilities": "953373000",
            "currentDebt": "None",
            "netIncome": "44605000",
            "capitalExpenditures": "17735000",
            "operatingCashflow": "59581000",
            "grossProfit": "257447000",
            "totalRevenue": "393180000",
            "sentiment": 0,
            "surprise": "0.05",
            "closePrice": "224.85"
        },
        {
            "fiscalDateEnding": "2020-03-31",
            "totalCurrentAssets": "875689000",
            "cashAndShortTermInvestments": "228323000",
            "totalCurrentLiabilities": "689372000",
            "currentDebt": "None",
            "netIncome": "61743000",
            "capitalExpenditures": "14506000",
            "operatingCashflow": "91449000",
            "grossProfit": "292926000",
            "totalRevenue": "430208000",
            "sentiment": 0,
            "surprise": "0.02",
            "closePrice": "170.13"
        },
        {
            "fiscalDateEnding": "2019-12-31",
            "totalCurrentAssets": "875689000",
            "cashAndShortTermInvestments": "228323000",
            "totalCurrentLiabilities": "689372000",
            "currentDebt": "None",
            "netIncome": "61743000",
            "capitalExpenditures": "14506000",
            "operatingCashflow": "91449000",
            "grossProfit": "292926000",
            "totalRevenue": "430208000",
            "sentiment": 0,
            "surprise": "0.05",
            "closePrice": "177.13"
        },
        {
            "fiscalDateEnding": "2019-09-30",
            "totalCurrentAssets": "841765000",
            "cashAndShortTermInvestments": "220839000",
            "totalCurrentLiabilities": "698241000",
            "currentDebt": "None",
            "netIncome": "45039000",
            "capitalExpenditures": "15094000",
            "operatingCashflow": "82321000",
            "grossProfit": "253592000",
            "totalRevenue": "386263000",
            "sentiment": 0,
            "surprise": "0.02",
            "closePrice": "157.25"
        },
        {
            "fiscalDateEnding": "2019-06-30",
            "totalCurrentAssets": "899891000",
            "cashAndShortTermInvestments": "236311000",
            "totalCurrentLiabilities": "702982000",
            "currentDebt": "None",
            "netIncome": "42058000",
            "capitalExpenditures": "15463000",
            "operatingCashflow": "17976000",
            "grossProfit": "249649000",
            "totalRevenue": "380414000",
            "sentiment": 0,
            "surprise": "0.03",
            "closePrice": "153.65"
        },
        {
            "fiscalDateEnding": "2019-03-31",
            "totalCurrentAssets": "861241000",
            "cashAndShortTermInvestments": "242099000",
            "totalCurrentLiabilities": "624912000",
            "currentDebt": "None",
            "netIncome": "62294000",
            "capitalExpenditures": "19220000",
            "operatingCashflow": "108903000",
            "grossProfit": "274674000",
            "totalRevenue": "410829000",
            "sentiment": 0,
            "surprise": "0.07",
            "closePrice": "143.9"
        },
        {
            "fiscalDateEnding": "2018-12-31",
            "totalCurrentAssets": "861241000",
            "cashAndShortTermInvestments": "242099000",
            "totalCurrentLiabilities": "624912000",
            "currentDebt": "None",
            "netIncome": "62294000",
            "capitalExpenditures": "19220000",
            "operatingCashflow": "108903000",
            "grossProfit": "274674000",
            "totalRevenue": "410829000",
            "sentiment": 0,
            "surprise": "0.05",
            "closePrice": "116.26"
        },
        {
            "fiscalDateEnding": "2018-09-30",
            "totalCurrentAssets": "765675000",
            "cashAndShortTermInvestments": "276170000",
            "totalCurrentLiabilities": "569760000",
            "currentDebt": "None",
            "netIncome": "39283000",
            "capitalExpenditures": "15407000",
            "operatingCashflow": "87036000",
            "grossProfit": "232747000",
            "totalRevenue": "356206000",
            "sentiment": 0,
            "surprise": "0.05",
            "closePrice": "113.15"
        },
        {
            "fiscalDateEnding": "2018-06-30",
            "totalCurrentAssets": "810260000",
            "cashAndShortTermInvestments": "364816000",
            "totalCurrentLiabilities": "546588000",
            "currentDebt": "None",
            "netIncome": "34235000",
            "capitalExpenditures": "15920000",
            "operatingCashflow": "63813000",
            "grossProfit": "223356000",
            "totalRevenue": "342042000",
            "sentiment": 0,
            "surprise": "0.04",
            "closePrice": "108.72"
        },
        {
            "fiscalDateEnding": "2018-03-31",
            "totalCurrentAssets": "780009000",
            "cashAndShortTermInvestments": "334461000",
            "totalCurrentLiabilities": "566858000",
            "currentDebt": "None",
            "netIncome": "23526000",
            "capitalExpenditures": "13120000",
            "operatingCashflow": "136857000",
            "grossProfit": "216927000",
            "totalRevenue": "335442000",
            "sentiment": 0,
            "surprise": "0.02",
            "closePrice": "99.26"
        },
        {
            "fiscalDateEnding": "2017-12-31",
            "totalCurrentAssets": "693056000",
            "cashAndShortTermInvestments": "328302000",
            "totalCurrentLiabilities": "523352000",
            "currentDebt": "None",
            "netIncome": "79388000",
            "capitalExpenditures": "15357000",
            "operatingCashflow": "86588000",
            "grossProfit": "268274000",
            "totalRevenue": "392235000",
            "sentiment": 0,
            "surprise": "0.03",
            "closePrice": "89.53"
        },
        {
            "fiscalDateEnding": "2017-09-30",
            "totalCurrentAssets": "647132000",
            "cashAndShortTermInvestments": "320929000",
            "totalCurrentLiabilities": "505158000",
            "currentDebt": "None",
            "netIncome": "26173000",
            "capitalExpenditures": "15629000",
            "operatingCashflow": "105824000",
            "grossProfit": "207381000",
            "totalRevenue": "322755000",
            "sentiment": 0,
            "surprise": "0.02",
            "closePrice": "83.86"
        },
        {
            "fiscalDateEnding": "2017-06-30",
            "totalCurrentAssets": "635827000",
            "cashAndShortTermInvestments": "304622000",
            "totalCurrentLiabilities": "465818000",
            "currentDebt": "None",
            "netIncome": "20441000",
            "capitalExpenditures": "19488000",
            "operatingCashflow": "68661000",
            "grossProfit": "197936000",
            "totalRevenue": "311540000",
            "sentiment": 0,
            "surprise": "0.03",
            "closePrice": "75.91"
        },
        {
            "fiscalDateEnding": "2017-03-31",
            "totalCurrentAssets": "509233000",
            "cashAndShortTermInvestments": "157026000",
            "totalCurrentLiabilities": "472810000",
            "currentDebt": "None",
            "netIncome": "33259000",
            "capitalExpenditures": "13409000",
            "operatingCashflow": "37696000",
            "grossProfit": "221098000",
            "totalRevenue": "323860000",
            "sentiment": 0,
            "surprise": "0.05",
            "closePrice": "72.54"
        },
        {
            "fiscalDateEnding": "2016-12-31",
            "totalCurrentAssets": "509233000",
            "cashAndShortTermInvestments": "157026000",
            "totalCurrentLiabilities": "472810000",
            "currentDebt": "None",
            "netIncome": "33259000",
            "capitalExpenditures": "13409000",
            "operatingCashflow": "37696000",
            "grossProfit": "221098000",
            "totalRevenue": "323860000",
            "sentiment": 0,
            "surprise": "0.01",
            "closePrice": "70.1774942095496"
        },
        {
            "fiscalDateEnding": "2016-09-30",
            "totalCurrentAssets": "902350000",
            "cashAndShortTermInvestments": "666125000",
            "totalCurrentLiabilities": "421801000",
            "currentDebt": "None",
            "netIncome": "32289000",
            "capitalExpenditures": "8973000",
            "operatingCashflow": "41421000",
            "grossProfit": "159123000",
            "totalRevenue": "237187000",
            "sentiment": 0,
            "surprise": "0.02",
            "closePrice": "67.5196127227785"
        },
        {
            "fiscalDateEnding": "2016-06-30",
            "totalCurrentAssets": "587290000",
            "cashAndShortTermInvestments": "301007000",
            "totalCurrentLiabilities": "418140000",
            "currentDebt": "None",
            "netIncome": "25380000",
            "capitalExpenditures": "5781000",
            "operatingCashflow": "30253000",
            "grossProfit": "146090000",
            "totalRevenue": "228528000",
            "sentiment": 0,
            "surprise": "0.04",
            "closePrice": "68.2547603561373"
        },
        {
            "fiscalDateEnding": "2016-03-31",
            "totalCurrentAssets": "559732000",
            "cashAndShortTermInvestments": "269713000",
            "totalCurrentLiabilities": "443561000",
            "currentDebt": "None",
            "netIncome": "35140000",
            "capitalExpenditures": "8138000",
            "operatingCashflow": "112819000",
            "grossProfit": "151498000",
            "totalRevenue": "225967000",
            "sentiment": 0,
            "surprise": "0.07",
            "closePrice": "63.4910601124564"
        },
        {
            "fiscalDateEnding": "2015-12-31",
            "totalCurrentAssets": "655152000",
            "cashAndShortTermInvestments": "325931000",
            "totalCurrentLiabilities": "398849000",
            "currentDebt": "None",
            "netIncome": "58487000",
            "capitalExpenditures": "6307000",
            "operatingCashflow": "53752000",
            "grossProfit": "191517000",
            "totalRevenue": "273558000",
            "sentiment": 0,
            "surprise": "0.06",
            "closePrice": "55.7602070800502"
        },
        {
            "fiscalDateEnding": "2015-09-30",
            "totalCurrentAssets": "647178000",
            "cashAndShortTermInvestments": "332730000",
            "totalCurrentLiabilities": "404733000",
            "currentDebt": "None",
            "netIncome": "-5484000",
            "capitalExpenditures": "3501000",
            "operatingCashflow": "49502000",
            "grossProfit": "146506000",
            "totalRevenue": "221085000",
            "sentiment": 0,
            "surprise": "0.07",
            "closePrice": "60.7610793059268"
        },
        {
            "fiscalDateEnding": "2015-06-30",
            "totalCurrentAssets": "567359000",
            "cashAndShortTermInvestments": "236292000",
            "totalCurrentLiabilities": "430655000",
            "currentDebt": "None",
            "netIncome": "29257000",
            "capitalExpenditures": "4953000",
            "operatingCashflow": "57016000",
            "grossProfit": "153748000",
            "totalRevenue": "234731000",
            "sentiment": 0,
            "surprise": "0.04",
            "closePrice": "61.9531114556958"
        },
        {
            "fiscalDateEnding": "2015-03-31",
            "totalCurrentAssets": "506436000",
            "cashAndShortTermInvestments": "187497000",
            "totalCurrentLiabilities": "378246000",
            "currentDebt": "None",
            "netIncome": "50075000",
            "capitalExpenditures": "4113000",
            "operatingCashflow": "64160000",
            "grossProfit": "198348000",
            "totalRevenue": "294117000",
            "sentiment": 0,
            "surprise": "0.03",
            "closePrice": "61.2607986696423"
        },
        {
            "fiscalDateEnding": "2014-12-31",
            "totalCurrentAssets": "506436000",
            "cashAndShortTermInvestments": "187497000",
            "totalCurrentLiabilities": "378246000",
            "currentDebt": "None",
            "netIncome": "50075000",
            "capitalExpenditures": "4113000",
            "operatingCashflow": "64160000",
            "grossProfit": "198348000",
            "totalRevenue": "294117000",
            "sentiment": 0,
            "surprise": "0.08",
            "closePrice": "52.0126015295074"
        },
        {
            "fiscalDateEnding": "2014-09-30",
            "totalCurrentAssets": "443499000",
            "cashAndShortTermInvestments": "118937000",
            "totalCurrentLiabilities": "366254000",
            "currentDebt": "None",
            "netIncome": "26892000",
            "capitalExpenditures": "4023000",
            "operatingCashflow": "33762000",
            "grossProfit": "153859000",
            "totalRevenue": "249941000",
            "sentiment": 0,
            "surprise": "0.06",
            "closePrice": "43.8581421741106"
        },
        {
            "fiscalDateEnding": "2014-06-30",
            "totalCurrentAssets": "460374000",
            "cashAndShortTermInvestments": "125631000",
            "totalCurrentLiabilities": "392105000",
            "currentDebt": "None",
            "netIncome": "10392000",
            "capitalExpenditures": "4952000",
            "operatingCashflow": "25947000",
            "grossProfit": "144942000",
            "totalRevenue": "239008000",
            "sentiment": 0,
            "surprise": "-0.02",
            "closePrice": "38.9262795548501"
        },
        {
            "fiscalDateEnding": "2014-03-31",
            "totalCurrentAssets": "479185000",
            "cashAndShortTermInvestments": "146737000",
            "totalCurrentLiabilities": "388167000",
            "currentDebt": "None",
            "netIncome": "15716000",
            "capitalExpenditures": "4579000",
            "operatingCashflow": "58400000",
            "grossProfit": "138908000",
            "totalRevenue": "228574000",
            "sentiment": 0,
            "surprise": "-0.03",
            "closePrice": "36.7133233854913"
        },
        {
            "fiscalDateEnding": "2013-12-31",
            "totalCurrentAssets": "460616000",
            "cashAndShortTermInvestments": "119545000",
            "totalCurrentLiabilities": "384191000",
            "currentDebt": "None",
            "netIncome": "24216000",
            "capitalExpenditures": "5153000",
            "operatingCashflow": "46551000",
            "grossProfit": "167685000",
            "totalRevenue": "270219000",
            "sentiment": 0,
            "surprise": "0",
            "closePrice": "37.2555014826763"
        },
        {
            "fiscalDateEnding": "2013-09-30",
            "totalCurrentAssets": "426617000",
            "cashAndShortTermInvestments": "102950000",
            "totalCurrentLiabilities": "364169000",
            "currentDebt": "None",
            "netIncome": "-3708000",
            "capitalExpenditures": "7269000",
            "operatingCashflow": "-15635000",
            "grossProfit": "139301000",
            "totalRevenue": "229863000",
            "sentiment": 0,
            "surprise": "0",
            "closePrice": "38.5988382935982"
        },
        {
            "fiscalDateEnding": "2013-06-30",
            "totalCurrentAssets": "483754000",
            "cashAndShortTermInvestments": "117750000",
            "totalCurrentLiabilities": "393278000",
            "currentDebt": "None",
            "netIncome": "16966000",
            "capitalExpenditures": "4462000",
            "operatingCashflow": "35146000",
            "grossProfit": "138864000",
            "totalRevenue": "224874000",
            "sentiment": 0,
            "surprise": "0",
            "closePrice": "36.0948105554632"
        },
        {
            "fiscalDateEnding": "2013-03-31",
            "totalCurrentAssets": "519250000",
            "cashAndShortTermInvestments": "120163000",
            "totalCurrentLiabilities": "397809000",
            "currentDebt": "None",
            "netIncome": "17801000",
            "capitalExpenditures": "4443000",
            "operatingCashflow": "58213000",
            "grossProfit": "138486000",
            "totalRevenue": "224327000",
            "sentiment": 0,
            "surprise": "0.01",
            "closePrice": "34.6773802813866"
        },
        {
            "fiscalDateEnding": "2012-12-31",
            "totalCurrentAssets": "521064000",
            "cashAndShortTermInvestments": "103617000",
            "totalCurrentLiabilities": "383429000",
            "currentDebt": "None",
            "netIncome": "32130000",
            "capitalExpenditures": "8199000",
            "operatingCashflow": "42075000",
            "grossProfit": "148973000",
            "totalRevenue": "237685000",
            "sentiment": 0,
            "surprise": "0.04",
            "closePrice": "35.2428765325204"
        },
        {
            "fiscalDateEnding": "2012-09-30",
            "totalCurrentAssets": "493707000",
            "cashAndShortTermInvestments": "74844000",
            "totalCurrentLiabilities": "380731000",
            "currentDebt": "None",
            "netIncome": "16777000",
            "capitalExpenditures": "7172000",
            "operatingCashflow": "11596000",
            "grossProfit": "130531000",
            "totalRevenue": "218859000",
            "sentiment": 0,
            "surprise": "0.07",
            "closePrice": "31.8786530723858"
        },
        {
            "fiscalDateEnding": "2012-06-30",
            "totalCurrentAssets": "511418000",
            "cashAndShortTermInvestments": "126289000",
            "totalCurrentLiabilities": "400636000",
            "currentDebt": "None",
            "netIncome": "11180000",
            "capitalExpenditures": "7809000",
            "operatingCashflow": "11778000",
            "grossProfit": "125508000",
            "totalRevenue": "212106000",
            "sentiment": 0,
            "surprise": "0",
            "closePrice": "29.2236960967241"
        },
        {
            "fiscalDateEnding": "2012-03-31",
            "totalCurrentAssets": "524330000",
            "cashAndShortTermInvestments": "149492000",
            "totalCurrentLiabilities": "448278000",
            "currentDebt": "None",
            "netIncome": "7807000",
            "capitalExpenditures": "6999000",
            "operatingCashflow": "70190000",
            "grossProfit": "122776000",
            "totalRevenue": "210361000",
            "sentiment": 0,
            "surprise": "0.04",
            "closePrice": "36.2492681658939"
        },
        {
            "fiscalDateEnding": "2011-12-31",
            "totalCurrentAssets": "543171000",
            "cashAndShortTermInvestments": "204437000",
            "totalCurrentLiabilities": "369628000",
            "currentDebt": "None",
            "netIncome": "15245000",
            "capitalExpenditures": "4426000",
            "operatingCashflow": "53293000",
            "grossProfit": "131977000",
            "totalRevenue": "213622000",
            "sentiment": 0,
            "surprise": "0.03",
            "closePrice": "34.5431947302702"
        },
        {
            "fiscalDateEnding": "2011-09-30",
            "totalCurrentAssets": "493887000",
            "cashAndShortTermInvestments": "122156000",
            "totalCurrentLiabilities": "356489000",
            "currentDebt": "None",
            "netIncome": "18322000",
            "capitalExpenditures": "9000000",
            "operatingCashflow": "17942000",
            "grossProfit": "121802000",
            "totalRevenue": "199461000",
            "sentiment": 0,
            "surprise": "0.01",
            "closePrice": "34.571948776938"
        },
        {
            "fiscalDateEnding": "2011-06-30",
            "totalCurrentAssets": "529497000",
            "cashAndShortTermInvestments": "142606000",
            "totalCurrentLiabilities": "365950000",
            "currentDebt": "None",
            "netIncome": "15549000",
            "capitalExpenditures": "4616000",
            "operatingCashflow": "27652000",
            "grossProfit": "118651000",
            "totalRevenue": "195451000",
            "sentiment": 0,
            "surprise": "0",
            "closePrice": "34.6773802813866"
        },
        {
            "fiscalDateEnding": "2011-03-31",
            "totalCurrentAssets": "508196000",
            "cashAndShortTermInvestments": "110737000",
            "totalCurrentLiabilities": "375964000",
            "currentDebt": "None",
            "netIncome": "8147000",
            "capitalExpenditures": "3415000",
            "operatingCashflow": "55487000",
            "grossProfit": "114096000",
            "totalRevenue": "185297000",
            "sentiment": 0,
            "surprise": "0.02",
            "closePrice": "36.5176392681269"
        },
        {
            "fiscalDateEnding": "2010-12-31",
            "totalCurrentAssets": "500959000",
            "cashAndShortTermInvestments": "109526000",
            "totalCurrentLiabilities": "327050000",
            "currentDebt": "None",
            "netIncome": "17382000",
            "capitalExpenditures": "3414000",
            "operatingCashflow": "44405000",
            "grossProfit": "115930000",
            "totalRevenue": "186145000",
            "sentiment": 0,
            "surprise": "0.02",
            "closePrice": "33.5847265080096"
        },
        {
            "fiscalDateEnding": "2010-09-30",
            "totalCurrentAssets": "463919000",
            "cashAndShortTermInvestments": "84627000",
            "totalCurrentLiabilities": "316636000",
            "currentDebt": "None",
            "netIncome": "12538000",
            "capitalExpenditures": "3822000",
            "operatingCashflow": "31458000",
            "grossProfit": "107851000",
            "totalRevenue": "174856000",
            "sentiment": 0,
            "surprise": "0.02",
            "closePrice": "31.2364793634713"
        },
        {
            "fiscalDateEnding": "2010-06-30",
            "totalCurrentAssets": "484223000",
            "cashAndShortTermInvestments": "149097000",
            "totalCurrentLiabilities": "301754000",
            "currentDebt": "None",
            "netIncome": "12709000",
            "capitalExpenditures": "2918000",
            "operatingCashflow": "38625000",
            "grossProfit": "101322000",
            "totalRevenue": "168529000",
            "sentiment": 0,
            "surprise": "0.01",
            "closePrice": "28.2173044633505"
        },
        {
            "fiscalDateEnding": "2010-03-31",
            "totalCurrentAssets": "423215000",
            "cashAndShortTermInvestments": "165292000",
            "totalCurrentLiabilities": "281558000",
            "currentDebt": "None",
            "netIncome": "6078000",
            "capitalExpenditures": "2861000",
            "operatingCashflow": "30532000",
            "grossProfit": "95273000",
            "totalRevenue": "159921000",
            "sentiment": 0,
            "surprise": "0.01",
            "closePrice": "30.0863174967586"
        },
        {
            "fiscalDateEnding": "2009-12-31",
            "totalCurrentAssets": "472321000",
            "cashAndShortTermInvestments": "255038000",
            "totalCurrentLiabilities": "287861000",
            "currentDebt": "None",
            "netIncome": "12749000",
            "capitalExpenditures": "3211000",
            "operatingCashflow": "29384000",
            "grossProfit": "93686000",
            "totalRevenue": "158821000",
            "sentiment": 0,
            "surprise": "0.03",
            "closePrice": "29.7987770300805"
        },
        {
            "fiscalDateEnding": "2009-09-30",
            "totalCurrentAssets": "470327000",
            "cashAndShortTermInvestments": "144685000",
            "totalCurrentLiabilities": "284452000",
            "currentDebt": "None",
            "netIncome": "7796000",
            "capitalExpenditures": "2474000",
            "operatingCashflow": "27688000",
            "grossProfit": "85424000",
            "totalRevenue": "144684000",
            "sentiment": 0,
            "surprise": "0.01",
            "closePrice": "28.1214576411245"
        },
        {
            "fiscalDateEnding": "2009-06-30",
            "totalCurrentAssets": "498933000",
            "cashAndShortTermInvestments": "170104000",
            "totalCurrentLiabilities": "256301000",
            "currentDebt": "None",
            "netIncome": "11590000",
            "capitalExpenditures": "1753000",
            "operatingCashflow": "30659000",
            "grossProfit": "83747000",
            "totalRevenue": "140450000",
            "sentiment": 0,
            "surprise": "0.01",
            "closePrice": "26.2045211966034"
        },
        {
            "fiscalDateEnding": "2009-03-31",
            "totalCurrentAssets": "478160000",
            "cashAndShortTermInvestments": "144376000",
            "totalCurrentLiabilities": "260649000",
            "currentDebt": "None",
            "netIncome": "18740000",
            "capitalExpenditures": "3758000",
            "operatingCashflow": "42739000",
            "grossProfit": "101713000",
            "totalRevenue": "163088000",
            "sentiment": 0,
            "surprise": "0",
            "closePrice": "20.67415955416"
        },
        {
            "fiscalDateEnding": "2008-12-31",
            "totalCurrentAssets": "478160000",
            "cashAndShortTermInvestments": "144376000",
            "totalCurrentLiabilities": "260649000",
            "currentDebt": "None",
            "netIncome": "18740000",
            "capitalExpenditures": "3758000",
            "operatingCashflow": "42739000",
            "grossProfit": "101713000",
            "totalRevenue": "163088000",
            "sentiment": 0,
            "surprise": "0.04",
            "closePrice": "21.2684098519616"
        },
        {
            "fiscalDateEnding": "2008-09-30",
            "totalCurrentAssets": "410021000",
            "cashAndShortTermInvestments": "141685000",
            "totalCurrentLiabilities": "255053000",
            "currentDebt": "None",
            "netIncome": "10924000",
            "capitalExpenditures": "8721000",
            "operatingCashflow": "32325000",
            "grossProfit": "100302000",
            "totalRevenue": "162492000",
            "sentiment": 0,
            "surprise": "0",
            "closePrice": "18.8339005674198"
        },
        {
            "fiscalDateEnding": "2008-06-30",
            "totalCurrentAssets": "359533000",
            "cashAndShortTermInvestments": "154555000",
            "totalCurrentLiabilities": "259679000",
            "currentDebt": "None",
            "netIncome": "1511000",
            "capitalExpenditures": "4239000",
            "operatingCashflow": "13940000",
            "grossProfit": "95489000",
            "totalRevenue": "154138000",
            "sentiment": 0,
            "surprise": "0",
            "closePrice": "28.0639495477889"
        },
        {
            "fiscalDateEnding": "2008-03-31",
            "totalCurrentAssets": "382760000",
            "cashAndShortTermInvestments": "116619000",
            "totalCurrentLiabilities": "229877000",
            "currentDebt": "None",
            "netIncome": "8251000",
            "capitalExpenditures": "4700000",
            "operatingCashflow": "31238000",
            "grossProfit": "86548000",
            "totalRevenue": "143578000",
            "sentiment": 0,
            "surprise": "0",
            "closePrice": "31.8978224368311"
        },
        {
            "fiscalDateEnding": "2007-12-31",
            "totalCurrentAssets": "382760000",
            "cashAndShortTermInvestments": "116619000",
            "totalCurrentLiabilities": "229877000",
            "currentDebt": "None",
            "netIncome": "8251000",
            "capitalExpenditures": "4700000",
            "operatingCashflow": "31238000",
            "grossProfit": "86548000",
            "totalRevenue": "143578000",
            "sentiment": 0,
            "surprise": "0.01",
            "closePrice": "30.6613984301149"
        },
        {
            "fiscalDateEnding": "2007-09-30",
            "totalCurrentAssets": "352837000",
            "cashAndShortTermInvestments": "120456000",
            "totalCurrentLiabilities": "230956000",
            "currentDebt": "None",
            "netIncome": "9232000",
            "capitalExpenditures": "2607000",
            "operatingCashflow": "35702000",
            "grossProfit": "79821000",
            "totalRevenue": "131662000",
            "sentiment": 0,
            "surprise": "0.01",
            "closePrice": "36.8435184636955"
        },
        {
            "fiscalDateEnding": "2007-06-30",
            "totalCurrentAssets": "308122000",
            "cashAndShortTermInvestments": "76971000",
            "totalCurrentLiabilities": "184660000",
            "currentDebt": "None",
            "netIncome": "11171000",
            "capitalExpenditures": "2152000",
            "operatingCashflow": "17381000",
            "grossProfit": "76050000",
            "totalRevenue": "126191000",
            "sentiment": 0,
            "surprise": "0.01",
            "closePrice": "32.3483025012935"
        },
        {
            "fiscalDateEnding": "2007-03-31",
            "totalCurrentAssets": "286162000",
            "cashAndShortTermInvestments": "67365000",
            "totalCurrentLiabilities": "169835000",
            "currentDebt": "None",
            "netIncome": "9944000",
            "capitalExpenditures": "2706000",
            "operatingCashflow": "28528000",
            "grossProfit": "70473000",
            "totalRevenue": "116548000",
            "sentiment": 0,
            "surprise": "0.01",
            "closePrice": "36.8243490992503"
        },
        {
            "fiscalDateEnding": "2006-12-31",
            "totalCurrentAssets": "286162000",
            "cashAndShortTermInvestments": "67365000",
            "totalCurrentLiabilities": "169835000",
            "currentDebt": "None",
            "netIncome": "9944000",
            "capitalExpenditures": "2706000",
            "operatingCashflow": "28528000",
            "grossProfit": "70473000",
            "totalRevenue": "116548000",
            "sentiment": 0,
            "surprise": "0.03",
            "closePrice": "34.4185938613763"
        },
        {
            "fiscalDateEnding": "2006-09-30",
            "totalCurrentAssets": "253082000",
            "cashAndShortTermInvestments": "60773000",
            "totalCurrentLiabilities": "146170000",
            "currentDebt": "None",
            "netIncome": "-5403000",
            "capitalExpenditures": "2433000",
            "operatingCashflow": "25331000",
            "grossProfit": "60367000",
            "totalRevenue": "107479000",
            "sentiment": 0,
            "surprise": "0.02",
            "closePrice": "29.1757726856111"
        },
        {
            "fiscalDateEnding": "2006-06-30",
            "totalCurrentAssets": "402786000",
            "cashAndShortTermInvestments": "231409000",
            "totalCurrentLiabilities": "124192000",
            "currentDebt": "None",
            "netIncome": "10790000",
            "capitalExpenditures": "2292000",
            "operatingCashflow": "10306000",
            "grossProfit": "56875000",
            "totalRevenue": "97702000",
            "sentiment": 0,
            "surprise": "0.02",
            "closePrice": "25.6390249454697"
        },
        {
            "fiscalDateEnding": "2006-03-31",
            "totalCurrentAssets": "393446000",
            "cashAndShortTermInvestments": "254956000",
            "totalCurrentLiabilities": "118738000",
            "currentDebt": "None",
            "netIncome": "16123000",
            "capitalExpenditures": "1736000",
            "operatingCashflow": "18438000",
            "grossProfit": "51443000",
            "totalRevenue": "90041000",
            "sentiment": 0,
            "surprise": "0.01",
            "closePrice": "27.3307213577595"
        },
        {
            "fiscalDateEnding": "2005-12-31",
            "totalCurrentAssets": "393446000",
            "cashAndShortTermInvestments": "254956000",
            "totalCurrentLiabilities": "118738000",
            "currentDebt": "None",
            "netIncome": "16123000",
            "capitalExpenditures": "1736000",
            "operatingCashflow": "18438000",
            "grossProfit": "51443000",
            "totalRevenue": "90041000",
            "sentiment": 0,
            "surprise": "0.01",
            "closePrice": "24.7716112043239"
        },
        {
            "fiscalDateEnding": "2005-09-30",
            "totalCurrentAssets": "148875000",
            "cashAndShortTermInvestments": "25072000",
            "totalCurrentLiabilities": "107626000",
            "currentDebt": "None",
            "netIncome": "7869000",
            "capitalExpenditures": "1670000",
            "operatingCashflow": "15267000",
            "grossProfit": "46226000",
            "totalRevenue": "82717000",
            "sentiment": 0,
            "surprise": "0.01",
            "closePrice": "22.4377410831194"
        },
        {
            "fiscalDateEnding": "2005-06-30",
            "totalCurrentAssets": "141663000",
            "cashAndShortTermInvestments": "34953000",
            "totalCurrentLiabilities": "100687000",
            "currentDebt": "None",
            "netIncome": "6801000",
            "capitalExpenditures": "1344000",
            "operatingCashflow": "19155000",
            "grossProfit": "40641000",
            "totalRevenue": "72230000",
            "sentiment": 0,
            "surprise": "0.01",
            "closePrice": "21.2061094175146"
        },
        {
            "fiscalDateEnding": "2005-03-31",
            "totalCurrentAssets": "118713000",
            "cashAndShortTermInvestments": "26579000",
            "totalCurrentLiabilities": "67285000",
            "currentDebt": "None",
            "netIncome": "9018000",
            "capitalExpenditures": "1542000",
            "operatingCashflow": "17081000",
            "grossProfit": "38945000",
            "totalRevenue": "69519000",
            "sentiment": 0,
            "surprise": "0.01",
            "closePrice": "18.3930051851799"
        },
        {
            "fiscalDateEnding": "2004-12-31",
            "totalCurrentAssets": "118713000",
            "cashAndShortTermInvestments": "26579000",
            "totalCurrentLiabilities": "67285000",
            "currentDebt": "None",
            "netIncome": "9018000",
            "capitalExpenditures": "1542000",
            "operatingCashflow": "17081000",
            "grossProfit": "38945000",
            "totalRevenue": "69519000",
            "sentiment": 0,
            "surprise": "0.01",
            "closePrice": "14.5447552728038"
        },
        {
            "fiscalDateEnding": "2004-09-30",
            "totalCurrentAssets": "105888000",
            "cashAndShortTermInvestments": "31729000",
            "totalCurrentLiabilities": "64517000",
            "currentDebt": "None",
            "netIncome": "5182000",
            "capitalExpenditures": "1970000",
            "operatingCashflow": "11251000",
            "grossProfit": "34758000",
            "totalRevenue": "63512000",
            "sentiment": 0,
            "surprise": "0.01",
            "closePrice": "11.1949088360032"
        },
        {
            "fiscalDateEnding": "2004-06-30",
            "totalCurrentAssets": "98624000",
            "cashAndShortTermInvestments": "24130000",
            "totalCurrentLiabilities": "62739000",
            "currentDebt": "None",
            "netIncome": "4504000",
            "capitalExpenditures": "1351000",
            "operatingCashflow": "8778000",
            "grossProfit": "33267000",
            "totalRevenue": "61269000",
            "sentiment": 0,
            "surprise": "0",
            "closePrice": "10.2124789081861"
        },
        {
            "fiscalDateEnding": "2004-03-31",
            "totalCurrentAssets": "121166000",
            "cashAndShortTermInvestments": "29859000",
            "totalCurrentLiabilities": "64992000",
            "currentDebt": "None",
            "netIncome": "1915000",
            "capitalExpenditures": "242000",
            "operatingCashflow": "10638000",
            "grossProfit": "31696000",
            "totalRevenue": "56706000",
            "sentiment": 0,
            "surprise": "0",
            "closePrice": "11.0703079671093"
        },
        {
            "fiscalDateEnding": "2003-12-31",
            "totalCurrentAssets": "121166000",
            "cashAndShortTermInvestments": "29859000",
            "totalCurrentLiabilities": "64992000",
            "currentDebt": "None",
            "netIncome": "1915000",
            "capitalExpenditures": "242000",
            "operatingCashflow": "10638000",
            "grossProfit": "31696000",
            "totalRevenue": "56706000",
            "sentiment": 0,
            "surprise": "-0.01",
            "closePrice": "10.9744611448833"
        }
    ]
}