{
    "NOK": [
        {
            "fiscalDateEnding": "2023-12-31",
            "totalCurrentAssets": "18087000000",
            "cashAndShortTermInvestments": "6234000000",
            "totalCurrentLiabilities": "10933000000",
            "currentDebt": "None",
            "netIncome": "-43000000",
            "capitalExpenditures": "149000000",
            "operatingCashflow": "1870000000",
            "grossProfit": "2385000000",
            "totalRevenue": "5707000000",
            "sentiment": 0.3570079147808831,
            "surprise": "-0.04",
            "closePrice": "3.76805763711622"
        },
        {
            "fiscalDateEnding": "2023-09-30",
            "totalCurrentAssets": "18304000000",
            "cashAndShortTermInvestments": "4605000000",
            "totalCurrentLiabilities": "11145000000",
            "currentDebt": "None",
            "netIncome": "133000000",
            "capitalExpenditures": "144000000",
            "operatingCashflow": "-303000000",
            "grossProfit": "1954000000",
            "totalRevenue": "4982000000",
            "sentiment": 0.42226471355625833,
            "surprise": "-0.04",
            "closePrice": "3.15137570157113"
        },
        {
            "fiscalDateEnding": "2023-06-30",
            "totalCurrentAssets": "18459000000",
            "cashAndShortTermInvestments": "5106000000",
            "totalCurrentLiabilities": "11506000000",
            "currentDebt": "None",
            "netIncome": "289000000",
            "capitalExpenditures": "127000000",
            "operatingCashflow": "-333000000",
            "grossProfit": "2217000000",
            "totalRevenue": "5710000000",
            "sentiment": 0.4430961185099772,
            "surprise": "0",
            "closePrice": "3.82580552275477"
        },
        {
            "fiscalDateEnding": "2023-03-31",
            "totalCurrentAssets": "19255000000",
            "cashAndShortTermInvestments": "4827000000",
            "totalCurrentLiabilities": "12432000000",
            "currentDebt": "None",
            "netIncome": "289000000",
            "capitalExpenditures": "232000000",
            "operatingCashflow": "83000000",
            "grossProfit": "2206000000",
            "totalRevenue": "5859000000",
            "sentiment": 0.40517649765297475,
            "surprise": "-0.02",
            "closePrice": "4.05683861110181"
        },
        {
            "fiscalDateEnding": "2022-12-31",
            "totalCurrentAssets": "20266000000",
            "cashAndShortTermInvestments": "5467000000",
            "totalCurrentLiabilities": "12774000000",
            "currentDebt": "None",
            "netIncome": "3152000000",
            "capitalExpenditures": "195000000",
            "operatingCashflow": "567000000",
            "grossProfit": "3187000000",
            "totalRevenue": "7449000000",
            "sentiment": 0.36756790333030953,
            "surprise": "0.02",
            "closePrice": "4.62476828678932"
        },
        {
            "fiscalDateEnding": "2022-09-30",
            "totalCurrentAssets": "21016000000",
            "cashAndShortTermInvestments": "5196000000",
            "totalCurrentLiabilities": "13703000000",
            "currentDebt": "None",
            "netIncome": "428000000",
            "capitalExpenditures": "116000000",
            "operatingCashflow": "391000000",
            "grossProfit": "2505000000",
            "totalRevenue": "6241000000",
            "sentiment": 0.38322186758610766,
            "surprise": "0",
            "closePrice": "3.98160671945186"
        },
        {
            "fiscalDateEnding": "2022-06-30",
            "totalCurrentAssets": "19610000000",
            "cashAndShortTermInvestments": "5457000000",
            "totalCurrentLiabilities": "12286000000",
            "currentDebt": "None",
            "netIncome": "460000000",
            "capitalExpenditures": "101000000",
            "operatingCashflow": "-43000000",
            "grossProfit": "2361000000",
            "totalRevenue": "5873000000",
            "sentiment": 0.05882522121863791,
            "surprise": "0.01",
            "closePrice": "4.8808240485892"
        },
        {
            "fiscalDateEnding": "2022-03-31",
            "totalCurrentAssets": "19468000000",
            "cashAndShortTermInvestments": "6341000000",
            "totalCurrentLiabilities": "12357000000",
            "currentDebt": "None",
            "netIncome": "219000000",
            "capitalExpenditures": "189000000",
            "operatingCashflow": "559000000",
            "grossProfit": "2169000000",
            "totalRevenue": "5348000000",
            "sentiment": 0.06418014764564327,
            "surprise": "0.01",
            "closePrice": "4.65206485459298"
        },
        {
            "fiscalDateEnding": "2021-12-31",
            "totalCurrentAssets": "19597000000",
            "cashAndShortTermInvestments": "6691000000",
            "totalCurrentLiabilities": "12101000000",
            "currentDebt": "None",
            "netIncome": "680000000",
            "capitalExpenditures": "159000000",
            "operatingCashflow": "485000000",
            "grossProfit": "2534000000",
            "totalRevenue": "6414000000",
            "sentiment": 0,
            "surprise": "0.02",
            "closePrice": "5.43057366699426"
        },
        {
            "fiscalDateEnding": "2021-09-30",
            "totalCurrentAssets": "19102000000",
            "cashAndShortTermInvestments": "6903000000",
            "totalCurrentLiabilities": "11913000000",
            "currentDebt": "None",
            "netIncome": "351000000",
            "capitalExpenditures": "129000000",
            "operatingCashflow": "729000000",
            "grossProfit": "2196000000",
            "totalRevenue": "5399000000",
            "sentiment": 0,
            "surprise": "0.02",
            "closePrice": "5.52551376606758"
        },
        {
            "fiscalDateEnding": "2021-06-30",
            "totalCurrentAssets": "18199000000",
            "cashAndShortTermInvestments": "7252000000",
            "totalCurrentLiabilities": "11529000000",
            "currentDebt": "None",
            "netIncome": "351000000",
            "capitalExpenditures": "113000000",
            "operatingCashflow": "106000000",
            "grossProfit": "2180000000",
            "totalRevenue": "5313000000",
            "sentiment": 0,
            "surprise": "0.06",
            "closePrice": "5.74387599393623"
        },
        {
            "fiscalDateEnding": "2021-03-31",
            "totalCurrentAssets": "18132000000",
            "cashAndShortTermInvestments": "7315000000",
            "totalCurrentLiabilities": "11326000000",
            "currentDebt": "None",
            "netIncome": "263000000",
            "capitalExpenditures": "159000000",
            "operatingCashflow": "1304000000",
            "grossProfit": "1925000000",
            "totalRevenue": "5076000000",
            "sentiment": 0,
            "surprise": "0.06",
            "closePrice": "4.43370262672433"
        },
        {
            "fiscalDateEnding": "2020-12-31",
            "totalCurrentAssets": "18251000000",
            "cashAndShortTermInvestments": "6940000000",
            "totalCurrentLiabilities": "11764000000",
            "currentDebt": "None",
            "netIncome": "-2605000000",
            "capitalExpenditures": "139000000",
            "operatingCashflow": "879000000",
            "grossProfit": "2573000000",
            "totalRevenue": "6568000000",
            "sentiment": 0,
            "surprise": "0.04",
            "closePrice": "4.14888232950435"
        },
        {
            "fiscalDateEnding": "2020-09-30",
            "totalCurrentAssets": "17418000000",
            "cashAndShortTermInvestments": "6836000000",
            "totalCurrentLiabilities": "11373000000",
            "currentDebt": "None",
            "netIncome": "197000000",
            "capitalExpenditures": "97000000",
            "operatingCashflow": "413000000",
            "grossProfit": "1977000000",
            "totalRevenue": "5294000000",
            "sentiment": 0,
            "surprise": "-0.01",
            "closePrice": "3.18049331895643"
        },
        {
            "fiscalDateEnding": "2020-06-30",
            "totalCurrentAssets": "17582000000",
            "cashAndShortTermInvestments": "7088000000",
            "totalCurrentLiabilities": "11691000000",
            "currentDebt": "None",
            "netIncome": "99000000",
            "capitalExpenditures": "89000000",
            "operatingCashflow": "333000000",
            "grossProfit": "2006000000",
            "totalRevenue": "5092000000",
            "sentiment": 0,
            "surprise": "0.04",
            "closePrice": "4.53813673570499"
        },
        {
            "fiscalDateEnding": "2020-03-31",
            "totalCurrentAssets": "16739000000",
            "cashAndShortTermInvestments": "6159000000",
            "totalCurrentLiabilities": "12184000000",
            "currentDebt": "None",
            "netIncome": "-115000000",
            "capitalExpenditures": "154000000",
            "operatingCashflow": "134000000",
            "grossProfit": "1778000000",
            "totalRevenue": "4913000000",
            "sentiment": 0,
            "surprise": "-0.01",
            "closePrice": "3.39885554682508"
        },
        {
            "fiscalDateEnding": "2019-12-31",
            "totalCurrentAssets": "16808000000",
            "cashAndShortTermInvestments": "5910000000",
            "totalCurrentLiabilities": "12055000000",
            "currentDebt": "None",
            "netIncome": "563000000",
            "capitalExpenditures": "193000000",
            "operatingCashflow": "1589000000",
            "grossProfit": "2712000000",
            "totalRevenue": "6903000000",
            "sentiment": 0,
            "surprise": "0.03",
            "closePrice": "3.9874841610797"
        },
        {
            "fiscalDateEnding": "2019-09-30",
            "totalCurrentAssets": "16600000000",
            "cashAndShortTermInvestments": "4721000000",
            "totalCurrentLiabilities": "12392000000",
            "currentDebt": "None",
            "netIncome": "85000000",
            "capitalExpenditures": "191000000",
            "operatingCashflow": "464000000",
            "grossProfit": "1969000000",
            "totalRevenue": "5686000000",
            "sentiment": 0,
            "surprise": "0",
            "closePrice": "3.70266386385972"
        },
        {
            "fiscalDateEnding": "2019-06-30",
            "totalCurrentAssets": "16680000000",
            "cashAndShortTermInvestments": "4693000000",
            "totalCurrentLiabilities": "12412000000",
            "currentDebt": "None",
            "netIncome": "-194000000",
            "capitalExpenditures": "131000000",
            "operatingCashflow": "-916000000",
            "grossProfit": "2065000000",
            "totalRevenue": "5694000000",
            "sentiment": 0,
            "surprise": "0.03",
            "closePrice": "5.35865353149942"
        },
        {
            "fiscalDateEnding": "2019-03-31",
            "totalCurrentAssets": "18032000000",
            "cashAndShortTermInvestments": "5862000000",
            "totalCurrentLiabilities": "13745000000",
            "currentDebt": "None",
            "netIncome": "-444000000",
            "capitalExpenditures": "175000000",
            "operatingCashflow": "-747000000",
            "grossProfit": "1580000000",
            "totalRevenue": "5032000000",
            "sentiment": 0,
            "surprise": "-0.04",
            "closePrice": "4.92901876272514"
        },
        {
            "fiscalDateEnding": "2018-12-31",
            "totalCurrentAssets": "18261000000",
            "cashAndShortTermInvestments": "6261000000",
            "totalCurrentLiabilities": "14115000000",
            "currentDebt": "None",
            "netIncome": "206000000",
            "capitalExpenditures": "171000000",
            "operatingCashflow": "1386000000",
            "grossProfit": "2761000000",
            "totalRevenue": "6869000000",
            "sentiment": 0,
            "surprise": "0.01",
            "closePrice": "5.9055224798688"
        },
        {
            "fiscalDateEnding": "2018-09-30",
            "totalCurrentAssets": "17294000000",
            "cashAndShortTermInvestments": "4799000000",
            "totalCurrentLiabilities": "13398000000",
            "currentDebt": "None",
            "netIncome": "-79000000",
            "capitalExpenditures": "137000000",
            "operatingCashflow": "-82000000",
            "grossProfit": "2019000000",
            "totalRevenue": "5458000000",
            "sentiment": 0,
            "surprise": "0.01",
            "closePrice": "4.94761883352788"
        },
        {
            "fiscalDateEnding": "2018-06-30",
            "totalCurrentAssets": "17159000000",
            "cashAndShortTermInvestments": "4993000000",
            "totalCurrentLiabilities": "12487000000",
            "currentDebt": "None",
            "netIncome": "-271000000",
            "capitalExpenditures": "104000000",
            "operatingCashflow": "-834000000",
            "grossProfit": "1860000000",
            "totalRevenue": "5313000000",
            "sentiment": 0,
            "surprise": "0",
            "closePrice": "5.16151964775935"
        },
        {
            "fiscalDateEnding": "2018-03-31",
            "totalCurrentAssets": "18422000000",
            "cashAndShortTermInvestments": "6555000000",
            "totalCurrentLiabilities": "11887000000",
            "currentDebt": "None",
            "netIncome": "-191000000",
            "capitalExpenditures": "260000000",
            "operatingCashflow": "-110000000",
            "grossProfit": "1805000000",
            "totalRevenue": "4924000000",
            "sentiment": 0,
            "surprise": "-0.02",
            "closePrice": "5.24494233734368"
        },
        {
            "fiscalDateEnding": "2017-12-31",
            "totalCurrentAssets": "19865000000",
            "cashAndShortTermInvestments": "7369000000",
            "totalCurrentLiabilities": "12809000000",
            "currentDebt": "None",
            "netIncome": "-380000000",
            "capitalExpenditures": "153000000",
            "operatingCashflow": "1990000000",
            "grossProfit": "2593000000",
            "totalRevenue": "6651000000",
            "sentiment": 0,
            "surprise": "0.04",
            "closePrice": "4.82498954372332"
        },
        {
            "fiscalDateEnding": "2017-09-30",
            "totalCurrentAssets": "18524000000",
            "cashAndShortTermInvestments": "5394000000",
            "totalCurrentLiabilities": "11636000000",
            "currentDebt": "None",
            "netIncome": "-181000000",
            "capitalExpenditures": "148000000",
            "operatingCashflow": "-744000000",
            "grossProfit": "2185000000",
            "totalRevenue": "5500000000",
            "sentiment": 0,
            "surprise": "0.05",
            "closePrice": "4.25313893113389"
        },
        {
            "fiscalDateEnding": "2017-06-30",
            "totalCurrentAssets": "19633000000",
            "cashAndShortTermInvestments": "6647000000",
            "totalCurrentLiabilities": "12531000000",
            "currentDebt": "None",
            "netIncome": "-447000000",
            "capitalExpenditures": "142000000",
            "operatingCashflow": "1039000000",
            "grossProfit": "2236000000",
            "totalRevenue": "5619000000",
            "sentiment": 0,
            "surprise": "0.04",
            "closePrice": "5.69170062842918"
        },
        {
            "fiscalDateEnding": "2017-03-31",
            "totalCurrentAssets": "20345000000",
            "cashAndShortTermInvestments": "6987000000",
            "totalCurrentLiabilities": "12714000000",
            "currentDebt": "None",
            "netIncome": "-450000000",
            "capitalExpenditures": "150000000",
            "operatingCashflow": "-473000000",
            "grossProfit": "2126000000",
            "totalRevenue": "5378000000",
            "sentiment": 0,
            "surprise": "0",
            "closePrice": "4.96343405797521"
        },
        {
            "fiscalDateEnding": "2016-12-31",
            "totalCurrentAssets": "20718000000",
            "cashAndShortTermInvestments": "7497000000",
            "totalCurrentLiabilities": "12607000000",
            "currentDebt": "None",
            "netIncome": "633000000",
            "capitalExpenditures": "124000000",
            "operatingCashflow": "510000000",
            "grossProfit": "2658000000",
            "totalRevenue": "6641000000",
            "sentiment": 0,
            "surprise": "0.05",
            "closePrice": "4.18247415374834"
        },
        {
            "fiscalDateEnding": "2016-09-30",
            "totalCurrentAssets": "20401000000",
            "cashAndShortTermInvestments": "6887000000",
            "totalCurrentLiabilities": "12521000000",
            "currentDebt": "None",
            "netIncome": "-139000000",
            "capitalExpenditures": "166000000",
            "operatingCashflow": "234000000",
            "grossProfit": "2216000000",
            "totalRevenue": "5890000000",
            "sentiment": 0,
            "surprise": "0.01",
            "closePrice": "4.10437816332565"
        },
        {
            "fiscalDateEnding": "2016-06-30",
            "totalCurrentAssets": "22498000000",
            "cashAndShortTermInvestments": "8449000000",
            "totalCurrentLiabilities": "13991000000",
            "currentDebt": "None",
            "netIncome": "-723000000",
            "capitalExpenditures": "104000000",
            "operatingCashflow": "-616000000",
            "grossProfit": "2028000000",
            "totalRevenue": "5583000000",
            "sentiment": 0,
            "surprise": "-0.01",
            "closePrice": "4.77253274805308"
        },
        {
            "fiscalDateEnding": "2016-03-31",
            "totalCurrentAssets": "15824000000",
            "cashAndShortTermInvestments": "6995000000",
            "totalCurrentLiabilities": "6391000000",
            "currentDebt": "None",
            "netIncome": "1791000000",
            "capitalExpenditures": "93000000",
            "operatingCashflow": "460000000",
            "grossProfit": "1673000000",
            "totalRevenue": "3609000000",
            "sentiment": 0,
            "surprise": "-0.01",
            "closePrice": "4.37676099119312"
        },
        {
            "fiscalDateEnding": "2015-12-31",
            "totalCurrentAssets": "15824000000",
            "cashAndShortTermInvestments": "6995000000",
            "totalCurrentLiabilities": "6391000000",
            "currentDebt": "None",
            "netIncome": "1791000000",
            "capitalExpenditures": "93000000",
            "operatingCashflow": "460000000",
            "grossProfit": "1673000000",
            "totalRevenue": "3609000000",
            "sentiment": 0,
            "surprise": "0.04",
            "closePrice": "4.84658279250764"
        },
        {
            "fiscalDateEnding": "2015-09-30",
            "totalCurrentAssets": "15510000000",
            "cashAndShortTermInvestments": "4551000000",
            "totalCurrentLiabilities": "6602000000",
            "currentDebt": "None",
            "netIncome": "150000000",
            "capitalExpenditures": "65000000",
            "operatingCashflow": "503000000",
            "grossProfit": "1298000000",
            "totalRevenue": "3036000000",
            "sentiment": 0,
            "surprise": "0.02",
            "closePrice": "6.03350102740747"
        },
        {
            "fiscalDateEnding": "2015-06-30",
            "totalCurrentAssets": "12854000000",
            "cashAndShortTermInvestments": "3983000000",
            "totalCurrentLiabilities": "6694000000",
            "currentDebt": "None",
            "netIncome": "348000000",
            "capitalExpenditures": "88000000",
            "operatingCashflow": "-258000000",
            "grossProfit": "1535000000",
            "totalRevenue": "3209000000",
            "sentiment": 0,
            "surprise": "0.03",
            "closePrice": "5.79446888287903"
        },
        {
            "fiscalDateEnding": "2015-03-31",
            "totalCurrentAssets": "13879000000",
            "cashAndShortTermInvestments": "4789000000",
            "totalCurrentLiabilities": "7499000000",
            "currentDebt": "None",
            "netIncome": "178000000",
            "capitalExpenditures": "70000000",
            "operatingCashflow": "-199000000",
            "grossProfit": "1358000000",
            "totalRevenue": "3196000000",
            "sentiment": 0,
            "surprise": "0.01",
            "closePrice": "5.29417736337401"
        },
        {
            "fiscalDateEnding": "2014-12-31",
            "totalCurrentAssets": "13724000000",
            "cashAndShortTermInvestments": "5171000000",
            "totalCurrentLiabilities": "7288000000",
            "currentDebt": "None",
            "netIncome": "444000000",
            "capitalExpenditures": "92000000",
            "operatingCashflow": "224000000",
            "grossProfit": "1655000000",
            "totalRevenue": "3802000000",
            "sentiment": 0,
            "surprise": "-0.01",
            "closePrice": "6.23554324713505"
        },
        {
            "fiscalDateEnding": "2014-09-30",
            "totalCurrentAssets": "13705000000",
            "cashAndShortTermInvestments": "5108000000",
            "totalCurrentLiabilities": "7372000000",
            "currentDebt": "None",
            "netIncome": "746000000",
            "capitalExpenditures": "62000000",
            "operatingCashflow": "399000000",
            "grossProfit": "1478000000",
            "totalRevenue": "3324000000",
            "sentiment": 0,
            "surprise": "0.03",
            "closePrice": "6.75852429366895"
        },
        {
            "fiscalDateEnding": "2014-06-30",
            "totalCurrentAssets": "14671000000",
            "cashAndShortTermInvestments": "6761000000",
            "totalCurrentLiabilities": "8234000000",
            "currentDebt": "None",
            "netIncome": "2511000000",
            "capitalExpenditures": "77000000",
            "operatingCashflow": "790000000",
            "grossProfit": "1294000000",
            "totalRevenue": "2942000000",
            "sentiment": 0,
            "surprise": "0.01",
            "closePrice": "6.69415739563401"
        },
        {
            "fiscalDateEnding": "2014-03-31",
            "totalCurrentAssets": "19143000000",
            "cashAndShortTermInvestments": "7633000000",
            "totalCurrentLiabilities": "14178000000",
            "currentDebt": "None",
            "netIncome": "-25000000",
            "capitalExpenditures": "73000000",
            "operatingCashflow": "53000000",
            "grossProfit": "-6291000000",
            "totalRevenue": "-4500000000",
            "sentiment": 0,
            "surprise": "0.02",
            "closePrice": "5.61499065973766"
        },
        {
            "fiscalDateEnding": "2013-12-31",
            "totalCurrentAssets": "19143000000",
            "cashAndShortTermInvestments": "7633000000",
            "totalCurrentLiabilities": "14178000000",
            "currentDebt": "None",
            "netIncome": "-25000000",
            "capitalExpenditures": "73000000",
            "operatingCashflow": "53000000",
            "grossProfit": "-196000000",
            "totalRevenue": "-4500000000",
            "sentiment": 0,
            "surprise": "0",
            "closePrice": "5.31270314104384"
        },
        {
            "fiscalDateEnding": "2013-09-30",
            "totalCurrentAssets": "17672000000",
            "cashAndShortTermInvestments": "7569000000",
            "totalCurrentLiabilities": "13938000000",
            "currentDebt": "None",
            "netIncome": "-91000000",
            "capitalExpenditures": "73000000",
            "operatingCashflow": "9000000",
            "grossProfit": "1795000000",
            "totalRevenue": "5662000000",
            "sentiment": 0,
            "surprise": "None",
            "closePrice": "5.63010503567235"
        },
        {
            "fiscalDateEnding": "2013-06-30",
            "totalCurrentAssets": "17942000000",
            "cashAndShortTermInvestments": "8082000000",
            "totalCurrentLiabilities": "13762000000",
            "currentDebt": "None",
            "netIncome": "-227000000",
            "capitalExpenditures": "143000000",
            "operatingCashflow": "-196000000",
            "grossProfit": "1907000000",
            "totalRevenue": "5695000000",
            "sentiment": 0,
            "surprise": "-0.0498",
            "closePrice": "3.03798956287286"
        },
        {
            "fiscalDateEnding": "2013-03-31",
            "totalCurrentAssets": "19682000000",
            "cashAndShortTermInvestments": "8681000000",
            "totalCurrentLiabilities": "15208000000",
            "currentDebt": "None",
            "netIncome": "-272000000",
            "capitalExpenditures": "118000000",
            "operatingCashflow": "206000000",
            "grossProfit": "1839000000",
            "totalRevenue": "5852000000",
            "sentiment": 0,
            "surprise": "0.02",
            "closePrice": "2.3956285856485"
        },
        {
            "fiscalDateEnding": "2012-12-31",
            "totalCurrentAssets": "20878000000",
            "cashAndShortTermInvestments": "8952000000",
            "totalCurrentLiabilities": "14646000000",
            "currentDebt": "None",
            "netIncome": "202000000",
            "capitalExpenditures": "146000000",
            "operatingCashflow": "563000000",
            "grossProfit": "2584000000",
            "totalRevenue": "8041000000",
            "sentiment": 0,
            "surprise": "0.02",
            "closePrice": "3.21936207408915"
        },
        {
            "fiscalDateEnding": "2012-09-30",
            "totalCurrentAssets": "20210000000",
            "cashAndShortTermInvestments": "7660000000",
            "totalCurrentLiabilities": "15750000000",
            "currentDebt": "None",
            "netIncome": "-959000000",
            "capitalExpenditures": "68000000",
            "operatingCashflow": "-429000000",
            "grossProfit": "1991000000",
            "totalRevenue": "7239000000",
            "sentiment": 0,
            "surprise": "0.04",
            "closePrice": "2.11601263085672"
        },
        {
            "fiscalDateEnding": "2012-06-30",
            "totalCurrentAssets": "21432000000",
            "cashAndShortTermInvestments": "8686000000",
            "totalCurrentLiabilities": "16310000000",
            "currentDebt": "None",
            "netIncome": "-1408000000",
            "capitalExpenditures": "115000000",
            "operatingCashflow": "102000000",
            "grossProfit": "1781000000",
            "totalRevenue": "7542000000",
            "sentiment": 0,
            "surprise": "0.01",
            "closePrice": "1.3980797739589"
        },
        {
            "fiscalDateEnding": "2012-03-31",
            "totalCurrentAssets": "22622000000",
            "cashAndShortTermInvestments": "8738000000",
            "totalCurrentLiabilities": "16122000000",
            "currentDebt": "None",
            "netIncome": "-929000000",
            "capitalExpenditures": "132000000",
            "operatingCashflow": "-590000000",
            "grossProfit": "2034000000",
            "totalRevenue": "7354000000",
            "sentiment": 0,
            "surprise": "-0.03",
            "closePrice": "2.67253481268488"
        },
        {
            "fiscalDateEnding": "2011-12-31",
            "totalCurrentAssets": "25455000000",
            "cashAndShortTermInvestments": "1957000000",
            "totalCurrentLiabilities": "17444000000",
            "currentDebt": "None",
            "netIncome": "-1072000000",
            "capitalExpenditures": "154000000",
            "operatingCashflow": "634000000",
            "grossProfit": "2904000000",
            "totalRevenue": "10005000000",
            "sentiment": 0,
            "surprise": "0.02",
            "closePrice": "3.77792879280061"
        },
        {
            "fiscalDateEnding": "2011-09-30",
            "totalCurrentAssets": "24735000000",
            "cashAndShortTermInvestments": "8426000000",
            "totalCurrentLiabilities": "16818000000",
            "currentDebt": "None",
            "netIncome": "-68000000",
            "capitalExpenditures": "173000000",
            "operatingCashflow": "852000000",
            "grossProfit": "2509000000",
            "totalRevenue": "8980000000",
            "sentiment": 0,
            "surprise": "0.06",
            "closePrice": "4.54750688022296"
        },
        {
            "fiscalDateEnding": "2011-06-30",
            "totalCurrentAssets": "23485000000",
            "cashAndShortTermInvestments": "7411000000",
            "totalCurrentLiabilities": "16214000000",
            "currentDebt": "None",
            "netIncome": "-368000000",
            "capitalExpenditures": "157000000",
            "operatingCashflow": "-176000000",
            "grossProfit": "2832000000",
            "totalRevenue": "9275000000",
            "sentiment": 0,
            "surprise": "0.06",
            "closePrice": "4.28864879627181"
        },
        {
            "fiscalDateEnding": "2011-03-31",
            "totalCurrentAssets": "24869000000",
            "cashAndShortTermInvestments": "7565000000",
            "totalCurrentLiabilities": "15117000000",
            "currentDebt": "None",
            "netIncome": "344000000",
            "capitalExpenditures": "113000000",
            "operatingCashflow": "-173000000",
            "grossProfit": "3074000000",
            "totalRevenue": "10399000000",
            "sentiment": 0,
            "surprise": "0.05",
            "closePrice": "5.66151205236143"
        },
        {
            "fiscalDateEnding": "2010-12-31",
            "totalCurrentAssets": "27145000000",
            "cashAndShortTermInvestments": "7592000000",
            "totalCurrentLiabilities": "17540000000",
            "currentDebt": "None",
            "netIncome": "745000000",
            "capitalExpenditures": "212000000",
            "operatingCashflow": "2436000000",
            "grossProfit": "3727000000",
            "totalRevenue": "12651000000",
            "sentiment": 0,
            "surprise": "0.05",
            "closePrice": "6.9276439481966"
        },
        {
            "fiscalDateEnding": "2010-09-30",
            "totalCurrentAssets": "25147000000",
            "cashAndShortTermInvestments": "5457000000",
            "totalCurrentLiabilities": "16652000000",
            "currentDebt": "None",
            "netIncome": "529000000",
            "capitalExpenditures": "181000000",
            "operatingCashflow": "439000000",
            "grossProfit": "2941000000",
            "totalRevenue": "10270000000",
            "sentiment": 0,
            "surprise": "0.01",
            "closePrice": "7.39998330830091"
        },
        {
            "fiscalDateEnding": "2010-06-30",
            "totalCurrentAssets": "24663000000",
            "cashAndShortTermInvestments": "5632000000",
            "totalCurrentLiabilities": "16808000000",
            "currentDebt": "None",
            "netIncome": "576000000",
            "capitalExpenditures": "172000000",
            "operatingCashflow": "944000000",
            "grossProfit": "6149000000",
            "totalRevenue": "19525000000",
            "sentiment": 0,
            "surprise": "-0.01",
            "closePrice": "6.01576657243966"
        },
        {
            "fiscalDateEnding": "2010-03-31",
            "totalCurrentAssets": "24068000000",
            "cashAndShortTermInvestments": "1552000000",
            "totalCurrentLiabilities": "15186000000",
            "currentDebt": "None",
            "netIncome": "349000000",
            "capitalExpenditures": "114000000",
            "operatingCashflow": "955000000",
            "grossProfit": "3078000000",
            "totalRevenue": "9522000000",
            "sentiment": 0,
            "surprise": "-0.01",
            "closePrice": "8.15209808618516"
        },
        {
            "fiscalDateEnding": "2009-12-31",
            "totalCurrentAssets": "23613000000",
            "cashAndShortTermInvestments": "5926000000",
            "totalCurrentLiabilities": "15188000000",
            "currentDebt": "None",
            "netIncome": "948000000",
            "capitalExpenditures": "148000000",
            "operatingCashflow": "1535000000",
            "grossProfit": "4073000000",
            "totalRevenue": "11988000000",
            "sentiment": 0,
            "surprise": "0.1",
            "closePrice": "8.77338962624084"
        },
        {
            "fiscalDateEnding": "2009-09-30",
            "totalCurrentAssets": "22879000000",
            "cashAndShortTermInvestments": "1454000000",
            "totalCurrentLiabilities": "15621000000",
            "currentDebt": "None",
            "netIncome": "-559000000",
            "capitalExpenditures": "104000000",
            "operatingCashflow": "720000000",
            "grossProfit": "3061000000",
            "totalRevenue": "9810000000",
            "sentiment": 0,
            "surprise": "0.07",
            "closePrice": "8.5851194625876"
        },
        {
            "fiscalDateEnding": "2009-06-30",
            "totalCurrentAssets": "22669000000",
            "cashAndShortTermInvestments": "1666000000",
            "totalCurrentLiabilities": "16751000000",
            "currentDebt": "None",
            "netIncome": "380000000",
            "capitalExpenditures": "144000000",
            "operatingCashflow": "716000000",
            "grossProfit": "3227000000",
            "totalRevenue": "9912000000",
            "sentiment": 0,
            "surprise": "0.03",
            "closePrice": "8.44705467590856"
        },
        {
            "fiscalDateEnding": "2009-03-31",
            "totalCurrentAssets": "24512000000",
            "cashAndShortTermInvestments": "1614000000",
            "totalCurrentLiabilities": "18621000000",
            "currentDebt": "None",
            "netIncome": "122000000",
            "capitalExpenditures": "162000000",
            "operatingCashflow": "276000000",
            "grossProfit": "2903000000",
            "totalRevenue": "9274000000",
            "sentiment": 0,
            "surprise": "-0.01",
            "closePrice": "8.98777498781974"
        },
        {
            "fiscalDateEnding": "2008-12-31",
            "totalCurrentAssets": "24527719300",
            "cashAndShortTermInvestments": "5561388280",
            "totalCurrentLiabilities": "20403011020",
            "currentDebt": "None",
            "netIncome": "589519750",
            "capitalExpenditures": "281010670",
            "operatingCashflow": "-287221470",
            "grossProfit": "4120159740",
            "totalRevenue": "12825642330",
            "sentiment": 0,
            "surprise": "-0.03",
            "closePrice": "7.42941077622196"
        },
        {
            "fiscalDateEnding": "2008-09-30",
            "totalCurrentAssets": "25386901110",
            "cashAndShortTermInvestments": "5759272400",
            "totalCurrentLiabilities": "22176035820",
            "currentDebt": "None",
            "netIncome": "1081024450",
            "capitalExpenditures": "292559450",
            "operatingCashflow": "1277828410",
            "grossProfit": "4353499260",
            "totalRevenue": "12222849910",
            "sentiment": 0,
            "surprise": "0.01",
            "closePrice": "10.0085639481299"
        },
        {
            "fiscalDateEnding": "2008-06-30",
            "totalCurrentAssets": "25420541800",
            "cashAndShortTermInvestments": "5214502700",
            "totalCurrentLiabilities": "18044238200",
            "currentDebt": "None",
            "netIncome": "1105594390",
            "capitalExpenditures": "246006900",
            "operatingCashflow": "1457245750",
            "grossProfit": "4427815600",
            "totalRevenue": "13162711300",
            "sentiment": 0,
            "surprise": "0",
            "closePrice": "16.4957079917579"
        },
        {
            "fiscalDateEnding": "2008-03-31",
            "totalCurrentAssets": "27318982550",
            "cashAndShortTermInvestments": "7161378900",
            "totalCurrentLiabilities": "17384231450",
            "currentDebt": "None",
            "netIncome": "1221423510",
            "capitalExpenditures": "202620800",
            "operatingCashflow": "756662050",
            "grossProfit": "4524775740",
            "totalRevenue": "12653668960",
            "sentiment": 0,
            "surprise": "0.01",
            "closePrice": "16.9918322938301"
        },
        {
            "fiscalDateEnding": "2007-12-31",
            "totalCurrentAssets": "29340146860",
            "cashAndShortTermInvestments": "2128254610",
            "totalCurrentLiabilities": "19006143570",
            "currentDebt": "None",
            "netIncome": "1844636220",
            "capitalExpenditures": "280961860",
            "operatingCashflow": "2726184950",
            "grossProfit": "5723694750",
            "totalRevenue": "15787423780",
            "sentiment": 0,
            "surprise": "0.07",
            "closePrice": "21.4114695018626"
        },
        {
            "fiscalDateEnding": "2007-09-30",
            "totalCurrentAssets": "25336339350",
            "cashAndShortTermInvestments": "1762436550",
            "totalCurrentLiabilities": "16680428310",
            "currentDebt": "None",
            "netIncome": "1564520240",
            "capitalExpenditures": "165141590",
            "operatingCashflow": "1990728980",
            "grossProfit": "4427464860",
            "totalRevenue": "12901876470",
            "sentiment": 0,
            "surprise": "0.1",
            "closePrice": "22.0923166680403"
        },
        {
            "fiscalDateEnding": "2007-06-30",
            "totalCurrentAssets": "23001603950",
            "cashAndShortTermInvestments": "2345594750",
            "totalCurrentLiabilities": "15350163060",
            "currentDebt": "None",
            "netIncome": "2828513890",
            "capitalExpenditures": "266068660",
            "operatingCashflow": "1536606250",
            "grossProfit": "3916219770",
            "totalRevenue": "12586424490",
            "sentiment": 0,
            "surprise": "0.06",
            "closePrice": "18.1363598576632"
        },
        {
            "fiscalDateEnding": "2007-03-31",
            "totalCurrentAssets": "18831523920",
            "cashAndShortTermInvestments": "1324951200",
            "totalCurrentLiabilities": "10110051360",
            "currentDebt": "None",
            "netIncome": "978367920",
            "capitalExpenditures": "160940400",
            "operatingCashflow": "1640843520",
            "grossProfit": "3260727360",
            "totalRevenue": "9852546720",
            "sentiment": 0,
            "surprise": "0.02",
            "closePrice": "14.1463121891418"
        },
        {
            "fiscalDateEnding": "2006-12-31",
            "totalCurrentAssets": "18586135700",
            "cashAndShortTermInvestments": "1479010880",
            "totalCurrentLiabilities": "10160622900",
            "currentDebt": "None",
            "netIncome": "1276246070",
            "capitalExpenditures": "232939850",
            "operatingCashflow": "1661778860",
            "grossProfit": "3802454450",
            "totalRevenue": "11730473950",
            "sentiment": 0,
            "surprise": "0.05",
            "closePrice": "12.114752548186"
        },
        {
            "fiscalDateEnding": "2006-09-30",
            "totalCurrentAssets": "17927665920",
            "cashAndShortTermInvestments": "1114175440",
            "totalCurrentLiabilities": "10042550200",
            "currentDebt": "None",
            "netIncome": "839991400",
            "capitalExpenditures": "172740000",
            "operatingCashflow": "952015840",
            "grossProfit": "3118745680",
            "totalRevenue": "10089827800",
            "sentiment": 0,
            "surprise": "-0.01",
            "closePrice": "11.1047115967503"
        },
        {
            "fiscalDateEnding": "2006-06-30",
            "totalCurrentAssets": "16876769000",
            "cashAndShortTermInvestments": "1670851000",
            "totalCurrentLiabilities": "9158767800",
            "currentDebt": "None",
            "netIncome": "1141952100",
            "capitalExpenditures": "221625590",
            "operatingCashflow": "897241480",
            "grossProfit": "3242311800",
            "totalRevenue": "9820064800",
            "sentiment": 0,
            "surprise": "-0.01",
            "closePrice": "11.3572218346092"
        },
        {
            "fiscalDateEnding": "2006-03-31",
            "totalCurrentAssets": "18377097750",
            "cashAndShortTermInvestments": "1645069940",
            "totalCurrentLiabilities": "11158260250",
            "currentDebt": "None",
            "netIncome": "1047762700",
            "capitalExpenditures": "149326810",
            "operatingCashflow": "966911720",
            "grossProfit": "3222489060",
            "totalRevenue": "9502465180",
            "sentiment": 0,
            "surprise": "0.05",
            "closePrice": "13.0903602853681"
        },
        {
            "fiscalDateEnding": "2005-12-31",
            "totalCurrentAssets": "18937028990",
            "cashAndShortTermInvestments": "1563662120",
            "totalCurrentLiabilities": "9662283640",
            "currentDebt": "None",
            "netIncome": "1073530160",
            "capitalExpenditures": "182307680",
            "operatingCashflow": "1062599670",
            "grossProfit": "3523282570",
            "totalRevenue": "10332293280",
            "sentiment": 0,
            "surprise": "0.01",
            "closePrice": "10.2199386192172"
        },
        {
            "fiscalDateEnding": "2005-09-30",
            "totalCurrentAssets": "19031757430",
            "cashAndShortTermInvestments": "1543519830",
            "totalCurrentLiabilities": "8983501520",
            "currentDebt": "None",
            "netIncome": "881649200",
            "capitalExpenditures": "156305580",
            "operatingCashflow": "1223683720",
            "grossProfit": "2830201950",
            "totalRevenue": "8394187810",
            "sentiment": 0,
            "surprise": "0.02",
            "closePrice": "8.92840791459087"
        },
        {
            "fiscalDateEnding": "2005-06-30",
            "totalCurrentAssets": "19074853350",
            "cashAndShortTermInvestments": "1356177060",
            "totalCurrentLiabilities": "8714387430",
            "currentDebt": "None",
            "netIncome": "796008700",
            "capitalExpenditures": "155743970",
            "operatingCashflow": "506524640",
            "grossProfit": "2881669770",
            "totalRevenue": "8042906340",
            "sentiment": 0,
            "surprise": "-0.02",
            "closePrice": "8.86102370391472"
        },
        {
            "fiscalDateEnding": "2005-03-31",
            "totalCurrentAssets": "19447750300",
            "cashAndShortTermInvestments": "1168716450",
            "totalCurrentLiabilities": "9271817170",
            "currentDebt": "None",
            "netIncome": "862458740",
            "capitalExpenditures": "111857350",
            "operatingCashflow": "1347688210",
            "grossProfit": "2737805070",
            "totalRevenue": "7393385120",
            "sentiment": 0,
            "surprise": "0.06",
            "closePrice": "9.2260215117439"
        },
        {
            "fiscalDateEnding": "2004-12-31",
            "totalCurrentAssets": "19493931680",
            "cashAndShortTermInvestments": "1089553360",
            "totalCurrentLiabilities": "7963255600",
            "currentDebt": "None",
            "netIncome": "1017112320",
            "capitalExpenditures": "227294920",
            "operatingCashflow": "768408060",
            "grossProfit": "3365352760",
            "totalRevenue": "9044322000",
            "sentiment": 0,
            "surprise": "0.06",
            "closePrice": "8.31316530390062"
        },
        {
            "fiscalDateEnding": "2004-09-30",
            "totalCurrentAssets": "19180497180",
            "cashAndShortTermInvestments": "1204661640",
            "totalCurrentLiabilities": "8101309320",
            "currentDebt": "None",
            "netIncome": "660827520",
            "capitalExpenditures": "150356760",
            "operatingCashflow": "1184809140",
            "grossProfit": "2528341920",
            "totalRevenue": "6937660860",
            "sentiment": 0,
            "surprise": "0.03",
            "closePrice": "7.75604121651701"
        },
        {
            "fiscalDateEnding": "2004-06-30",
            "totalCurrentAssets": "19060460160",
            "cashAndShortTermInvestments": "1635580800",
            "totalCurrentLiabilities": "8130353280",
            "currentDebt": "None",
            "netIncome": "711635440",
            "capitalExpenditures": "90164200",
            "operatingCashflow": "1375225880",
            "grossProfit": "2547242880",
            "totalRevenue": "6633325440",
            "sentiment": 0,
            "surprise": "-0.03",
            "closePrice": "6.80019106659414"
        },
        {
            "fiscalDateEnding": "2004-03-31",
            "totalCurrentAssets": "19680320020",
            "cashAndShortTermInvestments": "1233723200",
            "totalCurrentLiabilities": "9384412920",
            "currentDebt": "None",
            "netIncome": "814906640",
            "capitalExpenditures": "79542680",
            "operatingCashflow": "1011328360",
            "grossProfit": "2678478000",
            "totalRevenue": "6616652320",
            "sentiment": 0,
            "surprise": "0",
            "closePrice": "7.97998325164179"
        },
        {
            "fiscalDateEnding": "2003-12-31",
            "totalCurrentAssets": "20047669440",
            "cashAndShortTermInvestments": "1142609170",
            "totalCurrentLiabilities": "8265852300",
            "currentDebt": "None",
            "netIncome": "1164128930",
            "capitalExpenditures": "116327340",
            "operatingCashflow": "1279493440",
            "grossProfit": "3830483780",
            "totalRevenue": "8753559730",
            "sentiment": 0,
            "surprise": "0.04",
            "closePrice": "11.3389855090001"
        }
    ]
}