{
    "NOW": [
        {
            "fiscalDateEnding": "2023-12-31",
            "totalCurrentAssets": "7777000000",
            "cashAndShortTermInvestments": "4877000000",
            "totalCurrentLiabilities": "7365000000",
            "currentDebt": "None",
            "netIncome": "295000000",
            "capitalExpenditures": "261000000",
            "operatingCashflow": "1605000000",
            "grossProfit": "1921000000",
            "totalRevenue": "2437000000",
            "sentiment": 0.21062615024413933,
            "surprise": "0.3",
            "closePrice": "767.56"
        },
        {
            "fiscalDateEnding": "2023-09-30",
            "totalCurrentAssets": "6046000000",
            "cashAndShortTermInvestments": "4067000000",
            "totalCurrentLiabilities": "5601000000",
            "currentDebt": "None",
            "netIncome": "242000000",
            "capitalExpenditures": "136000000",
            "operatingCashflow": "311000000",
            "grossProfit": "1792000000",
            "totalRevenue": "2288000000",
            "sentiment": 0.20615749240438438,
            "surprise": "0.36",
            "closePrice": "554.39"
        },
        {
            "fiscalDateEnding": "2023-06-30",
            "totalCurrentAssets": "6603000000",
            "cashAndShortTermInvestments": "4747000000",
            "totalCurrentLiabilities": "5767000000",
            "currentDebt": "None",
            "netIncome": "1044000000",
            "capitalExpenditures": "132000000",
            "operatingCashflow": "580000000",
            "grossProfit": "1679000000",
            "totalRevenue": "2150000000",
            "sentiment": 0.2697945983002444,
            "surprise": "0.31",
            "closePrice": "577.27"
        },
        {
            "fiscalDateEnding": "2023-03-31",
            "totalCurrentAssets": "6734000000",
            "cashAndShortTermInvestments": "4914000000",
            "totalCurrentLiabilities": "5761000000",
            "currentDebt": "None",
            "netIncome": "150000000",
            "capitalExpenditures": "165000000",
            "operatingCashflow": "902000000",
            "grossProfit": "1658000000",
            "totalRevenue": "2096000000",
            "sentiment": 0.23351665220633358,
            "surprise": "0.33",
            "closePrice": "454.03"
        },
        {
            "fiscalDateEnding": "2022-12-31",
            "totalCurrentAssets": "6654000000",
            "cashAndShortTermInvestments": "4280000000",
            "totalCurrentLiabilities": "6005000000",
            "currentDebt": "None",
            "netIncome": "150000000",
            "capitalExpenditures": "144000000",
            "operatingCashflow": "1162000000",
            "grossProfit": "1525000000",
            "totalRevenue": "1940000000",
            "sentiment": 0.2898777553969814,
            "surprise": "0.26",
            "closePrice": "448.77"
        },
        {
            "fiscalDateEnding": "2022-09-30",
            "totalCurrentAssets": "5476000000",
            "cashAndShortTermInvestments": "3956000000",
            "totalCurrentLiabilities": "4432000000",
            "currentDebt": "None",
            "netIncome": "80000000",
            "capitalExpenditures": "162000000",
            "operatingCashflow": "265000000",
            "grossProfit": "1431000000",
            "totalRevenue": "1831000000",
            "sentiment": 0.18051437945644255,
            "surprise": "0.12",
            "closePrice": "366.41"
        },
        {
            "fiscalDateEnding": "2022-06-30",
            "totalCurrentAssets": "5332000000",
            "cashAndShortTermInvestments": "3834000000",
            "totalCurrentLiabilities": "4743000000",
            "currentDebt": "None",
            "netIncome": "20000000",
            "capitalExpenditures": "151000000",
            "operatingCashflow": "433000000",
            "grossProfit": "1363000000",
            "totalRevenue": "1752000000",
            "sentiment": 0.06775651876970097,
            "surprise": "0.08",
            "closePrice": "448.6"
        },
        {
            "fiscalDateEnding": "2022-03-31",
            "totalCurrentAssets": "5442000000",
            "cashAndShortTermInvestments": "4014000000",
            "totalCurrentLiabilities": "4852000000",
            "currentDebt": "88000000",
            "netIncome": "75000000",
            "capitalExpenditures": "93000000",
            "operatingCashflow": "863000000",
            "grossProfit": "1353000000",
            "totalRevenue": "1722000000",
            "sentiment": 0.01821475648129906,
            "surprise": "0.03",
            "closePrice": "466.29"
        },
        {
            "fiscalDateEnding": "2021-12-31",
            "totalCurrentAssets": "5220000000",
            "cashAndShortTermInvestments": "3304000000",
            "totalCurrentLiabilities": "4949000000",
            "currentDebt": "92000000",
            "netIncome": "26000000",
            "capitalExpenditures": "107000000",
            "operatingCashflow": "844000000",
            "grossProfit": "1240000000",
            "totalRevenue": "1614000000",
            "sentiment": 0,
            "surprise": "0.03",
            "closePrice": "484.42"
        },
        {
            "fiscalDateEnding": "2021-09-30",
            "totalCurrentAssets": "4288000000",
            "cashAndShortTermInvestments": "3031000000",
            "totalCurrentLiabilities": "3792000000",
            "currentDebt": "93000000",
            "netIncome": "63000000",
            "capitalExpenditures": "94000000",
            "operatingCashflow": "320000000",
            "grossProfit": "1162000000",
            "totalRevenue": "1512000000",
            "sentiment": 0,
            "surprise": "0.17",
            "closePrice": "664.76"
        },
        {
            "fiscalDateEnding": "2021-06-30",
            "totalCurrentAssets": "4225000000",
            "cashAndShortTermInvestments": "2984000000",
            "totalCurrentLiabilities": "3908000000",
            "currentDebt": "99000000",
            "netIncome": "59000000",
            "capitalExpenditures": "91000000",
            "operatingCashflow": "300000000",
            "grossProfit": "1080000000",
            "totalRevenue": "1409000000",
            "sentiment": 0,
            "surprise": "0.2",
            "closePrice": "583.35"
        },
        {
            "fiscalDateEnding": "2021-03-31",
            "totalCurrentAssets": "4524000000",
            "cashAndShortTermInvestments": "3456000000",
            "totalCurrentLiabilities": "3664000000",
            "currentDebt": "None",
            "netIncome": "82000000",
            "capitalExpenditures": "107000000",
            "operatingCashflow": "727000000",
            "grossProfit": "1061000000",
            "totalRevenue": "1360000000",
            "sentiment": 0,
            "surprise": "0.18",
            "closePrice": "557.24"
        },
        {
            "fiscalDateEnding": "2020-12-31",
            "totalCurrentAssets": "4522000000",
            "cashAndShortTermInvestments": "3092036000",
            "totalCurrentLiabilities": "3737000000",
            "currentDebt": "None",
            "netIncome": "17145000",
            "capitalExpenditures": "140690000",
            "operatingCashflow": "685000000",
            "grossProfit": "971000000",
            "totalRevenue": "1250000000",
            "sentiment": 0,
            "surprise": "0.12",
            "closePrice": "516.5"
        },
        {
            "fiscalDateEnding": "2020-09-30",
            "totalCurrentAssets": "3966881000",
            "cashAndShortTermInvestments": "2951611000",
            "totalCurrentLiabilities": "2835947000",
            "currentDebt": "None",
            "netIncome": "12858000",
            "capitalExpenditures": "91656000",
            "operatingCashflow": "241000000",
            "grossProfit": "900000000",
            "totalRevenue": "1152000000",
            "sentiment": 0,
            "surprise": "0.18",
            "closePrice": "484.05"
        },
        {
            "fiscalDateEnding": "2020-06-30",
            "totalCurrentAssets": "3337122000",
            "cashAndShortTermInvestments": "2342671000",
            "totalCurrentLiabilities": "2848871000",
            "currentDebt": "None",
            "netIncome": "41000000",
            "capitalExpenditures": "116964000",
            "operatingCashflow": "368000000",
            "grossProfit": "838000000",
            "totalRevenue": "1071000000",
            "sentiment": 0,
            "surprise": "0.22",
            "closePrice": "445.71"
        },
        {
            "fiscalDateEnding": "2020-03-31",
            "totalCurrentAssets": "2805861000",
            "cashAndShortTermInvestments": "1858705000",
            "totalCurrentLiabilities": "2721061000",
            "currentDebt": "None",
            "netIncome": "48000000",
            "capitalExpenditures": "83207000",
            "operatingCashflow": "492000000",
            "grossProfit": "823000000",
            "totalRevenue": "1046000000",
            "sentiment": 0,
            "surprise": "0.1",
            "closePrice": "321.99"
        },
        {
            "fiscalDateEnding": "2019-12-31",
            "totalCurrentAssets": "2826901000",
            "cashAndShortTermInvestments": "1691095000",
            "totalCurrentLiabilities": "2752785000",
            "currentDebt": "52668000",
            "netIncome": "599026000",
            "capitalExpenditures": "114332000",
            "operatingCashflow": "421239000",
            "grossProfit": "740529000",
            "totalRevenue": "951337000",
            "sentiment": 0,
            "surprise": "0.09",
            "closePrice": "312.93"
        },
        {
            "fiscalDateEnding": "2019-09-30",
            "totalCurrentAssets": "2297213000",
            "cashAndShortTermInvestments": "1471073000",
            "totalCurrentLiabilities": "2192561000",
            "currentDebt": "None",
            "netIncome": "40598000",
            "capitalExpenditures": "90069000",
            "operatingCashflow": "210178000",
            "grossProfit": "685040000",
            "totalRevenue": "885833000",
            "sentiment": 0,
            "surprise": "0.11",
            "closePrice": "220.01"
        },
        {
            "fiscalDateEnding": "2019-06-30",
            "totalCurrentAssets": "2442287000",
            "cashAndShortTermInvestments": "1653384000",
            "totalCurrentLiabilities": "2224979000",
            "currentDebt": "None",
            "netIncome": "-11079000",
            "capitalExpenditures": "86056000",
            "operatingCashflow": "243735000",
            "grossProfit": "635757000",
            "totalRevenue": "833904000",
            "sentiment": 0,
            "surprise": "0.08",
            "closePrice": "297.21"
        },
        {
            "fiscalDateEnding": "2019-03-31",
            "totalCurrentAssets": "2374486000",
            "cashAndShortTermInvestments": "1662113000",
            "totalCurrentLiabilities": "2097841000",
            "currentDebt": "None",
            "netIncome": "-1545000",
            "capitalExpenditures": "47124000",
            "operatingCashflow": "360848000",
            "grossProfit": "602674000",
            "totalRevenue": "788926000",
            "sentiment": 0,
            "surprise": "0.13",
            "closePrice": "242.7"
        },
        {
            "fiscalDateEnding": "2018-12-31",
            "totalCurrentAssets": "2344693000",
            "cashAndShortTermInvestments": "1497922000",
            "totalCurrentLiabilities": "2012573000",
            "currentDebt": "None",
            "netIncome": "7015000",
            "capitalExpenditures": "98913000",
            "operatingCashflow": "289612000",
            "grossProfit": "547279000",
            "totalRevenue": "715441000",
            "sentiment": 0,
            "surprise": "0.14",
            "closePrice": "194.0"
        },
        {
            "fiscalDateEnding": "2018-09-30",
            "totalCurrentAssets": "2292185000",
            "cashAndShortTermInvestments": "1626040000",
            "totalCurrentLiabilities": "1818957000",
            "currentDebt": "160972000",
            "netIncome": "8405000",
            "capitalExpenditures": "50737000",
            "operatingCashflow": "145501000",
            "grossProfit": "515239000",
            "totalRevenue": "673097000",
            "sentiment": 0,
            "surprise": "0.09",
            "closePrice": "170.21"
        },
        {
            "fiscalDateEnding": "2018-06-30",
            "totalCurrentAssets": "2351629000",
            "cashAndShortTermInvestments": "1749658000",
            "totalCurrentLiabilities": "1837041000",
            "currentDebt": "211463000",
            "netIncome": "-52746000",
            "capitalExpenditures": "55991000",
            "operatingCashflow": "125896000",
            "grossProfit": "477891000",
            "totalRevenue": "631056000",
            "sentiment": 0,
            "surprise": "0.06",
            "closePrice": "183.86"
        },
        {
            "fiscalDateEnding": "2018-03-31",
            "totalCurrentAssets": "2489926000",
            "cashAndShortTermInvestments": "1885959000",
            "totalCurrentLiabilities": "2098016000",
            "currentDebt": "516925000",
            "netIncome": "10622000",
            "capitalExpenditures": "43221000",
            "operatingCashflow": "250080000",
            "grossProfit": "445749000",
            "totalRevenue": "589222000",
            "sentiment": 0,
            "surprise": "0.19",
            "closePrice": "158.0"
        },
        {
            "fiscalDateEnding": "2017-12-31",
            "totalCurrentAssets": "2421951000",
            "cashAndShortTermInvestments": "1779298000",
            "totalCurrentLiabilities": "2039479000",
            "currentDebt": "543418000",
            "netIncome": "-17346000",
            "capitalExpenditures": "35154000",
            "operatingCashflow": "184783000",
            "grossProfit": "414929000",
            "totalRevenue": "546370000",
            "sentiment": 0,
            "surprise": "0",
            "closePrice": "148.87"
        },
        {
            "fiscalDateEnding": "2017-09-30",
            "totalCurrentAssets": "2127492000",
            "cashAndShortTermInvestments": "1671897000",
            "totalCurrentLiabilities": "1280651000",
            "currentDebt": "None",
            "netIncome": "-22182000",
            "capitalExpenditures": "46753000",
            "operatingCashflow": "141824000",
            "grossProfit": "364886000",
            "totalRevenue": "498170000",
            "sentiment": 0,
            "surprise": "0.06",
            "closePrice": "124.62"
        },
        {
            "fiscalDateEnding": "2017-06-30",
            "totalCurrentAssets": "2111027000",
            "cashAndShortTermInvestments": "1692176000",
            "totalCurrentLiabilities": "1217290000",
            "currentDebt": "None",
            "netIncome": "-55804000",
            "capitalExpenditures": "42087000",
            "operatingCashflow": "128725000",
            "grossProfit": "326130000",
            "totalRevenue": "448258000",
            "sentiment": 0,
            "surprise": "0.02",
            "closePrice": "109.72"
        },
        {
            "fiscalDateEnding": "2017-03-31",
            "totalCurrentAssets": "1396255000",
            "cashAndShortTermInvestments": "975314000",
            "totalCurrentLiabilities": "1139805000",
            "currentDebt": "None",
            "netIncome": "-21514000",
            "capitalExpenditures": "33186000",
            "operatingCashflow": "187608000",
            "grossProfit": "312687000",
            "totalRevenue": "428771000",
            "sentiment": 0,
            "surprise": "0.07",
            "closePrice": "90.92"
        },
        {
            "fiscalDateEnding": "2016-12-31",
            "totalCurrentAssets": "1342535000",
            "cashAndShortTermInvestments": "899362000",
            "totalCurrentLiabilities": "1071498000",
            "currentDebt": "None",
            "netIncome": "4966000",
            "capitalExpenditures": "25350000",
            "operatingCashflow": "131847000",
            "grossProfit": "280889000",
            "totalRevenue": "385666000",
            "sentiment": 0,
            "surprise": "0.01",
            "closePrice": "86.36"
        },
        {
            "fiscalDateEnding": "2016-09-30",
            "totalCurrentAssets": "1126907000",
            "cashAndShortTermInvestments": "806880000",
            "totalCurrentLiabilities": "898339000",
            "currentDebt": "None",
            "netIncome": "-36258000",
            "capitalExpenditures": "31183000",
            "operatingCashflow": "96718000",
            "grossProfit": "254819000",
            "totalRevenue": "357656000",
            "sentiment": 0,
            "surprise": "0.02",
            "closePrice": "78.9"
        },
        {
            "fiscalDateEnding": "2016-06-30",
            "totalCurrentAssets": "1097889000",
            "cashAndShortTermInvestments": "806714000",
            "totalCurrentLiabilities": "852081000",
            "currentDebt": "None",
            "netIncome": "-49625000",
            "capitalExpenditures": "32952000",
            "operatingCashflow": "-148171000",
            "grossProfit": "244663000",
            "totalRevenue": "341312000",
            "sentiment": 0,
            "surprise": "0.06",
            "closePrice": "72.98"
        },
        {
            "fiscalDateEnding": "2016-03-31",
            "totalCurrentAssets": "1193258000",
            "cashAndShortTermInvestments": "900873000",
            "totalCurrentLiabilities": "1048283000",
            "currentDebt": "None",
            "netIncome": "-333332000",
            "capitalExpenditures": "34827000",
            "operatingCashflow": "78687000",
            "grossProfit": "211619000",
            "totalRevenue": "305879000",
            "sentiment": 0,
            "surprise": "0.02",
            "closePrice": "65.11"
        },
        {
            "fiscalDateEnding": "2015-12-31",
            "totalCurrentAssets": "1085635000",
            "cashAndShortTermInvestments": "801250000",
            "totalCurrentLiabilities": "731636000",
            "currentDebt": "None",
            "netIncome": "-37378000",
            "capitalExpenditures": "26643000",
            "operatingCashflow": "106554000",
            "grossProfit": "194741000",
            "totalRevenue": "285650000",
            "sentiment": 0,
            "surprise": "0.11",
            "closePrice": "75.37"
        },
        {
            "fiscalDateEnding": "2015-09-30",
            "totalCurrentAssets": "981607000",
            "cashAndShortTermInvestments": "728951000",
            "totalCurrentLiabilities": "634821000",
            "currentDebt": "None",
            "netIncome": "-41030000",
            "capitalExpenditures": "20768000",
            "operatingCashflow": "63649000",
            "grossProfit": "179262000",
            "totalRevenue": "261150000",
            "sentiment": 0,
            "surprise": "0.07",
            "closePrice": "73.02"
        },
        {
            "fiscalDateEnding": "2015-06-30",
            "totalCurrentAssets": "954074000",
            "cashAndShortTermInvestments": "722524000",
            "totalCurrentLiabilities": "591633000",
            "currentDebt": "None",
            "netIncome": "-61925000",
            "capitalExpenditures": "15121000",
            "operatingCashflow": "80185000",
            "grossProfit": "166999000",
            "totalRevenue": "246716000",
            "sentiment": 0,
            "surprise": "0.06",
            "closePrice": "77.98"
        },
        {
            "fiscalDateEnding": "2015-03-31",
            "totalCurrentAssets": "983934000",
            "cashAndShortTermInvestments": "745010000",
            "totalCurrentLiabilities": "540926000",
            "currentDebt": "None",
            "netIncome": "-58093000",
            "capitalExpenditures": "26699000",
            "operatingCashflow": "67366000",
            "grossProfit": "135065000",
            "totalRevenue": "211964000",
            "sentiment": 0,
            "surprise": "None",
            "closePrice": "82.84"
        },
        {
            "fiscalDateEnding": "2014-12-31",
            "totalCurrentAssets": "906986000",
            "cashAndShortTermInvestments": "668791000",
            "totalCurrentLiabilities": "506997000",
            "currentDebt": "None",
            "netIncome": "-44663000",
            "capitalExpenditures": "8880000",
            "operatingCashflow": "49661000",
            "grossProfit": "127366000",
            "totalRevenue": "198004000",
            "sentiment": 0,
            "surprise": "0.01",
            "closePrice": "68.91"
        },
        {
            "fiscalDateEnding": "2014-09-30",
            "totalCurrentAssets": "821399000",
            "cashAndShortTermInvestments": "646072000",
            "totalCurrentLiabilities": "419277000",
            "currentDebt": "None",
            "netIncome": "-41050000",
            "capitalExpenditures": "18094000",
            "operatingCashflow": "25000000",
            "grossProfit": "112626000",
            "totalRevenue": "178712000",
            "sentiment": 0,
            "surprise": "0.02",
            "closePrice": "58.07"
        },
        {
            "fiscalDateEnding": "2014-06-30",
            "totalCurrentAssets": "844659000",
            "cashAndShortTermInvestments": "677480000",
            "totalCurrentLiabilities": "403047000",
            "currentDebt": "None",
            "netIncome": "-50363000",
            "capitalExpenditures": "16437000",
            "operatingCashflow": "42059000",
            "grossProfit": "107819000",
            "totalRevenue": "166757000",
            "sentiment": 0,
            "surprise": "0",
            "closePrice": "62.64"
        },
        {
            "fiscalDateEnding": "2014-03-31",
            "totalCurrentAssets": "828625000",
            "cashAndShortTermInvestments": "655762000",
            "totalCurrentLiabilities": "365506000",
            "currentDebt": "None",
            "netIncome": "-43311000",
            "capitalExpenditures": "10968000",
            "operatingCashflow": "24217000",
            "grossProfit": "85976000",
            "totalRevenue": "139090000",
            "sentiment": 0,
            "surprise": "0",
            "closePrice": "53.07"
        },
        {
            "fiscalDateEnding": "2013-12-31",
            "totalCurrentAssets": "797749000",
            "cashAndShortTermInvestments": "634554000",
            "totalCurrentLiabilities": "328088000",
            "currentDebt": "None",
            "netIncome": "-24232000",
            "capitalExpenditures": "16262000",
            "operatingCashflow": "36267000",
            "grossProfit": "79852000",
            "totalRevenue": "125230000",
            "sentiment": 0,
            "surprise": "-0.01",
            "closePrice": "57.6"
        },
        {
            "fiscalDateEnding": "2013-09-30",
            "totalCurrentAssets": "342419000",
            "cashAndShortTermInvestments": "220138000",
            "totalCurrentLiabilities": "268139000",
            "currentDebt": "None",
            "netIncome": "-14713000",
            "capitalExpenditures": "16824000",
            "operatingCashflow": "20720000",
            "grossProfit": "69684000",
            "totalRevenue": "111259000",
            "sentiment": 0,
            "surprise": "0.03",
            "closePrice": "52.96"
        },
        {
            "fiscalDateEnding": "2013-06-30",
            "totalCurrentAssets": "376809000",
            "cashAndShortTermInvestments": "253780000",
            "totalCurrentLiabilities": "249172000",
            "currentDebt": "None",
            "netIncome": "-21405000",
            "capitalExpenditures": "11820000",
            "operatingCashflow": "9736000",
            "grossProfit": "66224000",
            "totalRevenue": "102222000",
            "sentiment": 0,
            "surprise": "-0.01",
            "closePrice": "43.58"
        },
        {
            "fiscalDateEnding": "2013-03-31",
            "totalCurrentAssets": "447236000",
            "cashAndShortTermInvestments": "338866000",
            "totalCurrentLiabilities": "229113000",
            "currentDebt": "None",
            "netIncome": "-13358000",
            "capitalExpenditures": "10415000",
            "operatingCashflow": "15023000",
            "grossProfit": "53631000",
            "totalRevenue": "85939000",
            "sentiment": 0,
            "surprise": "0.02",
            "closePrice": "37.62"
        },
        {
            "fiscalDateEnding": "2012-12-31",
            "totalCurrentAssets": "422089000",
            "cashAndShortTermInvestments": "314691000",
            "totalCurrentLiabilities": "211627000",
            "currentDebt": "None",
            "netIncome": "-9931000",
            "capitalExpenditures": "9910000",
            "operatingCashflow": "16671000",
            "grossProfit": "42854000",
            "totalRevenue": "75162000",
            "sentiment": 0,
            "surprise": "-0.03",
            "closePrice": "28.97"
        },
        {
            "fiscalDateEnding": "2012-09-30",
            "totalCurrentAssets": "331877000",
            "cashAndShortTermInvestments": "256498000",
            "totalCurrentLiabilities": "166688000",
            "currentDebt": "None",
            "netIncome": "-13053000",
            "capitalExpenditures": "11930000",
            "operatingCashflow": "9077000",
            "grossProfit": "36771000",
            "totalRevenue": "64345000",
            "sentiment": 0,
            "surprise": "0.04",
            "closePrice": "35.65"
        },
        {
            "fiscalDateEnding": "2012-06-30",
            "totalCurrentAssets": "152082000",
            "cashAndShortTermInvestments": "88314000",
            "totalCurrentLiabilities": "151805000",
            "currentDebt": "None",
            "netIncome": "-8724000",
            "capitalExpenditures": "11668000",
            "operatingCashflow": "6939000",
            "grossProfit": "33883000",
            "totalRevenue": "56774000",
            "sentiment": 0,
            "surprise": "None",
            "closePrice": "29.08"
        }
    ]
}