{
    "NSIT": [
        {
            "fiscalDateEnding": "2023-12-31",
            "totalCurrentAssets": "4331301000",
            "cashAndShortTermInvestments": "268730000",
            "totalCurrentLiabilities": "3373383000",
            "currentDebt": "348004000",
            "netIncome": "90608000",
            "capitalExpenditures": "10182000",
            "operatingCashflow": "205789000",
            "grossProfit": "436150000",
            "totalRevenue": "2219840000",
            "sentiment": 0.3256991524820861,
            "surprise": "-0.08",
            "closePrice": "182.74"
        },
        {
            "fiscalDateEnding": "2023-09-30",
            "totalCurrentAssets": "3710248000",
            "cashAndShortTermInvestments": "244324000",
            "totalCurrentLiabilities": "2735319000",
            "currentDebt": "349058000",
            "netIncome": "60247000",
            "capitalExpenditures": "15868000",
            "operatingCashflow": "225782000",
            "grossProfit": "408870000",
            "totalRevenue": "2261086000",
            "sentiment": 0.08184195667977022,
            "surprise": "0.04",
            "closePrice": "143.03"
        },
        {
            "fiscalDateEnding": "2023-06-30",
            "totalCurrentAssets": "4339775000",
            "cashAndShortTermInvestments": "195954000",
            "totalCurrentLiabilities": "3313234000",
            "currentDebt": "347115000",
            "netIncome": "80482000",
            "capitalExpenditures": "4096000",
            "operatingCashflow": "27800000",
            "grossProfit": "433190000",
            "totalRevenue": "2347814000",
            "sentiment": 0.2852050297345466,
            "surprise": "-0.09",
            "closePrice": "139.16"
        },
        {
            "fiscalDateEnding": "2023-03-31",
            "totalCurrentAssets": "3745816000",
            "cashAndShortTermInvestments": "175726000",
            "totalCurrentLiabilities": "2884195000",
            "currentDebt": "346672000",
            "netIncome": "49972000",
            "capitalExpenditures": "9106000",
            "operatingCashflow": "160160000",
            "grossProfit": "391315000",
            "totalRevenue": "2313599000",
            "sentiment": 0.40308659151633036,
            "surprise": "-0.08",
            "closePrice": "119.38"
        },
        {
            "fiscalDateEnding": "2022-12-31",
            "totalCurrentAssets": "3900668000",
            "cashAndShortTermInvestments": "163637000",
            "totalCurrentLiabilities": "2866407000",
            "currentDebt": "346228000",
            "netIncome": "77477000",
            "capitalExpenditures": "11669000",
            "operatingCashflow": "303991000",
            "grossProfit": "420559000",
            "totalRevenue": "2492277000",
            "sentiment": 0.3160788648043097,
            "surprise": "0.41",
            "closePrice": "125.21"
        },
        {
            "fiscalDateEnding": "2022-09-30",
            "totalCurrentAssets": "3784660000",
            "cashAndShortTermInvestments": "136653000",
            "totalCurrentLiabilities": "2273036000",
            "currentDebt": "594000",
            "netIncome": "57316000",
            "capitalExpenditures": "12014000",
            "operatingCashflow": "236112000",
            "grossProfit": "399258000",
            "totalRevenue": "2522641000",
            "sentiment": 0.2829847147602663,
            "surprise": "0.06",
            "closePrice": "93.51"
        },
        {
            "fiscalDateEnding": "2022-06-30",
            "totalCurrentAssets": "4401004000",
            "cashAndShortTermInvestments": "137529000",
            "totalCurrentLiabilities": "2968915000",
            "currentDebt": "345945000",
            "netIncome": "89184000",
            "capitalExpenditures": "21511000",
            "operatingCashflow": "-157758000",
            "grossProfit": "437889000",
            "totalRevenue": "2733994000",
            "sentiment": -0.011126974630844907,
            "surprise": "0.72",
            "closePrice": "94.56"
        },
        {
            "fiscalDateEnding": "2022-03-31",
            "totalCurrentAssets": "3768241000",
            "cashAndShortTermInvestments": "114758000",
            "totalCurrentLiabilities": "2677690000",
            "currentDebt": "344903000",
            "netIncome": "56631000",
            "capitalExpenditures": "25745000",
            "operatingCashflow": "-284239000",
            "grossProfit": "378861000",
            "totalRevenue": "2642782000",
            "sentiment": 0.19392026153904968,
            "surprise": "0.23",
            "closePrice": "102.76"
        },
        {
            "fiscalDateEnding": "2021-12-31",
            "totalCurrentAssets": "3568311000",
            "cashAndShortTermInvestments": "103840000",
            "totalCurrentLiabilities": "2515257000",
            "currentDebt": "36000",
            "netIncome": "62133000",
            "capitalExpenditures": "24068000",
            "operatingCashflow": "281499000",
            "grossProfit": "384855000",
            "totalRevenue": "2555391000",
            "sentiment": 0,
            "surprise": "0.04",
            "closePrice": "97.07"
        },
        {
            "fiscalDateEnding": "2021-09-30",
            "totalCurrentAssets": "3322992000",
            "cashAndShortTermInvestments": "107350000",
            "totalCurrentLiabilities": "2145759000",
            "currentDebt": "38000",
            "netIncome": "55483000",
            "capitalExpenditures": "11174000",
            "operatingCashflow": "-122975000",
            "grossProfit": "364545000",
            "totalRevenue": "2437189000",
            "sentiment": 0,
            "surprise": "0.19",
            "closePrice": "101.57"
        },
        {
            "fiscalDateEnding": "2021-06-30",
            "totalCurrentAssets": "3555229000",
            "cashAndShortTermInvestments": "107813000",
            "totalCurrentLiabilities": "2483654000",
            "currentDebt": "650000",
            "netIncome": "58561000",
            "capitalExpenditures": "8990000",
            "operatingCashflow": "-37519000",
            "grossProfit": "366683000",
            "totalRevenue": "2219918000",
            "sentiment": 0,
            "surprise": "0.04",
            "closePrice": "100.12"
        },
        {
            "fiscalDateEnding": "2021-03-31",
            "totalCurrentAssets": "3153693000",
            "cashAndShortTermInvestments": "138753000",
            "totalCurrentLiabilities": "2175072000",
            "currentDebt": "830000",
            "netIncome": "43168000",
            "capitalExpenditures": "7847000",
            "operatingCashflow": "42706000",
            "grossProfit": "331474000",
            "totalRevenue": "2183099000",
            "sentiment": 0,
            "surprise": "-0.13",
            "closePrice": "95.59"
        },
        {
            "fiscalDateEnding": "2020-12-31",
            "totalCurrentAssets": "3176450000",
            "cashAndShortTermInvestments": "128313000",
            "totalCurrentLiabilities": "2227464000",
            "currentDebt": "1105000",
            "netIncome": "53388000",
            "capitalExpenditures": "3496000",
            "operatingCashflow": "-106512000",
            "grossProfit": "342654000",
            "totalRevenue": "2280881000",
            "sentiment": 0,
            "surprise": "0.26",
            "closePrice": "85.95"
        },
        {
            "fiscalDateEnding": "2020-09-30",
            "totalCurrentAssets": "2726407000",
            "cashAndShortTermInvestments": "75237000",
            "totalCurrentLiabilities": "1964003000",
            "currentDebt": "1422000",
            "netIncome": "38906000",
            "capitalExpenditures": "6194000",
            "operatingCashflow": "-35435000",
            "grossProfit": "307563000",
            "totalRevenue": "1927363000",
            "sentiment": 0,
            "surprise": "0.24",
            "closePrice": "61.44"
        },
        {
            "fiscalDateEnding": "2020-06-30",
            "totalCurrentAssets": "3264490000",
            "cashAndShortTermInvestments": "153866000",
            "totalCurrentLiabilities": "2430961000",
            "currentDebt": "1509000",
            "netIncome": "46385000",
            "capitalExpenditures": "7112000",
            "operatingCashflow": "404403000",
            "grossProfit": "324389000",
            "totalRevenue": "1958516000",
            "sentiment": 0,
            "surprise": "0.74",
            "closePrice": "54.17"
        },
        {
            "fiscalDateEnding": "2020-03-31",
            "totalCurrentAssets": "2966157000",
            "cashAndShortTermInvestments": "62660000",
            "totalCurrentLiabilities": "1896595000",
            "currentDebt": "1700000",
            "netIncome": "33961000",
            "capitalExpenditures": "7382000",
            "operatingCashflow": "93126000",
            "grossProfit": "325336000",
            "totalRevenue": "2132225000",
            "sentiment": 0,
            "surprise": "0.16",
            "closePrice": "51.6"
        },
        {
            "fiscalDateEnding": "2019-12-31",
            "totalCurrentAssets": "3048032000",
            "cashAndShortTermInvestments": "114668000",
            "totalCurrentLiabilities": "1883528000",
            "currentDebt": "1691000",
            "netIncome": "42950000",
            "capitalExpenditures": "52164000",
            "operatingCashflow": "-40719000",
            "grossProfit": "337982000",
            "totalRevenue": "2285259000",
            "sentiment": 0,
            "surprise": "-0.04",
            "closePrice": "60.185"
        },
        {
            "fiscalDateEnding": "2019-09-30",
            "totalCurrentAssets": "2802134000",
            "cashAndShortTermInvestments": "140549000",
            "totalCurrentLiabilities": "1751974000",
            "currentDebt": "1142000",
            "netIncome": "27132000",
            "capitalExpenditures": "6338000",
            "operatingCashflow": "-13943000",
            "grossProfit": "276195000",
            "totalRevenue": "1904851000",
            "sentiment": 0,
            "surprise": "0.03",
            "closePrice": "62.1"
        },
        {
            "fiscalDateEnding": "2019-06-30",
            "totalCurrentAssets": "2687426000",
            "cashAndShortTermInvestments": "112077000",
            "totalCurrentLiabilities": "1948962000",
            "currentDebt": "1421000",
            "netIncome": "49998000",
            "capitalExpenditures": "5232000",
            "operatingCashflow": "60625000",
            "grossProfit": "275449000",
            "totalRevenue": "1831750000",
            "sentiment": 0,
            "surprise": "0.1",
            "closePrice": "52.53"
        },
        {
            "fiscalDateEnding": "2019-03-31",
            "totalCurrentAssets": "2152993000",
            "cashAndShortTermInvestments": "124831000",
            "totalCurrentLiabilities": "1409254000",
            "currentDebt": "1161000",
            "netIncome": "39327000",
            "capitalExpenditures": "5352000",
            "operatingCashflow": "121913000",
            "grossProfit": "248472000",
            "totalRevenue": "1679932000",
            "sentiment": 0,
            "surprise": "0.2",
            "closePrice": "58.29"
        },
        {
            "fiscalDateEnding": "2018-12-31",
            "totalCurrentAssets": "2338577000",
            "cashAndShortTermInvestments": "142655000",
            "totalCurrentLiabilities": "1536662000",
            "currentDebt": "1395000",
            "netIncome": "47041000",
            "capitalExpenditures": "4205000",
            "operatingCashflow": "45406000",
            "grossProfit": "254164000",
            "totalRevenue": "1745000000",
            "sentiment": 0,
            "surprise": "0.2",
            "closePrice": "54.34"
        },
        {
            "fiscalDateEnding": "2018-09-30",
            "totalCurrentAssets": "2068683000",
            "cashAndShortTermInvestments": "111055000",
            "totalCurrentLiabilities": "1256748000",
            "currentDebt": "17360000",
            "netIncome": "32154000",
            "capitalExpenditures": "2402000",
            "operatingCashflow": "-103714000",
            "grossProfit": "234914000",
            "totalRevenue": "1741055000",
            "sentiment": 0,
            "surprise": "-0.09",
            "closePrice": "45.0"
        },
        {
            "fiscalDateEnding": "2018-06-30",
            "totalCurrentAssets": "2710223000",
            "cashAndShortTermInvestments": "248122000",
            "totalCurrentLiabilities": "1981808000",
            "currentDebt": "16924000",
            "netIncome": "51479000",
            "capitalExpenditures": "5600000",
            "operatingCashflow": "200210000",
            "grossProfit": "264377000",
            "totalRevenue": "1832093000",
            "sentiment": 0,
            "surprise": "0.19",
            "closePrice": "48.44"
        },
        {
            "fiscalDateEnding": "2018-03-31",
            "totalCurrentAssets": "2166350000",
            "cashAndShortTermInvestments": "100237000",
            "totalCurrentLiabilities": "1373344000",
            "currentDebt": "16358000",
            "netIncome": "33003000",
            "capitalExpenditures": "5044000",
            "operatingCashflow": "150745000",
            "grossProfit": "240263000",
            "totalRevenue": "3520036000",
            "sentiment": 0,
            "surprise": "0.34",
            "closePrice": "35.77"
        },
        {
            "fiscalDateEnding": "2017-12-31",
            "totalCurrentAssets": "2304343000",
            "cashAndShortTermInvestments": "105831000",
            "totalCurrentLiabilities": "1499974000",
            "currentDebt": "16592000",
            "netIncome": "14168000",
            "capitalExpenditures": "3324000",
            "operatingCashflow": "16494000",
            "grossProfit": "232883000",
            "totalRevenue": "1778832000",
            "sentiment": 0,
            "surprise": "0.02",
            "closePrice": "35.18"
        },
        {
            "fiscalDateEnding": "2017-09-30",
            "totalCurrentAssets": "2162312000",
            "cashAndShortTermInvestments": "236411000",
            "totalCurrentLiabilities": "1172906000",
            "currentDebt": "15344000",
            "netIncome": "22412000",
            "capitalExpenditures": "5632000",
            "operatingCashflow": "-224294000",
            "grossProfit": "226081000",
            "totalRevenue": "1748431000",
            "sentiment": 0,
            "surprise": "0.05",
            "closePrice": "43.93"
        },
        {
            "fiscalDateEnding": "2017-06-30",
            "totalCurrentAssets": "2501057000",
            "cashAndShortTermInvestments": "194783000",
            "totalCurrentLiabilities": "1797454000",
            "currentDebt": "14644000",
            "netIncome": "40255000",
            "capitalExpenditures": "222000",
            "operatingCashflow": "207065000",
            "grossProfit": "251379000",
            "totalRevenue": "1679455000",
            "sentiment": 0,
            "surprise": "0.19",
            "closePrice": "40.47"
        },
        {
            "fiscalDateEnding": "2017-03-31",
            "totalCurrentAssets": "1960470000",
            "cashAndShortTermInvestments": "183709000",
            "totalCurrentLiabilities": "1238867000",
            "currentDebt": "15142000",
            "netIncome": "13848000",
            "capitalExpenditures": "10052000",
            "operatingCashflow": "-149630000",
            "grossProfit": "208227000",
            "totalRevenue": "1473230000",
            "sentiment": 0,
            "surprise": "0.31",
            "closePrice": "41.99"
        },
        {
            "fiscalDateEnding": "2016-12-31",
            "totalCurrentAssets": "1983605000",
            "cashAndShortTermInvestments": "202882000",
            "totalCurrentLiabilities": "1438662000",
            "currentDebt": "480000",
            "netIncome": "21100000",
            "capitalExpenditures": "2552000",
            "operatingCashflow": "357808000",
            "grossProfit": "190969000",
            "totalRevenue": "1465832000",
            "sentiment": 0,
            "surprise": "0.04",
            "closePrice": "37.28"
        },
        {
            "fiscalDateEnding": "2016-09-30",
            "totalCurrentAssets": "1666850000",
            "cashAndShortTermInvestments": "175695000",
            "totalCurrentLiabilities": "937548000",
            "currentDebt": "533000",
            "netIncome": "21635000",
            "capitalExpenditures": "4740000",
            "operatingCashflow": "31270000",
            "grossProfit": "181808000",
            "totalRevenue": "1389620000",
            "sentiment": 0,
            "surprise": "0.09",
            "closePrice": "33.28"
        },
        {
            "fiscalDateEnding": "2016-06-30",
            "totalCurrentAssets": "1938194000",
            "cashAndShortTermInvestments": "175145000",
            "totalCurrentLiabilities": "1386690000",
            "currentDebt": "1288000",
            "netIncome": "35067000",
            "capitalExpenditures": "2078000",
            "operatingCashflow": "45349000",
            "grossProfit": "209217000",
            "totalRevenue": "1454395000",
            "sentiment": 0,
            "surprise": "0.22",
            "closePrice": "26.45"
        },
        {
            "fiscalDateEnding": "2016-03-31",
            "totalCurrentAssets": "1491828000",
            "cashAndShortTermInvestments": "173910000",
            "totalCurrentLiabilities": "889094000",
            "currentDebt": "1206000",
            "netIncome": "6888000",
            "capitalExpenditures": "2896000",
            "operatingCashflow": "-97287000",
            "grossProfit": "161108000",
            "totalRevenue": "1166518000",
            "sentiment": 0,
            "surprise": "-0.07",
            "closePrice": "28.67"
        },
        {
            "fiscalDateEnding": "2015-12-31",
            "totalCurrentAssets": "1751659000",
            "cashAndShortTermInvestments": "187978000",
            "totalCurrentLiabilities": "1208125000",
            "currentDebt": "1535000",
            "netIncome": "18576000",
            "capitalExpenditures": "2612000",
            "operatingCashflow": "18576000",
            "grossProfit": "180853000",
            "totalRevenue": "1384944000",
            "sentiment": 0,
            "surprise": "-0.03",
            "closePrice": "22.91"
        },
        {
            "fiscalDateEnding": "2015-09-30",
            "totalCurrentAssets": "1502497000",
            "cashAndShortTermInvestments": "148134000",
            "totalCurrentLiabilities": "933757000",
            "currentDebt": "1534000",
            "netIncome": "20825000",
            "capitalExpenditures": "4252000",
            "operatingCashflow": "30250000",
            "grossProfit": "182251000",
            "totalRevenue": "1341694000",
            "sentiment": 0,
            "surprise": "0.13",
            "closePrice": "27.54"
        },
        {
            "fiscalDateEnding": "2015-06-30",
            "totalCurrentAssets": "1934825000",
            "cashAndShortTermInvestments": "175508000",
            "totalCurrentLiabilities": "1410515000",
            "currentDebt": "1400000",
            "netIncome": "25499000",
            "capitalExpenditures": "3358000",
            "operatingCashflow": "34958000",
            "grossProfit": "191415000",
            "totalRevenue": "1422293000",
            "sentiment": 0,
            "surprise": "-0.04",
            "closePrice": "27.55"
        },
        {
            "fiscalDateEnding": "2015-03-31",
            "totalCurrentAssets": "1494931000",
            "cashAndShortTermInvestments": "186126000",
            "totalCurrentLiabilities": "919541000",
            "currentDebt": "1398000",
            "netIncome": "10951000",
            "capitalExpenditures": "3194000",
            "operatingCashflow": "38748000",
            "grossProfit": "161813000",
            "totalRevenue": "1217328000",
            "sentiment": 0,
            "surprise": "0.02",
            "closePrice": "29.39"
        },
        {
            "fiscalDateEnding": "2014-12-31",
            "totalCurrentAssets": "1704487000",
            "cashAndShortTermInvestments": "164524000",
            "totalCurrentLiabilities": "1138928000",
            "currentDebt": "766000",
            "netIncome": "19483000",
            "capitalExpenditures": "2000000",
            "operatingCashflow": "19483000",
            "grossProfit": "182239000",
            "totalRevenue": "1445536000",
            "sentiment": 0,
            "surprise": "-0.03",
            "closePrice": "24.4"
        },
        {
            "fiscalDateEnding": "2014-09-30",
            "totalCurrentAssets": "1416878000",
            "cashAndShortTermInvestments": "127102000",
            "totalCurrentLiabilities": "842055000",
            "currentDebt": "914000",
            "netIncome": "17402000",
            "capitalExpenditures": "2641000",
            "operatingCashflow": "27269000",
            "grossProfit": "171820000",
            "totalRevenue": "1235836000",
            "sentiment": 0,
            "surprise": "0.04",
            "closePrice": "25.33"
        },
        {
            "fiscalDateEnding": "2014-06-30",
            "totalCurrentAssets": "1731243000",
            "cashAndShortTermInvestments": "149927000",
            "totalCurrentLiabilities": "1191879000",
            "currentDebt": "369000",
            "netIncome": "27249000",
            "capitalExpenditures": "3324000",
            "operatingCashflow": "38004000",
            "grossProfit": "194599000",
            "totalRevenue": "1415935000",
            "sentiment": 0,
            "surprise": "0.02",
            "closePrice": "26.27"
        },
        {
            "fiscalDateEnding": "2014-03-31",
            "totalCurrentAssets": "1500511000",
            "cashAndShortTermInvestments": "180864000",
            "totalCurrentLiabilities": "942652000",
            "currentDebt": "369000",
            "netIncome": "11550000",
            "capitalExpenditures": "2018000",
            "operatingCashflow": "66033000",
            "grossProfit": "163745000",
            "totalRevenue": "1212576000",
            "sentiment": 0,
            "surprise": "0",
            "closePrice": "26.11"
        },
        {
            "fiscalDateEnding": "2013-12-31",
            "totalCurrentAssets": "1594664000",
            "cashAndShortTermInvestments": "126817000",
            "totalCurrentLiabilities": "1051805000",
            "currentDebt": "217000",
            "netIncome": "20407000",
            "capitalExpenditures": "4879000",
            "operatingCashflow": "9490000",
            "grossProfit": "181155000",
            "totalRevenue": "1393153000",
            "sentiment": 0,
            "surprise": "0.04",
            "closePrice": "21.14"
        },
        {
            "fiscalDateEnding": "2013-09-30",
            "totalCurrentAssets": "1339088000",
            "cashAndShortTermInvestments": "135032000",
            "totalCurrentLiabilities": "789929000",
            "currentDebt": "216000",
            "netIncome": "15025000",
            "capitalExpenditures": "3616000",
            "operatingCashflow": "-21174000",
            "grossProfit": "168668000",
            "totalRevenue": "1148943000",
            "sentiment": 0,
            "surprise": "0.05",
            "closePrice": "21.13"
        },
        {
            "fiscalDateEnding": "2013-06-30",
            "totalCurrentAssets": "1679143000",
            "cashAndShortTermInvestments": "142165000",
            "totalCurrentLiabilities": "1199389000",
            "currentDebt": "86000",
            "netIncome": "26513000",
            "capitalExpenditures": "4859000",
            "operatingCashflow": "71467000",
            "grossProfit": "190927000",
            "totalRevenue": "1415877000",
            "sentiment": 0,
            "surprise": "0.01",
            "closePrice": "21.87"
        },
        {
            "fiscalDateEnding": "2013-03-31",
            "totalCurrentAssets": "1424094000",
            "cashAndShortTermInvestments": "152326000",
            "totalCurrentLiabilities": "923168000",
            "currentDebt": "345000",
            "netIncome": "9076000",
            "capitalExpenditures": "5670000",
            "operatingCashflow": "16283000",
            "grossProfit": "158137000",
            "totalRevenue": "1179843000",
            "sentiment": 0,
            "surprise": "-0.17",
            "closePrice": "17.7"
        },
        {
            "fiscalDateEnding": "2012-12-31",
            "totalCurrentAssets": "1701550000",
            "cashAndShortTermInvestments": "152119000",
            "totalCurrentLiabilities": "1182121000",
            "currentDebt": "602000",
            "netIncome": "20767000",
            "capitalExpenditures": "7698000",
            "operatingCashflow": "37350000",
            "grossProfit": "180393000",
            "totalRevenue": "1344915000",
            "sentiment": 0,
            "surprise": "-0.11",
            "closePrice": "20.49"
        },
        {
            "fiscalDateEnding": "2012-09-30",
            "totalCurrentAssets": "1284891000",
            "cashAndShortTermInvestments": "140675000",
            "totalCurrentLiabilities": "763114000",
            "currentDebt": "858000",
            "netIncome": "19354000",
            "capitalExpenditures": "6511000",
            "operatingCashflow": "18926000",
            "grossProfit": "167625000",
            "totalRevenue": "1179281000",
            "sentiment": 0,
            "surprise": "0.04",
            "closePrice": "16.17"
        },
        {
            "fiscalDateEnding": "2012-06-30",
            "totalCurrentAssets": "1687609000",
            "cashAndShortTermInvestments": "129013000",
            "totalCurrentLiabilities": "1194540000",
            "currentDebt": "1026000",
            "netIncome": "35250000",
            "capitalExpenditures": "8120000",
            "operatingCashflow": "31606000",
            "grossProfit": "201286000",
            "totalRevenue": "1528155000",
            "sentiment": 0,
            "surprise": "0.03",
            "closePrice": "16.33"
        },
        {
            "fiscalDateEnding": "2012-03-31",
            "totalCurrentAssets": "1431111000",
            "cashAndShortTermInvestments": "132609000",
            "totalCurrentLiabilities": "953528000",
            "currentDebt": "1021000",
            "netIncome": "17392000",
            "capitalExpenditures": "7823000",
            "operatingCashflow": "-20440000",
            "grossProfit": "170372000",
            "totalRevenue": "1243452000",
            "sentiment": 0,
            "surprise": "-0.02",
            "closePrice": "20.37"
        },
        {
            "fiscalDateEnding": "2011-12-31",
            "totalCurrentAssets": "1535679000",
            "cashAndShortTermInvestments": "128336000",
            "totalCurrentLiabilities": "1109162000",
            "currentDebt": "1017000",
            "netIncome": "34654000",
            "capitalExpenditures": "10210000",
            "operatingCashflow": "105663000",
            "grossProfit": "178983000",
            "totalRevenue": "1359240000",
            "sentiment": 0,
            "surprise": "0.12",
            "closePrice": "18.97"
        },
        {
            "fiscalDateEnding": "2011-09-30",
            "totalCurrentAssets": "1206004000",
            "cashAndShortTermInvestments": "98680000",
            "totalCurrentLiabilities": "756377000",
            "currentDebt": "1012000",
            "netIncome": "17166000",
            "capitalExpenditures": "6488000",
            "operatingCashflow": "13480000",
            "grossProfit": "163515000",
            "totalRevenue": "1235633000",
            "sentiment": 0,
            "surprise": "0.01",
            "closePrice": "17.09"
        },
        {
            "fiscalDateEnding": "2011-06-30",
            "totalCurrentAssets": "1582297000",
            "cashAndShortTermInvestments": "115203000",
            "totalCurrentLiabilities": "1126419000",
            "currentDebt": "1007000",
            "netIncome": "35348000",
            "capitalExpenditures": "5351000",
            "operatingCashflow": "-87044000",
            "grossProfit": "204179000",
            "totalRevenue": "1468002000",
            "sentiment": 0,
            "surprise": "0.13",
            "closePrice": "16.51"
        }
    ]
}