{
    "NTAP": [
        {
            "fiscalDateEnding": "2024-01-26",
            "totalCurrentAssets": "4327000000",
            "cashAndShortTermInvestments": "2917000000",
            "totalCurrentLiabilities": "3765000000",
            "currentDebt": "400000000",
            "netIncome": "313000000",
            "capitalExpenditures": "36000000",
            "operatingCashflow": "484000000",
            "grossProfit": "1151000000",
            "totalRevenue": "1589000000",
            "sentiment": 0.25977596310438533,
            "surprise": "0.25",
            "closePrice": "89.12"
        },
        {
            "fiscalDateEnding": "2023-10-27",
            "totalCurrentAssets": "3993000000",
            "cashAndShortTermInvestments": "2620000000",
            "totalCurrentLiabilities": "3733000000",
            "currentDebt": "400000000",
            "netIncome": "233000000",
            "capitalExpenditures": "38000000",
            "operatingCashflow": "135000000",
            "grossProfit": "1110000000",
            "totalRevenue": "1547000000",
            "sentiment": 0.1575186417140556,
            "surprise": "0.19",
            "closePrice": "77.6588100739372"
        },
        {
            "fiscalDateEnding": "2023-07-28",
            "totalCurrentAssets": "4160000000",
            "cashAndShortTermInvestments": "2975000000",
            "totalCurrentLiabilities": "3249000000",
            "currentDebt": "None",
            "netIncome": "149000000",
            "capitalExpenditures": "35000000",
            "operatingCashflow": "453000000",
            "grossProfit": "996000000",
            "totalRevenue": "1416000000",
            "sentiment": 0.22913246240455332,
            "surprise": "0.08",
            "closePrice": "75.5874898569839"
        },
        {
            "fiscalDateEnding": "2023-04-28",
            "totalCurrentAssets": "4680000000",
            "cashAndShortTermInvestments": "3070000000",
            "totalCurrentLiabilities": "3467000000",
            "currentDebt": "None",
            "netIncome": "245000000",
            "capitalExpenditures": "39000000",
            "operatingCashflow": "235000000",
            "grossProfit": "1075000000",
            "totalRevenue": "1565000000",
            "sentiment": 0.17695562438439658,
            "surprise": "0.2",
            "closePrice": "65.1030258712957"
        },
        {
            "fiscalDateEnding": "2023-01-27",
            "totalCurrentAssets": "4540000000",
            "cashAndShortTermInvestments": "3141000000",
            "totalCurrentLiabilities": "3393000000",
            "currentDebt": "None",
            "netIncome": "65000000",
            "capitalExpenditures": "58000000",
            "operatingCashflow": "377000000",
            "grossProfit": "1001000000",
            "totalRevenue": "1510000000",
            "sentiment": 0.148007361778323,
            "surprise": "0.06",
            "closePrice": "64.0826675998012"
        },
        {
            "fiscalDateEnding": "2022-10-28",
            "totalCurrentAssets": "4603000000",
            "cashAndShortTermInvestments": "3033000000",
            "totalCurrentLiabilities": "3395000000",
            "currentDebt": "None",
            "netIncome": "750000000",
            "capitalExpenditures": "77000000",
            "operatingCashflow": "214000000",
            "grossProfit": "1087000000",
            "totalRevenue": "1646000000",
            "sentiment": 0.19893712515166373,
            "surprise": "0.15",
            "closePrice": "69.3193367100832"
        },
        {
            "fiscalDateEnding": "2022-07-29",
            "totalCurrentAssets": "4922000000",
            "cashAndShortTermInvestments": "3439000000",
            "totalCurrentLiabilities": "3575000000",
            "currentDebt": "250000000",
            "netIncome": "214000000",
            "capitalExpenditures": "65000000",
            "operatingCashflow": "281000000",
            "grossProfit": "1046000000",
            "totalRevenue": "1574000000",
            "sentiment": 0.04532149415398701,
            "surprise": "0.1",
            "closePrice": "69.7930454872583"
        },
        {
            "fiscalDateEnding": "2022-04-29",
            "totalCurrentAssets": "5945000000",
            "cashAndShortTermInvestments": "3070000000",
            "totalCurrentLiabilities": "3953000000",
            "currentDebt": "250000000",
            "netIncome": "259000000",
            "capitalExpenditures": "68000000",
            "operatingCashflow": "411000000",
            "grossProfit": "1089000000",
            "totalRevenue": "1662000000",
            "sentiment": -0.011034350570217292,
            "surprise": "0.14",
            "closePrice": "68.9637218368425"
        },
        {
            "fiscalDateEnding": "2022-01-28",
            "totalCurrentAssets": "5513000000",
            "cashAndShortTermInvestments": "4201000000",
            "totalCurrentLiabilities": "3552000000",
            "currentDebt": "250000000",
            "netIncome": "252000000",
            "capitalExpenditures": "61000000",
            "operatingCashflow": "260000000",
            "grossProfit": "1073000000",
            "totalRevenue": "1595000000",
            "sentiment": 0,
            "surprise": "0.16",
            "closePrice": "79.4731663569232"
        },
        {
            "fiscalDateEnding": "2021-10-29",
            "totalCurrentAssets": "5669000000",
            "cashAndShortTermInvestments": "4548000000",
            "totalCurrentLiabilities": "3195000000",
            "currentDebt": "None",
            "netIncome": "224000000",
            "capitalExpenditures": "46000000",
            "operatingCashflow": "298000000",
            "grossProfit": "1059000000",
            "totalRevenue": "1548000000",
            "sentiment": 0,
            "surprise": "0.07",
            "closePrice": "83.5521299422963"
        },
        {
            "fiscalDateEnding": "2021-07-30",
            "totalCurrentAssets": "5631000000",
            "cashAndShortTermInvestments": "4547000000",
            "totalCurrentLiabilities": "3103000000",
            "currentDebt": "None",
            "netIncome": "202000000",
            "capitalExpenditures": "51000000",
            "operatingCashflow": "242000000",
            "grossProfit": "999000000",
            "totalRevenue": "1440000000",
            "sentiment": 0,
            "surprise": "0.2",
            "closePrice": "76.9164409716319"
        },
        {
            "fiscalDateEnding": "2021-04-30",
            "totalCurrentAssets": "6001000000",
            "cashAndShortTermInvestments": "4596000000",
            "totalCurrentLiabilities": "3452000000",
            "currentDebt": "None",
            "netIncome": "334000000",
            "capitalExpenditures": "38000000",
            "operatingCashflow": "559000000",
            "grossProfit": "1035000000",
            "totalRevenue": "1536000000",
            "sentiment": 0,
            "surprise": "0.05",
            "closePrice": "71.6067583738422"
        },
        {
            "fiscalDateEnding": "2021-01-29",
            "totalCurrentAssets": "5114000000",
            "cashAndShortTermInvestments": "3894000000",
            "totalCurrentLiabilities": "3050000000",
            "currentDebt": "None",
            "netIncome": "182000000",
            "capitalExpenditures": "32000000",
            "operatingCashflow": "373000000",
            "grossProfit": "975000000",
            "totalRevenue": "1451000000",
            "sentiment": 0,
            "surprise": "0.09",
            "closePrice": "66.0748098998417"
        },
        {
            "fiscalDateEnding": "2020-10-30",
            "totalCurrentAssets": "4821000000",
            "cashAndShortTermInvestments": "3646000000",
            "totalCurrentLiabilities": "2920000000",
            "currentDebt": "52000000",
            "netIncome": "137000000",
            "capitalExpenditures": "40000000",
            "operatingCashflow": "161000000",
            "grossProfit": "933000000",
            "totalRevenue": "1398000000",
            "sentiment": 0,
            "surprise": "0.32",
            "closePrice": "49.6363637327014"
        },
        {
            "fiscalDateEnding": "2020-07-31",
            "totalCurrentAssets": "4817000000",
            "cashAndShortTermInvestments": "3773000000",
            "totalCurrentLiabilities": "2976000000",
            "currentDebt": "202000000",
            "netIncome": "77000000",
            "capitalExpenditures": "52000000",
            "operatingCashflow": "240000000",
            "grossProfit": "872000000",
            "totalRevenue": "1285000000",
            "sentiment": 0,
            "surprise": "0.32",
            "closePrice": "38.2871972087718"
        },
        {
            "fiscalDateEnding": "2020-04-24",
            "totalCurrentAssets": "4274000000",
            "cashAndShortTermInvestments": "2882000000",
            "totalCurrentLiabilities": "3616000000",
            "currentDebt": "573000000",
            "netIncome": "196000000",
            "capitalExpenditures": "24000000",
            "operatingCashflow": "383000000",
            "grossProfit": "941000000",
            "totalRevenue": "1387000000",
            "sentiment": 0,
            "surprise": "0.15",
            "closePrice": "41.5256554529638"
        },
        {
            "fiscalDateEnding": "2020-01-24",
            "totalCurrentAssets": "4218000000",
            "cashAndShortTermInvestments": "3008000000",
            "totalCurrentLiabilities": "3529000000",
            "currentDebt": "743000000",
            "netIncome": "277000000",
            "capitalExpenditures": "32000000",
            "operatingCashflow": "420000000",
            "grossProfit": "941000000",
            "totalRevenue": "1390000000",
            "sentiment": 0,
            "surprise": "-0.02",
            "closePrice": "53.8939709535819"
        },
        {
            "fiscalDateEnding": "2019-10-25",
            "totalCurrentAssets": "4191000000",
            "cashAndShortTermInvestments": "2987000000",
            "totalCurrentLiabilities": "3204000000",
            "currentDebt": "547000000",
            "netIncome": "243000000",
            "capitalExpenditures": "36000000",
            "operatingCashflow": "-53000000",
            "grossProfit": "925000000",
            "totalRevenue": "1359000000",
            "sentiment": 0,
            "surprise": "0.15",
            "closePrice": "52.8254248912694"
        },
        {
            "fiscalDateEnding": "2019-07-26",
            "totalCurrentAssets": "4516000000",
            "cashAndShortTermInvestments": "3532000000",
            "totalCurrentLiabilities": "3175000000",
            "currentDebt": "481000000",
            "netIncome": "103000000",
            "capitalExpenditures": "32000000",
            "operatingCashflow": "310000000",
            "grossProfit": "816000000",
            "totalRevenue": "1221000000",
            "sentiment": 0,
            "surprise": "0.07",
            "closePrice": "38.9542414020556"
        },
        {
            "fiscalDateEnding": "2019-04-26",
            "totalCurrentAssets": "5610000000",
            "cashAndShortTermInvestments": "3899000000",
            "totalCurrentLiabilities": "3867000000",
            "currentDebt": "649000000",
            "netIncome": "396000000",
            "capitalExpenditures": "35000000",
            "operatingCashflow": "399000000",
            "grossProfit": "1026000000",
            "totalRevenue": "1578000000",
            "sentiment": 0,
            "surprise": "-0.04",
            "closePrice": "58.0162204898705"
        },
        {
            "fiscalDateEnding": "2019-01-25",
            "totalCurrentAssets": "5361000000",
            "cashAndShortTermInvestments": "4049000000",
            "totalCurrentLiabilities": "3430000000",
            "currentDebt": "562000000",
            "netIncome": "249000000",
            "capitalExpenditures": "31000000",
            "operatingCashflow": "451000000",
            "grossProfit": "982000000",
            "totalRevenue": "1547000000",
            "sentiment": 0,
            "surprise": "0.05",
            "closePrice": "57.9083680896782"
        },
        {
            "fiscalDateEnding": "2018-10-26",
            "totalCurrentAssets": "5471000000",
            "cashAndShortTermInvestments": "4299000000",
            "totalCurrentLiabilities": "3310000000",
            "currentDebt": "648000000",
            "netIncome": "241000000",
            "capitalExpenditures": "43000000",
            "operatingCashflow": "165000000",
            "grossProfit": "974000000",
            "totalRevenue": "1503000000",
            "sentiment": 0,
            "surprise": "0.07",
            "closePrice": "66.6275080095369"
        },
        {
            "fiscalDateEnding": "2018-07-27",
            "totalCurrentAssets": "5853000000",
            "cashAndShortTermInvestments": "4811000000",
            "totalCurrentLiabilities": "2840000000",
            "currentDebt": "200000000",
            "netIncome": "283000000",
            "capitalExpenditures": "64000000",
            "operatingCashflow": "326000000",
            "grossProfit": "963000000",
            "totalRevenue": "1460000000",
            "sentiment": 0,
            "surprise": "0.24",
            "closePrice": "70.0845984839621"
        },
        {
            "fiscalDateEnding": "2018-04-27",
            "totalCurrentAssets": "6952000000",
            "cashAndShortTermInvestments": "5391000000",
            "totalCurrentLiabilities": "3531000000",
            "currentDebt": "385000000",
            "netIncome": "290000000",
            "capitalExpenditures": "48000000",
            "operatingCashflow": "494000000",
            "grossProfit": "1029000000",
            "totalRevenue": "1648000000",
            "sentiment": 0,
            "surprise": "0.04",
            "closePrice": "56.4690278593698"
        },
        {
            "fiscalDateEnding": "2018-01-26",
            "totalCurrentAssets": "6766000000",
            "cashAndShortTermInvestments": "5619000000",
            "totalCurrentLiabilities": "3548000000",
            "currentDebt": "632000000",
            "netIncome": "-479000000",
            "capitalExpenditures": "32000000",
            "operatingCashflow": "420000000",
            "grossProfit": "956000000",
            "totalRevenue": "1538000000",
            "sentiment": 0,
            "surprise": "0.08",
            "closePrice": "51.1068773941192"
        },
        {
            "fiscalDateEnding": "2017-10-27",
            "totalCurrentAssets": "7020000000",
            "cashAndShortTermInvestments": "5965000000",
            "totalCurrentLiabilities": "4214000000",
            "currentDebt": "1468000000",
            "netIncome": "174000000",
            "capitalExpenditures": "29000000",
            "operatingCashflow": "314000000",
            "grossProfit": "900000000",
            "totalRevenue": "1420000000",
            "sentiment": 0,
            "surprise": "0.12",
            "closePrice": "38.4835690559384"
        },
        {
            "fiscalDateEnding": "2017-07-28",
            "totalCurrentAssets": "6298000000",
            "cashAndShortTermInvestments": "5321000000",
            "totalCurrentLiabilities": "4287000000",
            "currentDebt": "1643000000",
            "netIncome": "131000000",
            "capitalExpenditures": "36000000",
            "operatingCashflow": "250000000",
            "grossProfit": "824000000",
            "totalRevenue": "1315000000",
            "sentiment": 0,
            "surprise": "0.07",
            "closePrice": "35.4603647945483"
        },
        {
            "fiscalDateEnding": "2017-04-28",
            "totalCurrentAssets": "6198000000",
            "cashAndShortTermInvestments": "4921000000",
            "totalCurrentLiabilities": "4122000000",
            "currentDebt": "749000000",
            "netIncome": "162000000",
            "capitalExpenditures": "38000000",
            "operatingCashflow": "52000000",
            "grossProfit": "887000000",
            "totalRevenue": "1455000000",
            "sentiment": 0,
            "surprise": "0.04",
            "closePrice": "32.9114203178826"
        },
        {
            "fiscalDateEnding": "2017-01-27",
            "totalCurrentAssets": "5646000000",
            "cashAndShortTermInvestments": "4639000000",
            "totalCurrentLiabilities": "3844000000",
            "currentDebt": "748000000",
            "netIncome": "146000000",
            "capitalExpenditures": "45000000",
            "operatingCashflow": "146000000",
            "grossProfit": "851000000",
            "totalRevenue": "1404000000",
            "sentiment": 0,
            "surprise": "0.08",
            "closePrice": "32.2375413760938"
        },
        {
            "fiscalDateEnding": "2016-10-28",
            "totalCurrentAssets": "5220000000",
            "cashAndShortTermInvestments": "4357000000",
            "totalCurrentLiabilities": "2528000000",
            "currentDebt": "0",
            "netIncome": "109000000",
            "capitalExpenditures": "56000000",
            "operatingCashflow": "109000000",
            "grossProfit": "829000000",
            "totalRevenue": "1340000000",
            "sentiment": 0,
            "surprise": "0.06",
            "closePrice": "28.6070994223158"
        },
        {
            "fiscalDateEnding": "2016-07-29",
            "totalCurrentAssets": "5223000000",
            "cashAndShortTermInvestments": "565000000",
            "totalCurrentLiabilities": "2524000000",
            "currentDebt": "0",
            "netIncome": "64000000",
            "capitalExpenditures": "36000000",
            "operatingCashflow": "341000000",
            "grossProfit": "797000000",
            "totalRevenue": "1294000000",
            "sentiment": 0,
            "surprise": "0.1",
            "closePrice": "23.6352178909362"
        },
        {
            "fiscalDateEnding": "2016-04-29",
            "totalCurrentAssets": "6448000000",
            "cashAndShortTermInvestments": "5303000000",
            "totalCurrentLiabilities": "3662000000",
            "currentDebt": "849000000",
            "netIncome": "-8000000",
            "capitalExpenditures": "35000000",
            "operatingCashflow": "-166000000",
            "grossProfit": "818000000",
            "totalRevenue": "1380000000",
            "sentiment": 0,
            "surprise": "-0.03",
            "closePrice": "20.7512311759583"
        },
        {
            "fiscalDateEnding": "2016-01-29",
            "totalCurrentAssets": "6064000000",
            "cashAndShortTermInvestments": "598000000",
            "totalCurrentLiabilities": "2476000000",
            "currentDebt": "5000000",
            "netIncome": "153000000",
            "capitalExpenditures": "41000000",
            "operatingCashflow": "153000000",
            "grossProfit": "855000000",
            "totalRevenue": "1386000000",
            "sentiment": 0,
            "surprise": "0.02",
            "closePrice": "19.020449571556"
        },
        {
            "fiscalDateEnding": "2015-10-30",
            "totalCurrentAssets": "6081000000",
            "cashAndShortTermInvestments": "665000000",
            "totalCurrentLiabilities": "2453000000",
            "currentDebt": "7000000",
            "netIncome": "114000000",
            "capitalExpenditures": "46000000",
            "operatingCashflow": "114000000",
            "grossProfit": "884000000",
            "totalRevenue": "1445000000",
            "sentiment": 0,
            "surprise": "0.04",
            "closePrice": "24.8883945878571"
        },
        {
            "fiscalDateEnding": "2015-07-31",
            "totalCurrentAssets": "6119000000",
            "cashAndShortTermInvestments": "395000000",
            "totalCurrentLiabilities": "2480000000",
            "currentDebt": "9000000",
            "netIncome": "-30000000",
            "capitalExpenditures": "38000000",
            "operatingCashflow": "231000000",
            "grossProfit": "816000000",
            "totalRevenue": "1335000000",
            "sentiment": 0,
            "surprise": "0.06",
            "closePrice": "23.7425626761249"
        },
        {
            "fiscalDateEnding": "2015-04-24",
            "totalCurrentAssets": "6773000000",
            "cashAndShortTermInvestments": "596000000",
            "totalCurrentLiabilities": "2709000000",
            "currentDebt": "9500000",
            "netIncome": "135000000",
            "capitalExpenditures": "37200000",
            "operatingCashflow": "803400000",
            "grossProfit": "935000000",
            "totalRevenue": "1540000000",
            "sentiment": 0,
            "surprise": "-0.07",
            "closePrice": "28.0026639192428"
        },
        {
            "fiscalDateEnding": "2015-01-23",
            "totalCurrentAssets": "6554600000",
            "cashAndShortTermInvestments": "671100000",
            "totalCurrentLiabilities": "2491300000",
            "currentDebt": "9400000",
            "netIncome": "177000000",
            "capitalExpenditures": "28600000",
            "operatingCashflow": "176800000",
            "grossProfit": "977000000",
            "totalRevenue": "1551000000",
            "sentiment": 0,
            "surprise": "-0.02",
            "closePrice": "31.3930653677622"
        },
        {
            "fiscalDateEnding": "2014-10-24",
            "totalCurrentAssets": "6489100000",
            "cashAndShortTermInvestments": "5308600000",
            "totalCurrentLiabilities": "2491000000",
            "currentDebt": "9500000",
            "netIncome": "160000000",
            "capitalExpenditures": "51100000",
            "operatingCashflow": "227600000",
            "grossProfit": "983000000",
            "totalRevenue": "1543000000",
            "sentiment": 0,
            "surprise": "0.01",
            "closePrice": "33.2432064097629"
        },
        {
            "fiscalDateEnding": "2014-07-25",
            "totalCurrentAssets": "6748100000",
            "cashAndShortTermInvestments": "5604000000",
            "totalCurrentLiabilities": "2400900000",
            "currentDebt": "7100000",
            "netIncome": "88000000",
            "capitalExpenditures": "58400000",
            "operatingCashflow": "623200000",
            "grossProfit": "938000000",
            "totalRevenue": "1489000000",
            "sentiment": 0,
            "surprise": "0.03",
            "closePrice": "30.7521363910825"
        },
        {
            "fiscalDateEnding": "2014-04-25",
            "totalCurrentAssets": "6471300000",
            "cashAndShortTermInvestments": "681800000",
            "totalCurrentLiabilities": "2694600000",
            "currentDebt": "6600000",
            "netIncome": "197000000",
            "capitalExpenditures": "56000000",
            "operatingCashflow": "197000000",
            "grossProfit": "1042000000",
            "totalRevenue": "1649000000",
            "sentiment": 0,
            "surprise": "0.05",
            "closePrice": "26.8676294380811"
        },
        {
            "fiscalDateEnding": "2014-01-24",
            "totalCurrentAssets": "6229400000",
            "cashAndShortTermInvestments": "5121300000",
            "totalCurrentLiabilities": "2423800000",
            "currentDebt": "None",
            "netIncome": "192100000",
            "capitalExpenditures": "57900000",
            "operatingCashflow": "264000000",
            "grossProfit": "1002300000",
            "totalRevenue": "1610000000",
            "sentiment": 0,
            "surprise": "0.04",
            "closePrice": "33.043550179494"
        },
        {
            "fiscalDateEnding": "2013-10-25",
            "totalCurrentAssets": "6420000000",
            "cashAndShortTermInvestments": "5322300000",
            "totalCurrentLiabilities": "2408700000",
            "currentDebt": "None",
            "netIncome": "166800000",
            "capitalExpenditures": "42200000",
            "operatingCashflow": "234400000",
            "grossProfit": "965200000",
            "totalRevenue": "1549900000",
            "sentiment": 0,
            "surprise": "0.03",
            "closePrice": "31.9176410243891"
        },
        {
            "fiscalDateEnding": "2013-07-26",
            "totalCurrentAssets": "6201600000",
            "cashAndShortTermInvestments": "5137100000",
            "totalCurrentLiabilities": "2330100000",
            "currentDebt": "None",
            "netIncome": "81600000",
            "capitalExpenditures": "65300000",
            "operatingCashflow": "285800000",
            "grossProfit": "909600000",
            "totalRevenue": "1516200000",
            "sentiment": 0,
            "surprise": "0.04",
            "closePrice": "32.6012434955853"
        },
        {
            "fiscalDateEnding": "2013-04-26",
            "totalCurrentAssets": "8418200000",
            "cashAndShortTermInvestments": "7006100000",
            "totalCurrentLiabilities": "3830600000",
            "currentDebt": "1257800000",
            "netIncome": "173800000",
            "capitalExpenditures": "63600000",
            "operatingCashflow": "173800000",
            "grossProfit": "1032200000",
            "totalRevenue": "1716500000",
            "sentiment": 0,
            "surprise": "0.01",
            "closePrice": "28.1022735359038"
        },
        {
            "fiscalDateEnding": "2013-01-25",
            "totalCurrentAssets": "8048600000",
            "cashAndShortTermInvestments": "6723900000",
            "totalCurrentLiabilities": "3621000000",
            "currentDebt": "1243300000",
            "netIncome": "158100000",
            "capitalExpenditures": "110700000",
            "operatingCashflow": "225400000",
            "grossProfit": "964900000",
            "totalRevenue": "1630100000",
            "sentiment": 0,
            "surprise": "0.11",
            "closePrice": "27.4808473397782"
        },
        {
            "fiscalDateEnding": "2012-10-26",
            "totalCurrentAssets": "6887700000",
            "cashAndShortTermInvestments": "5571000000",
            "totalCurrentLiabilities": "3573700000",
            "currentDebt": "1235400000",
            "netIncome": "109600000",
            "capitalExpenditures": "67100000",
            "operatingCashflow": "174600000",
            "grossProfit": "913900000",
            "totalRevenue": "1541200000",
            "sentiment": 0,
            "surprise": "0.03",
            "closePrice": "20.8078807826409"
        },
        {
            "fiscalDateEnding": "2012-07-27",
            "totalCurrentAssets": "6740800000",
            "cashAndShortTermInvestments": "5441100000",
            "totalCurrentLiabilities": "3459900000",
            "currentDebt": "1223700000",
            "netIncome": "63800000",
            "capitalExpenditures": "61900000",
            "operatingCashflow": "229200000",
            "grossProfit": "850100000",
            "totalRevenue": "1444600000",
            "sentiment": 0,
            "surprise": "0.04",
            "closePrice": "24.3568381167861"
        },
        {
            "fiscalDateEnding": "2012-04-27",
            "totalCurrentAssets": "6826500000",
            "cashAndShortTermInvestments": "5461400000",
            "totalCurrentLiabilities": "3519800000",
            "currentDebt": "1211400000",
            "netIncome": "180700000",
            "capitalExpenditures": "124200000",
            "operatingCashflow": "582600000",
            "grossProfit": "995000000",
            "totalRevenue": "1702500000",
            "sentiment": 0,
            "surprise": "0.03",
            "closePrice": "25.209956548998"
        },
        {
            "fiscalDateEnding": "2012-01-27",
            "totalCurrentAssets": "6167700000",
            "cashAndShortTermInvestments": "4866100000",
            "totalCurrentLiabilities": "2157500000",
            "currentDebt": "9300000",
            "netIncome": "119600000",
            "capitalExpenditures": "91300000",
            "operatingCashflow": "269200000",
            "grossProfit": "908500000",
            "totalRevenue": "1565500000",
            "sentiment": 0,
            "surprise": "0",
            "closePrice": "30.5956502487536"
        },
        {
            "fiscalDateEnding": "2011-10-28",
            "totalCurrentAssets": "5830000000",
            "cashAndShortTermInvestments": "4641600000",
            "totalCurrentLiabilities": "2122300000",
            "currentDebt": "8100000",
            "netIncome": "165600000",
            "capitalExpenditures": "93300000",
            "operatingCashflow": "370200000",
            "grossProfit": "913000000",
            "totalRevenue": "1507000000",
            "sentiment": 0,
            "surprise": "0.04",
            "closePrice": "31.2554360866154"
        },
        {
            "fiscalDateEnding": "2011-07-29",
            "totalCurrentAssets": "5837600000",
            "cashAndShortTermInvestments": "4714100000",
            "totalCurrentLiabilities": "3171200000",
            "currentDebt": "1169500000",
            "netIncome": "139500000",
            "capitalExpenditures": "98300000",
            "operatingCashflow": "240600000",
            "grossProfit": "896900000",
            "totalRevenue": "1458200000",
            "sentiment": 0,
            "surprise": "0",
            "closePrice": "31.9612534945605"
        },
        {
            "fiscalDateEnding": "2011-04-29",
            "totalCurrentAssets": "6365200000",
            "cashAndShortTermInvestments": "5174700000",
            "totalCurrentLiabilities": "3372800000",
            "currentDebt": "1155900000",
            "netIncome": "160600000",
            "capitalExpenditures": "72900000",
            "operatingCashflow": "458800000",
            "grossProfit": "928200000",
            "totalRevenue": "1428300000",
            "sentiment": 0,
            "surprise": "0.06",
            "closePrice": "39.6868853402212"
        },
        {
            "fiscalDateEnding": "2011-01-28",
            "totalCurrentAssets": "5598700000",
            "cashAndShortTermInvestments": "4755600000",
            "totalCurrentLiabilities": "1942400000",
            "currentDebt": "5500000",
            "netIncome": "186400000",
            "capitalExpenditures": "66300000",
            "operatingCashflow": "354400000",
            "grossProfit": "846200000",
            "totalRevenue": "1289600000",
            "sentiment": 0,
            "surprise": "0.02",
            "closePrice": "44.9114685446849"
        },
        {
            "fiscalDateEnding": "2010-10-29",
            "totalCurrentAssets": "5131100000",
            "cashAndShortTermInvestments": "4381500000",
            "totalCurrentLiabilities": "1834500000",
            "currentDebt": "4100000",
            "netIncome": "175400000",
            "capitalExpenditures": "43300000",
            "operatingCashflow": "355800000",
            "grossProfit": "816500000",
            "totalRevenue": "1251000000",
            "sentiment": 0,
            "surprise": "0.03",
            "closePrice": "37.7842471101082"
        }
    ]
}