{
    "NTCT": [
        {
            "fiscalDateEnding": "2023-12-31",
            "totalCurrentAssets": "609318000",
            "cashAndShortTermInvestments": "329112000",
            "totalCurrentLiabilities": "382252000",
            "currentDebt": "None",
            "netIncome": "-132577000",
            "capitalExpenditures": "1249000",
            "operatingCashflow": "13964000",
            "grossProfit": "174448000",
            "totalRevenue": "218072000",
            "sentiment": 0.1483417487740561,
            "surprise": "0.36",
            "closePrice": "22.99"
        },
        {
            "fiscalDateEnding": "2023-09-30",
            "totalCurrentAssets": "540521000",
            "cashAndShortTermInvestments": "328596000",
            "totalCurrentLiabilities": "359124000",
            "currentDebt": "None",
            "netIncome": "21462000",
            "capitalExpenditures": "1535000",
            "operatingCashflow": "-26363000",
            "grossProfit": "153750000",
            "totalRevenue": "196802000",
            "sentiment": 0.17313867190277252,
            "surprise": "0.07",
            "closePrice": "27.59"
        },
        {
            "fiscalDateEnding": "2023-06-30",
            "totalCurrentAssets": "549671000",
            "cashAndShortTermInvestments": "384603000",
            "totalCurrentLiabilities": "383186000",
            "currentDebt": "None",
            "netIncome": "-4200000",
            "capitalExpenditures": "1956000",
            "operatingCashflow": "-22368000",
            "grossProfit": "160742000",
            "totalRevenue": "211138000",
            "sentiment": 0.14544396278647073,
            "surprise": "0.01",
            "closePrice": "28.22"
        },
        {
            "fiscalDateEnding": "2023-03-31",
            "totalCurrentAssets": "617360000",
            "cashAndShortTermInvestments": "418998000",
            "totalCurrentLiabilities": "453607000",
            "currentDebt": "None",
            "netIncome": "-3221000",
            "capitalExpenditures": "2106000",
            "operatingCashflow": "112727000",
            "grossProfit": "157152000",
            "totalRevenue": "208093000",
            "sentiment": 0.3693031989506731,
            "surprise": "0.1",
            "closePrice": "28.21"
        },
        {
            "fiscalDateEnding": "2022-12-31",
            "totalCurrentAssets": "681947000",
            "cashAndShortTermInvestments": "409306000",
            "totalCurrentLiabilities": "440009000",
            "currentDebt": "None",
            "netIncome": "52618000",
            "capitalExpenditures": "3166000",
            "operatingCashflow": "46312000",
            "grossProfit": "212742000",
            "totalRevenue": "269544000",
            "sentiment": 0.2726146947395874,
            "surprise": "0.32",
            "closePrice": "36.06"
        },
        {
            "fiscalDateEnding": "2022-09-30",
            "totalCurrentAssets": "588389000",
            "cashAndShortTermInvestments": "367131000",
            "totalCurrentLiabilities": "402196000",
            "currentDebt": "None",
            "netIncome": "17383000",
            "capitalExpenditures": "3014000",
            "operatingCashflow": "10132000",
            "grossProfit": "170440000",
            "totalRevenue": "228081000",
            "sentiment": 0.3414327195454905,
            "surprise": "0.08",
            "closePrice": "34.76"
        },
        {
            "fiscalDateEnding": "2022-06-30",
            "totalCurrentAssets": "563395000",
            "cashAndShortTermInvestments": "374646000",
            "totalCurrentLiabilities": "415194000",
            "currentDebt": "None",
            "netIncome": "-7132000",
            "capitalExpenditures": "2362000",
            "operatingCashflow": "-12521000",
            "grossProfit": "151098000",
            "totalRevenue": "208812000",
            "sentiment": 0.03138750993606695,
            "surprise": "0.02",
            "closePrice": "34.47"
        },
        {
            "fiscalDateEnding": "2022-03-31",
            "totalCurrentAssets": "921939000",
            "cashAndShortTermInvestments": "703198000",
            "totalCurrentLiabilities": "476160000",
            "currentDebt": "None",
            "netIncome": "-8406000",
            "capitalExpenditures": "3396000",
            "operatingCashflow": "155626000",
            "grossProfit": "143529000",
            "totalRevenue": "191191000",
            "sentiment": 0.053946793049975406,
            "surprise": "0.08",
            "closePrice": "31.19"
        },
        {
            "fiscalDateEnding": "2021-12-31",
            "totalCurrentAssets": "839588000",
            "cashAndShortTermInvestments": "553454000",
            "totalCurrentLiabilities": "431226000",
            "currentDebt": "None",
            "netIncome": "47725000",
            "capitalExpenditures": "2703000",
            "operatingCashflow": "93048000",
            "grossProfit": "201724000",
            "totalRevenue": "262194000",
            "sentiment": 0,
            "surprise": "0.27",
            "closePrice": "31.4"
        },
        {
            "fiscalDateEnding": "2021-09-30",
            "totalCurrentAssets": "701588000",
            "cashAndShortTermInvestments": "475817000",
            "totalCurrentLiabilities": "370787000",
            "currentDebt": "None",
            "netIncome": "7896000",
            "capitalExpenditures": "1723000",
            "operatingCashflow": "23283000",
            "grossProfit": "160274000",
            "totalRevenue": "211918000",
            "sentiment": 0,
            "surprise": "0.09",
            "closePrice": "33.12"
        },
        {
            "fiscalDateEnding": "2021-06-30",
            "totalCurrentAssets": "696256000",
            "cashAndShortTermInvestments": "493905000",
            "totalCurrentLiabilities": "367565000",
            "currentDebt": "None",
            "netIncome": "-11341000",
            "capitalExpenditures": "2578000",
            "operatingCashflow": "24056000",
            "grossProfit": "135862000",
            "totalRevenue": "190272000",
            "sentiment": 0,
            "surprise": "0",
            "closePrice": "29.07"
        },
        {
            "fiscalDateEnding": "2021-03-31",
            "totalCurrentAssets": "722472000",
            "cashAndShortTermInvestments": "476453000",
            "totalCurrentLiabilities": "411275000",
            "currentDebt": "None",
            "netIncome": "11437000",
            "capitalExpenditures": "2876000",
            "operatingCashflow": "92018000",
            "grossProfit": "158447000",
            "totalRevenue": "213389000",
            "sentiment": 0,
            "surprise": "0",
            "closePrice": "26.23"
        },
        {
            "fiscalDateEnding": "2020-12-31",
            "totalCurrentAssets": "762614000",
            "cashAndShortTermInvestments": "490444000",
            "totalCurrentLiabilities": "396219000",
            "currentDebt": "None",
            "netIncome": "29021000",
            "capitalExpenditures": "3341000",
            "operatingCashflow": "65257000",
            "grossProfit": "173464000",
            "totalRevenue": "228739000",
            "sentiment": 0,
            "surprise": "0.14",
            "closePrice": "30.17"
        },
        {
            "fiscalDateEnding": "2020-09-30",
            "totalCurrentAssets": "669408000",
            "cashAndShortTermInvestments": "427846000",
            "totalCurrentLiabilities": "362207000",
            "currentDebt": "None",
            "netIncome": "-3686000",
            "capitalExpenditures": "3464000",
            "operatingCashflow": "11715000",
            "grossProfit": "146439000",
            "totalRevenue": "205339000",
            "sentiment": 0,
            "surprise": "0.1",
            "closePrice": "21.29"
        },
        {
            "fiscalDateEnding": "2020-06-30",
            "totalCurrentAssets": "630775000",
            "cashAndShortTermInvestments": "426508000",
            "totalCurrentLiabilities": "357492000",
            "currentDebt": "None",
            "netIncome": "-17420000",
            "capitalExpenditures": "6842000",
            "operatingCashflow": "44931000",
            "grossProfit": "130835000",
            "totalRevenue": "183815000",
            "sentiment": 0,
            "surprise": "0.05",
            "closePrice": "25.53"
        },
        {
            "fiscalDateEnding": "2020-03-31",
            "totalCurrentAssets": "659743000",
            "cashAndShortTermInvestments": "386458000",
            "totalCurrentLiabilities": "398997000",
            "currentDebt": "10337000",
            "netIncome": "7336000",
            "capitalExpenditures": "4715000",
            "operatingCashflow": "107233000",
            "grossProfit": "166619000",
            "totalRevenue": "229351000",
            "sentiment": 0,
            "surprise": "0.03",
            "closePrice": "26.3"
        },
        {
            "fiscalDateEnding": "2019-12-31",
            "totalCurrentAssets": "654049000",
            "cashAndShortTermInvestments": "343934000",
            "totalCurrentLiabilities": "384104000",
            "currentDebt": "11091000",
            "netIncome": "36725000",
            "capitalExpenditures": "6151000",
            "operatingCashflow": "69334000",
            "grossProfit": "194439000",
            "totalRevenue": "260024000",
            "sentiment": 0,
            "surprise": "0.15",
            "closePrice": "26.92"
        },
        {
            "fiscalDateEnding": "2019-09-30",
            "totalCurrentAssets": "572994000",
            "cashAndShortTermInvestments": "300193000",
            "totalCurrentLiabilities": "350559000",
            "currentDebt": "10533000",
            "netIncome": "-17472000",
            "capitalExpenditures": "5769000",
            "operatingCashflow": "-1002000",
            "grossProfit": "157289000",
            "totalRevenue": "216421000",
            "sentiment": 0,
            "surprise": "0.03",
            "closePrice": "24.22"
        },
        {
            "fiscalDateEnding": "2019-06-30",
            "totalCurrentAssets": "675850000",
            "cashAndShortTermInvestments": "438075000",
            "totalCurrentLiabilities": "349583000",
            "currentDebt": "11066000",
            "netIncome": "-29343000",
            "capitalExpenditures": "3287000",
            "operatingCashflow": "49458000",
            "grossProfit": "131281000",
            "totalRevenue": "186024000",
            "sentiment": 0,
            "surprise": "0",
            "closePrice": "23.71"
        },
        {
            "fiscalDateEnding": "2019-03-31",
            "totalCurrentAssets": "801222000",
            "cashAndShortTermInvestments": "485976000",
            "totalCurrentLiabilities": "379936000",
            "currentDebt": "None",
            "netIncome": "19211000",
            "capitalExpenditures": "3932000",
            "operatingCashflow": "80324000",
            "grossProfit": "176466000",
            "totalRevenue": "235002000",
            "sentiment": 0,
            "surprise": "0.05",
            "closePrice": "29.18"
        },
        {
            "fiscalDateEnding": "2018-12-31",
            "totalCurrentAssets": "802233000",
            "cashAndShortTermInvestments": "474807000",
            "totalCurrentLiabilities": "386365000",
            "currentDebt": "None",
            "netIncome": "-3603000",
            "capitalExpenditures": "7387000",
            "operatingCashflow": "36808000",
            "grossProfit": "176424000",
            "totalRevenue": "246008000",
            "sentiment": 0,
            "surprise": "0.05",
            "closePrice": "25.19"
        },
        {
            "fiscalDateEnding": "2018-09-30",
            "totalCurrentAssets": "719831000",
            "cashAndShortTermInvestments": "452118000",
            "totalCurrentLiabilities": "339032000",
            "currentDebt": "None",
            "netIncome": "-26428000",
            "capitalExpenditures": "5739000",
            "operatingCashflow": "7186000",
            "grossProfit": "159817000",
            "totalRevenue": "223797000",
            "sentiment": 0,
            "surprise": "0.11",
            "closePrice": "28.64"
        },
        {
            "fiscalDateEnding": "2018-06-30",
            "totalCurrentAssets": "718074000",
            "cashAndShortTermInvestments": "459053000",
            "totalCurrentLiabilities": "359825000",
            "currentDebt": "None",
            "netIncome": "-62504000",
            "capitalExpenditures": "6468000",
            "operatingCashflow": "25520000",
            "grossProfit": "143084000",
            "totalRevenue": "205111000",
            "sentiment": 0,
            "surprise": "0.02",
            "closePrice": "27.8"
        },
        {
            "fiscalDateEnding": "2018-03-31",
            "totalCurrentAssets": "752408000",
            "cashAndShortTermInvestments": "447762000",
            "totalCurrentLiabilities": "413300000",
            "currentDebt": "None",
            "netIncome": "16817000",
            "capitalExpenditures": "3601000",
            "operatingCashflow": "73536000",
            "grossProfit": "168633000",
            "totalRevenue": "235224000",
            "sentiment": 0,
            "surprise": "0.01",
            "closePrice": "26.325"
        },
        {
            "fiscalDateEnding": "2017-12-31",
            "totalCurrentAssets": "713507000",
            "cashAndShortTermInvestments": "379807000",
            "totalCurrentLiabilities": "419325000",
            "currentDebt": "None",
            "netIncome": "89685000",
            "capitalExpenditures": "4824000",
            "operatingCashflow": "76857000",
            "grossProfit": "204435000",
            "totalRevenue": "268944000",
            "sentiment": 0,
            "surprise": "0.02",
            "closePrice": "28.3"
        },
        {
            "fiscalDateEnding": "2017-09-30",
            "totalCurrentAssets": "636876000",
            "cashAndShortTermInvestments": "307087000",
            "totalCurrentLiabilities": "397692000",
            "currentDebt": "None",
            "netIncome": "-2468000",
            "capitalExpenditures": "4827000",
            "operatingCashflow": "19426000",
            "grossProfit": "182620000",
            "totalRevenue": "256863000",
            "sentiment": 0,
            "surprise": "0.03",
            "closePrice": "29.45"
        },
        {
            "fiscalDateEnding": "2017-06-30",
            "totalCurrentAssets": "704898000",
            "cashAndShortTermInvestments": "400455000",
            "totalCurrentLiabilities": "402247000",
            "currentDebt": "None",
            "netIncome": "-24222000",
            "capitalExpenditures": "3342000",
            "operatingCashflow": "52635000",
            "grossProfit": "159194000",
            "totalRevenue": "225756000",
            "sentiment": 0,
            "surprise": "0",
            "closePrice": "34.7"
        },
        {
            "fiscalDateEnding": "2017-03-31",
            "totalCurrentAssets": "854466000",
            "cashAndShortTermInvestments": "442772000",
            "totalCurrentLiabilities": "460187000",
            "currentDebt": "None",
            "netIncome": "22310000",
            "capitalExpenditures": "8081000",
            "operatingCashflow": "-75660000",
            "grossProfit": "226003000",
            "totalRevenue": "318920000",
            "sentiment": 0,
            "surprise": "0.03",
            "closePrice": "32.53"
        },
        {
            "fiscalDateEnding": "2016-12-31",
            "totalCurrentAssets": "745630000",
            "cashAndShortTermInvestments": "359703000",
            "totalCurrentLiabilities": "453021000",
            "currentDebt": "None",
            "netIncome": "21245000",
            "capitalExpenditures": "6068000",
            "operatingCashflow": "21245000",
            "grossProfit": "220514000",
            "totalRevenue": "302192000",
            "sentiment": 0,
            "surprise": "0.04",
            "closePrice": "33.3"
        },
        {
            "fiscalDateEnding": "2016-09-30",
            "totalCurrentAssets": "665058000",
            "cashAndShortTermInvestments": "294720000",
            "totalCurrentLiabilities": "422578000",
            "currentDebt": "None",
            "netIncome": "-1266000",
            "capitalExpenditures": "8471000",
            "operatingCashflow": "-1266000",
            "grossProfit": "187538000",
            "totalRevenue": "272048000",
            "sentiment": 0,
            "surprise": "0.04",
            "closePrice": "27.3"
        },
        {
            "fiscalDateEnding": "2016-06-30",
            "totalCurrentAssets": "668939000",
            "cashAndShortTermInvestments": "319613000",
            "totalCurrentLiabilities": "424580000",
            "currentDebt": "None",
            "netIncome": "-8998000",
            "capitalExpenditures": "9528000",
            "operatingCashflow": "85952000",
            "grossProfit": "181918000",
            "totalRevenue": "268952000",
            "sentiment": 0,
            "surprise": "0.03",
            "closePrice": "27.47"
        },
        {
            "fiscalDateEnding": "2016-03-31",
            "totalCurrentAssets": "740478000",
            "cashAndShortTermInvestments": "338714000",
            "totalCurrentLiabilities": "457056000",
            "currentDebt": "None",
            "netIncome": "-3616000",
            "capitalExpenditures": "15061000",
            "operatingCashflow": "-2811000",
            "grossProfit": "185036000",
            "totalRevenue": "285887000",
            "sentiment": 0,
            "surprise": "0.02",
            "closePrice": "22.82"
        },
        {
            "fiscalDateEnding": "2015-12-31",
            "totalCurrentAssets": "753872000",
            "cashAndShortTermInvestments": "358272000",
            "totalCurrentLiabilities": "433127000",
            "currentDebt": "None",
            "netIncome": "-24507000",
            "capitalExpenditures": "6044000",
            "operatingCashflow": "-24507000",
            "grossProfit": "201564000",
            "totalRevenue": "307679000",
            "sentiment": 0,
            "surprise": "0.18",
            "closePrice": "22.09"
        },
        {
            "fiscalDateEnding": "2015-09-30",
            "totalCurrentAssets": "697543000",
            "cashAndShortTermInvestments": "318677000",
            "totalCurrentLiabilities": "374224000",
            "currentDebt": "None",
            "netIncome": "-7915000",
            "capitalExpenditures": "5762000",
            "operatingCashflow": "-7915000",
            "grossProfit": "160923000",
            "totalRevenue": "261110000",
            "sentiment": 0,
            "surprise": "0.17",
            "closePrice": "37.94"
        },
        {
            "fiscalDateEnding": "2015-06-30",
            "totalCurrentAssets": "307893000",
            "cashAndShortTermInvestments": "207209000",
            "totalCurrentLiabilities": "148818000",
            "currentDebt": "None",
            "netIncome": "7669000",
            "capitalExpenditures": "3503000",
            "operatingCashflow": "18294000",
            "grossProfit": "79447000",
            "totalRevenue": "100743000",
            "sentiment": 0,
            "surprise": "0.01",
            "closePrice": "39.49"
        },
        {
            "fiscalDateEnding": "2015-03-31",
            "totalCurrentAssets": "337284000",
            "cashAndShortTermInvestments": "206285000",
            "totalCurrentLiabilities": "187633000",
            "currentDebt": "None",
            "netIncome": "20854000",
            "capitalExpenditures": "4221000",
            "operatingCashflow": "95997000",
            "grossProfit": "95997000",
            "totalRevenue": "119385000",
            "sentiment": 0,
            "surprise": "0.13",
            "closePrice": "41.1"
        },
        {
            "fiscalDateEnding": "2014-12-31",
            "totalCurrentAssets": "315244000",
            "cashAndShortTermInvestments": "194671000",
            "totalCurrentLiabilities": "168917000",
            "currentDebt": "None",
            "netIncome": "17629000",
            "capitalExpenditures": "4653000",
            "operatingCashflow": "17629000",
            "grossProfit": "95851000",
            "totalRevenue": "122833000",
            "sentiment": 0,
            "surprise": "0.09",
            "closePrice": "34.9"
        },
        {
            "fiscalDateEnding": "2014-09-30",
            "totalCurrentAssets": "264226000",
            "cashAndShortTermInvestments": "169769000",
            "totalCurrentLiabilities": "145455000",
            "currentDebt": "None",
            "netIncome": "11233000",
            "capitalExpenditures": "2172000",
            "operatingCashflow": "11233000",
            "grossProfit": "82004000",
            "totalRevenue": "103599000",
            "sentiment": 0,
            "surprise": "0.06",
            "closePrice": "31.9"
        },
        {
            "fiscalDateEnding": "2014-06-30",
            "totalCurrentAssets": "246794000",
            "cashAndShortTermInvestments": "177864000",
            "totalCurrentLiabilities": "141690000",
            "currentDebt": "None",
            "netIncome": "11476000",
            "capitalExpenditures": "1936000",
            "operatingCashflow": "28200000",
            "grossProfit": "85256000",
            "totalRevenue": "107852000",
            "sentiment": 0,
            "surprise": "0.09",
            "closePrice": "43.2"
        },
        {
            "fiscalDateEnding": "2014-03-31",
            "totalCurrentAssets": "278762000",
            "cashAndShortTermInvestments": "177310000",
            "totalCurrentLiabilities": "162964000",
            "currentDebt": "None",
            "netIncome": "16676000",
            "capitalExpenditures": "4730000",
            "operatingCashflow": "88032000",
            "grossProfit": "88032000",
            "totalRevenue": "112317000",
            "sentiment": 0,
            "surprise": "0.03",
            "closePrice": "38.7"
        },
        {
            "fiscalDateEnding": "2013-12-31",
            "totalCurrentAssets": "248601000",
            "cashAndShortTermInvestments": "144991000",
            "totalCurrentLiabilities": "150791000",
            "currentDebt": "None",
            "netIncome": "17294000",
            "capitalExpenditures": "2914000",
            "operatingCashflow": "17294000",
            "grossProfit": "86826000",
            "totalRevenue": "110428000",
            "sentiment": 0,
            "surprise": "0.08",
            "closePrice": "36.48"
        },
        {
            "fiscalDateEnding": "2013-09-30",
            "totalCurrentAssets": "223057000",
            "cashAndShortTermInvestments": "137011000",
            "totalCurrentLiabilities": "128096000",
            "currentDebt": "None",
            "netIncome": "9883000",
            "capitalExpenditures": "4128000",
            "operatingCashflow": "9883000",
            "grossProfit": "72393000",
            "totalRevenue": "92097000",
            "sentiment": 0,
            "surprise": "0.05",
            "closePrice": "28.48"
        },
        {
            "fiscalDateEnding": "2013-06-30",
            "totalCurrentAssets": "229241000",
            "cashAndShortTermInvestments": "149060000",
            "totalCurrentLiabilities": "132682000",
            "currentDebt": "None",
            "netIncome": "5253000",
            "capitalExpenditures": "2380000",
            "operatingCashflow": "18613000",
            "grossProfit": "64883000",
            "totalRevenue": "81805000",
            "sentiment": 0,
            "surprise": "0.04",
            "closePrice": "27.46"
        },
        {
            "fiscalDateEnding": "2013-03-31",
            "totalCurrentAssets": "237312000",
            "cashAndShortTermInvestments": "137268000",
            "totalCurrentLiabilities": "145171000",
            "currentDebt": "None",
            "netIncome": "14553000",
            "capitalExpenditures": "3636000",
            "operatingCashflow": "77037000",
            "grossProfit": "77037000",
            "totalRevenue": "98077000",
            "sentiment": 0,
            "surprise": "0.02",
            "closePrice": "23.61"
        },
        {
            "fiscalDateEnding": "2012-12-31",
            "totalCurrentAssets": "219541000",
            "cashAndShortTermInvestments": "126160000",
            "totalCurrentLiabilities": "140362000",
            "currentDebt": "None",
            "netIncome": "11138000",
            "capitalExpenditures": "3640000",
            "operatingCashflow": "11138000",
            "grossProfit": "72403000",
            "totalRevenue": "91567000",
            "sentiment": 0,
            "surprise": "0.01",
            "closePrice": "25.65"
        },
        {
            "fiscalDateEnding": "2012-09-30",
            "totalCurrentAssets": "286283000",
            "cashAndShortTermInvestments": "229990000",
            "totalCurrentLiabilities": "120011000",
            "currentDebt": "None",
            "netIncome": "9910000",
            "capitalExpenditures": "1951000",
            "operatingCashflow": "20366000",
            "grossProfit": "67604000",
            "totalRevenue": "84545000",
            "sentiment": 0,
            "surprise": "0.08",
            "closePrice": "24.21"
        },
        {
            "fiscalDateEnding": "2012-06-30",
            "totalCurrentAssets": "270708000",
            "cashAndShortTermInvestments": "209542000",
            "totalCurrentLiabilities": "125558000",
            "currentDebt": "None",
            "netIncome": "5008000",
            "capitalExpenditures": "2721000",
            "operatingCashflow": "36124000",
            "grossProfit": "59498000",
            "totalRevenue": "76361000",
            "sentiment": 0,
            "surprise": "0.01",
            "closePrice": "21.93"
        },
        {
            "fiscalDateEnding": "2012-03-31",
            "totalCurrentAssets": "289687000",
            "cashAndShortTermInvestments": "196872000",
            "totalCurrentLiabilities": "134091000",
            "currentDebt": "None",
            "netIncome": "12947000",
            "capitalExpenditures": "3436000",
            "operatingCashflow": "24424000",
            "grossProfit": "70502000",
            "totalRevenue": "89462000",
            "sentiment": 0,
            "surprise": "0.01",
            "closePrice": "20.48"
        },
        {
            "fiscalDateEnding": "2011-12-31",
            "totalCurrentAssets": "236665000",
            "cashAndShortTermInvestments": "163929000",
            "totalCurrentLiabilities": "120096000",
            "currentDebt": "None",
            "netIncome": "10031000",
            "capitalExpenditures": "2060000",
            "operatingCashflow": "25955000",
            "grossProfit": "66058000",
            "totalRevenue": "83297000",
            "sentiment": 0,
            "surprise": "0.02",
            "closePrice": "19.92"
        },
        {
            "fiscalDateEnding": "2011-09-30",
            "totalCurrentAssets": "242709000",
            "cashAndShortTermInvestments": "172379000",
            "totalCurrentLiabilities": "122406000",
            "currentDebt": "15000000",
            "netIncome": "7051000",
            "capitalExpenditures": "2085000",
            "operatingCashflow": "13173000",
            "grossProfit": "57047000",
            "totalRevenue": "72624000",
            "sentiment": 0,
            "surprise": "0.02",
            "closePrice": "15.87"
        },
        {
            "fiscalDateEnding": "2011-06-30",
            "totalCurrentAssets": "246264000",
            "cashAndShortTermInvestments": "181792000",
            "totalCurrentLiabilities": "118175000",
            "currentDebt": "15000000",
            "netIncome": "2399000",
            "capitalExpenditures": "3707000",
            "operatingCashflow": "4755000",
            "grossProfit": "49400000",
            "totalRevenue": "63296000",
            "sentiment": 0,
            "surprise": "0.01",
            "closePrice": "15.5"
        }
    ]
}