{
    "NTNX": [
        {
            "fiscalDateEnding": "2024-01-31",
            "totalCurrentAssets": "2080437000",
            "cashAndShortTermInvestments": "1643960000",
            "totalCurrentLiabilities": "1162822000",
            "currentDebt": "3755000",
            "netIncome": "32795000",
            "capitalExpenditures": "23764000",
            "operatingCashflow": "186408000",
            "grossProfit": "483677000",
            "totalRevenue": "565233000",
            "sentiment": 0.29645869785479706,
            "surprise": "0.17",
            "closePrice": "59.04"
        },
        {
            "fiscalDateEnding": "2023-10-31",
            "totalCurrentAssets": "1917947000",
            "cashAndShortTermInvestments": "1571116000",
            "totalCurrentLiabilities": "1099571000",
            "currentDebt": "3557000",
            "netIncome": "-15853000",
            "capitalExpenditures": "13020000",
            "operatingCashflow": "145473000",
            "grossProfit": "429095000",
            "totalRevenue": "511054000",
            "sentiment": 0.3204695540241982,
            "surprise": "0.12",
            "closePrice": "41.56"
        },
        {
            "fiscalDateEnding": "2023-07-31",
            "totalCurrentAssets": "1861734000",
            "cashAndShortTermInvestments": "1437395000",
            "totalCurrentLiabilities": "1136108000",
            "currentDebt": "3518000",
            "netIncome": "-13287000",
            "capitalExpenditures": "12801000",
            "operatingCashflow": "58309000",
            "grossProfit": "413752000",
            "totalRevenue": "495810000",
            "sentiment": 0.20360796680192111,
            "surprise": "0.08",
            "closePrice": "31.1"
        },
        {
            "fiscalDateEnding": "2023-04-30",
            "totalCurrentAssets": "1728908000",
            "cashAndShortTermInvestments": "1358488000",
            "totalCurrentLiabilities": "1132850000",
            "currentDebt": "3345000",
            "netIncome": "-70969000",
            "capitalExpenditures": "21831000",
            "operatingCashflow": "74497000",
            "grossProfit": "366152000",
            "totalRevenue": "448581000",
            "sentiment": 0.11221269749256349,
            "surprise": "0.01",
            "closePrice": "25.41"
        },
        {
            "fiscalDateEnding": "2023-01-31",
            "totalCurrentAssets": "1691748000",
            "cashAndShortTermInvestments": "1311364000",
            "totalCurrentLiabilities": "1112267000",
            "currentDebt": "2525000",
            "netIncome": "-70790000",
            "capitalExpenditures": "11070000",
            "operatingCashflow": "74084000",
            "grossProfit": "399690000",
            "totalRevenue": "486495000",
            "sentiment": 0.13328365989248148,
            "surprise": "0.0043",
            "closePrice": "28.77"
        },
        {
            "fiscalDateEnding": "2022-10-31",
            "totalCurrentAssets": "1672095000",
            "cashAndShortTermInvestments": "1388058000",
            "totalCurrentLiabilities": "1147799000",
            "currentDebt": "148295000",
            "netIncome": "-99514000",
            "capitalExpenditures": "19702000",
            "operatingCashflow": "65513000",
            "grossProfit": "351114000",
            "totalRevenue": "433609000",
            "sentiment": 0.27924944975848,
            "surprise": "0.15",
            "closePrice": "28.26"
        },
        {
            "fiscalDateEnding": "2022-07-31",
            "totalCurrentAssets": "1657981000",
            "cashAndShortTermInvestments": "1324279000",
            "totalCurrentLiabilities": "1160560000",
            "currentDebt": "148141000",
            "netIncome": "99480000",
            "capitalExpenditures": "14779000",
            "operatingCashflow": "-65547000",
            "grossProfit": "-351131000",
            "totalRevenue": "382340000",
            "sentiment": -0.1520581007298859,
            "surprise": "0.21",
            "closePrice": "17.3"
        },
        {
            "fiscalDateEnding": "2022-04-30",
            "totalCurrentAssets": "1676379000",
            "cashAndShortTermInvestments": "1300622000",
            "totalCurrentLiabilities": "1135915000",
            "currentDebt": "147988000",
            "netIncome": "-111987000",
            "capitalExpenditures": "16889000",
            "operatingCashflow": "-3167000",
            "grossProfit": "323809000",
            "totalRevenue": "403658000",
            "sentiment": 0.04659832193034769,
            "surprise": "0.17",
            "closePrice": "21.42"
        },
        {
            "fiscalDateEnding": "2022-01-31",
            "totalCurrentAssets": "1621724000",
            "cashAndShortTermInvestments": "1291775000",
            "totalCurrentLiabilities": "1127026000",
            "currentDebt": "147705000",
            "netIncome": "-115416000",
            "capitalExpenditures": "8546000",
            "operatingCashflow": "25767000",
            "grossProfit": "333112000",
            "totalRevenue": "413081000",
            "sentiment": 0,
            "surprise": "0.16",
            "closePrice": "27.26"
        },
        {
            "fiscalDateEnding": "2021-10-31",
            "totalCurrentAssets": "1552395000",
            "cashAndShortTermInvestments": "1276101000",
            "totalCurrentLiabilities": "904787000",
            "currentDebt": "1775000",
            "netIncome": "-420206000",
            "capitalExpenditures": "8844000",
            "operatingCashflow": "6939000",
            "grossProfit": "297071000",
            "totalRevenue": "313607000",
            "sentiment": 0,
            "surprise": "0.12",
            "closePrice": "32.58"
        },
        {
            "fiscalDateEnding": "2021-07-31",
            "totalCurrentAssets": "1562261000",
            "cashAndShortTermInvestments": "1213729000",
            "totalCurrentLiabilities": "927888000",
            "currentDebt": "1772000",
            "netIncome": "-359511000",
            "capitalExpenditures": "17536000",
            "operatingCashflow": "-24630000",
            "grossProfit": "312201000",
            "totalRevenue": "381820000",
            "sentiment": 0,
            "surprise": "0.16",
            "closePrice": "36.95"
        },
        {
            "fiscalDateEnding": "2021-04-30",
            "totalCurrentAssets": "1566583000",
            "cashAndShortTermInvestments": "1254821000",
            "totalCurrentLiabilities": "861094000",
            "currentDebt": "1202000",
            "netIncome": "-123640000",
            "capitalExpenditures": "15943000",
            "operatingCashflow": "-55550000",
            "grossProfit": "270034000",
            "totalRevenue": "344508000",
            "sentiment": 0,
            "surprise": "0.08",
            "closePrice": "31.62"
        },
        {
            "fiscalDateEnding": "2021-01-31",
            "totalCurrentAssets": "1615726000",
            "cashAndShortTermInvestments": "1288839000",
            "totalCurrentLiabilities": "849576000",
            "currentDebt": "None",
            "netIncome": "-287390000",
            "capitalExpenditures": "12916000",
            "operatingCashflow": "-15557000",
            "grossProfit": "275428000",
            "totalRevenue": "346382000",
            "sentiment": 0,
            "surprise": "0.11",
            "closePrice": "32.82"
        },
        {
            "fiscalDateEnding": "2020-10-31",
            "totalCurrentAssets": "1634121000",
            "cashAndShortTermInvestments": "1318085000",
            "totalCurrentLiabilities": "779578000",
            "currentDebt": "None",
            "netIncome": "-265048000",
            "capitalExpenditures": "12252000",
            "operatingCashflow": "-4073000",
            "grossProfit": "244795000",
            "totalRevenue": "312754000",
            "sentiment": 0,
            "surprise": "0.13",
            "closePrice": "28.47"
        },
        {
            "fiscalDateEnding": "2020-07-31",
            "totalCurrentAssets": "1094020000",
            "cashAndShortTermInvestments": "719778000",
            "totalCurrentLiabilities": "760203000",
            "currentDebt": "None",
            "netIncome": "-185348000",
            "capitalExpenditures": "17415000",
            "operatingCashflow": "3630000",
            "grossProfit": "260903000",
            "totalRevenue": "327874000",
            "sentiment": 0,
            "surprise": "0.28",
            "closePrice": "21.7"
        },
        {
            "fiscalDateEnding": "2020-04-30",
            "totalCurrentAssets": "1095193000",
            "cashAndShortTermInvestments": "732137000",
            "totalCurrentLiabilities": "713384000",
            "currentDebt": "34371000",
            "netIncome": "-240671000",
            "capitalExpenditures": "32622000",
            "operatingCashflow": "-84861000",
            "grossProfit": "245979000",
            "totalRevenue": "318273000",
            "sentiment": 0,
            "surprise": "0.17",
            "closePrice": "24.91"
        },
        {
            "fiscalDateEnding": "2020-01-31",
            "totalCurrentAssets": "1191634000",
            "cashAndShortTermInvestments": "819000000",
            "totalCurrentLiabilities": "724653000",
            "currentDebt": "31668000",
            "netIncome": "-217564000",
            "capitalExpenditures": "21248000",
            "operatingCashflow": "-52491000",
            "grossProfit": "271544000",
            "totalRevenue": "346767000",
            "sentiment": 0,
            "surprise": "0.09",
            "closePrice": "32.63"
        },
        {
            "fiscalDateEnding": "2019-10-31",
            "totalCurrentAssets": "1217907000",
            "cashAndShortTermInvestments": "889404000",
            "totalCurrentLiabilities": "655230000",
            "currentDebt": "29968000",
            "netIncome": "-229300000",
            "capitalExpenditures": "18203000",
            "operatingCashflow": "-26163000",
            "grossProfit": "242567000",
            "totalRevenue": "314768000",
            "sentiment": 0,
            "surprise": "0.04",
            "closePrice": "28.75"
        },
        {
            "fiscalDateEnding": "2019-07-31",
            "totalCurrentAssets": "1275212000",
            "cashAndShortTermInvestments": "908834000",
            "totalCurrentLiabilities": "599315000",
            "currentDebt": "None",
            "netIncome": "-194338000",
            "capitalExpenditures": "23637000",
            "operatingCashflow": "-9656000",
            "grossProfit": "230913000",
            "totalRevenue": "299876000",
            "sentiment": 0,
            "surprise": "0.07",
            "closePrice": "19.6"
        },
        {
            "fiscalDateEnding": "2019-04-30",
            "totalCurrentAssets": "1299250000",
            "cashAndShortTermInvestments": "940752000",
            "totalCurrentLiabilities": "539080000",
            "currentDebt": "None",
            "netIncome": "-209813000",
            "capitalExpenditures": "22432000",
            "operatingCashflow": "-36490000",
            "grossProfit": "212547000",
            "totalRevenue": "287624000",
            "sentiment": 0,
            "surprise": "0.04",
            "closePrice": "32.67"
        },
        {
            "fiscalDateEnding": "2019-01-31",
            "totalCurrentAssets": "1299915000",
            "cashAndShortTermInvestments": "965925000",
            "totalCurrentLiabilities": "509353000",
            "currentDebt": "None",
            "netIncome": "-122763000",
            "capitalExpenditures": "42551000",
            "operatingCashflow": "38490000",
            "grossProfit": "249378000",
            "totalRevenue": "335360000",
            "sentiment": 0,
            "surprise": "0.02",
            "closePrice": "50.09"
        },
        {
            "fiscalDateEnding": "2018-10-31",
            "totalCurrentAssets": "1277020000",
            "cashAndShortTermInvestments": "964975000",
            "totalCurrentLiabilities": "470930000",
            "currentDebt": "None",
            "netIncome": "-94265000",
            "capitalExpenditures": "29832000",
            "operatingCashflow": "49824000",
            "grossProfit": "239177000",
            "totalRevenue": "313283000",
            "sentiment": 0,
            "surprise": "0.14",
            "closePrice": "40.97"
        },
        {
            "fiscalDateEnding": "2018-07-31",
            "totalCurrentAssets": "1263101000",
            "cashAndShortTermInvestments": "934303000",
            "totalCurrentLiabilities": "458231000",
            "currentDebt": "None",
            "netIncome": "-87369000",
            "capitalExpenditures": "16283000",
            "operatingCashflow": "22736000",
            "grossProfit": "230483000",
            "totalRevenue": "303748000",
            "sentiment": 0,
            "surprise": "0.1",
            "closePrice": "60.82"
        },
        {
            "fiscalDateEnding": "2018-04-30",
            "totalCurrentAssets": "1184676000",
            "cashAndShortTermInvestments": "923464000",
            "totalCurrentLiabilities": "388041000",
            "currentDebt": "None",
            "netIncome": "-85674000",
            "capitalExpenditures": "14096000",
            "operatingCashflow": "13292000",
            "grossProfit": "193798000",
            "totalRevenue": "289413000",
            "sentiment": 0,
            "surprise": "-0.02",
            "closePrice": "55.36"
        },
        {
            "fiscalDateEnding": "2018-01-31",
            "totalCurrentAssets": "1162551000",
            "cashAndShortTermInvestments": "918255000",
            "totalCurrentLiabilities": "374552000",
            "currentDebt": "None",
            "netIncome": "-62631000",
            "capitalExpenditures": "14028000",
            "operatingCashflow": "46414000",
            "grossProfit": "178216000",
            "totalRevenue": "286744000",
            "sentiment": 0,
            "surprise": "0.06",
            "closePrice": "36.2"
        },
        {
            "fiscalDateEnding": "2017-10-31",
            "totalCurrentAssets": "592901000",
            "cashAndShortTermInvestments": "365945000",
            "totalCurrentLiabilities": "318953000",
            "currentDebt": "None",
            "netIncome": "-61487000",
            "capitalExpenditures": "17965000",
            "operatingCashflow": "10098000",
            "grossProfit": "166930000",
            "totalRevenue": "275552000",
            "sentiment": 0,
            "surprise": "0.1",
            "closePrice": "32.8"
        },
        {
            "fiscalDateEnding": "2017-07-31",
            "totalCurrentAssets": "580134000",
            "cashAndShortTermInvestments": "349053000",
            "totalCurrentLiabilities": "311076000",
            "currentDebt": "None",
            "netIncome": "-66132000",
            "capitalExpenditures": "12384000",
            "operatingCashflow": "6876000",
            "grossProfit": "154941000",
            "totalRevenue": "226102000",
            "sentiment": 0,
            "surprise": "0.05",
            "closePrice": "22.0"
        },
        {
            "fiscalDateEnding": "2017-04-30",
            "totalCurrentAssets": "587253000",
            "cashAndShortTermInvestments": "350345000",
            "totalCurrentLiabilities": "356739000",
            "currentDebt": "None",
            "netIncome": "-96835000",
            "capitalExpenditures": "13181000",
            "operatingCashflow": "-16009000",
            "grossProfit": "122464000",
            "totalRevenue": "191763000",
            "sentiment": 0,
            "surprise": "0.03",
            "closePrice": "17.57"
        },
        {
            "fiscalDateEnding": "2017-01-31",
            "totalCurrentAssets": "543799000",
            "cashAndShortTermInvestments": "355153000",
            "totalCurrentLiabilities": "294535000",
            "currentDebt": "None",
            "netIncome": "-76369000",
            "capitalExpenditures": "12701000",
            "operatingCashflow": "19752000",
            "grossProfit": "122368000",
            "totalRevenue": "182195000",
            "sentiment": 0,
            "surprise": "0.07",
            "closePrice": "31.12"
        },
        {
            "fiscalDateEnding": "2016-10-31",
            "totalCurrentAssets": "530521000",
            "cashAndShortTermInvestments": "347112000",
            "totalCurrentLiabilities": "258084000",
            "currentDebt": "None",
            "netIncome": "-140302000",
            "capitalExpenditures": "11915000",
            "operatingCashflow": "4160000",
            "grossProfit": "118799000",
            "totalRevenue": "163489000",
            "sentiment": 0,
            "surprise": "0.07",
            "closePrice": "34.09"
        }
    ]
}