{
    "NVDA": [
        {
            "fiscalDateEnding": "2024-01-28",
            "totalCurrentAssets": "44345000000",
            "cashAndShortTermInvestments": "25984000000",
            "totalCurrentLiabilities": "10631000000",
            "currentDebt": "1250000000",
            "netIncome": "12285000000",
            "capitalExpenditures": "254000000",
            "operatingCashflow": "11499000000",
            "grossProfit": "16791000000",
            "totalRevenue": "22103000000",
            "sentiment": 0.21077125246009873,
            "surprise": "0.48",
            "closePrice": "674.688605992928"
        },
        {
            "fiscalDateEnding": "2023-10-29",
            "totalCurrentAssets": "32658000000",
            "cashAndShortTermInvestments": "18281000000",
            "totalCurrentLiabilities": "9101000000",
            "currentDebt": "1249000000",
            "netIncome": "9243000000",
            "capitalExpenditures": "278000000",
            "operatingCashflow": "7332000000",
            "grossProfit": "13400000000",
            "totalRevenue": "18120000000",
            "sentiment": 0.20086794412326828,
            "surprise": "0.65",
            "closePrice": "531.375274520752"
        },
        {
            "fiscalDateEnding": "2023-07-30",
            "totalCurrentAssets": "28797000000",
            "cashAndShortTermInvestments": "16023000000",
            "totalCurrentLiabilities": "10334000000",
            "currentDebt": "1249000000",
            "netIncome": "6188000000",
            "capitalExpenditures": "289000000",
            "operatingCashflow": "6348000000",
            "grossProfit": "9462000000",
            "totalRevenue": "13507000000",
            "sentiment": 0.1843355000577233,
            "surprise": "0.61",
            "closePrice": "471.05757229381"
        },
        {
            "fiscalDateEnding": "2023-04-30",
            "totalCurrentAssets": "24883000000",
            "cashAndShortTermInvestments": "15320000000",
            "totalCurrentLiabilities": "7260000000",
            "currentDebt": "1250000000",
            "netIncome": "2043000000",
            "capitalExpenditures": "248000000",
            "operatingCashflow": "2911000000",
            "grossProfit": "4648000000",
            "totalRevenue": "7192000000",
            "sentiment": 0.22644016596069544,
            "surprise": "0.17",
            "closePrice": "305.281026961082"
        },
        {
            "fiscalDateEnding": "2023-01-29",
            "totalCurrentAssets": "23073000000",
            "cashAndShortTermInvestments": "13296000000",
            "totalCurrentLiabilities": "6563000000",
            "currentDebt": "1250000000",
            "netIncome": "1414000000",
            "capitalExpenditures": "509000000",
            "operatingCashflow": "2248000000",
            "grossProfit": "3833000000",
            "totalRevenue": "6051000000",
            "sentiment": 0.13959337393971843,
            "surprise": "0.07",
            "closePrice": "207.437106836101"
        },
        {
            "fiscalDateEnding": "2022-10-30",
            "totalCurrentAssets": "23223000000",
            "cashAndShortTermInvestments": "13143000000",
            "totalCurrentLiabilities": "6855000000",
            "currentDebt": "1249000000",
            "netIncome": "680000000",
            "capitalExpenditures": "530000000",
            "operatingCashflow": "392000000",
            "grossProfit": "3177000000",
            "totalRevenue": "5931000000",
            "sentiment": 0.05714299037698123,
            "surprise": "-0.11",
            "closePrice": "158.983544082451"
        },
        {
            "fiscalDateEnding": "2022-07-31",
            "totalCurrentAssets": "27418000000",
            "cashAndShortTermInvestments": "17037000000",
            "totalCurrentLiabilities": "7573000000",
            "currentDebt": "1249000000",
            "netIncome": "656000000",
            "capitalExpenditures": "433000000",
            "operatingCashflow": "1270000000",
            "grossProfit": "2915000000",
            "totalRevenue": "6704000000",
            "sentiment": -0.026450715913897548,
            "surprise": "-0.75",
            "closePrice": "172.043760202577"
        },
        {
            "fiscalDateEnding": "2022-05-01",
            "totalCurrentAssets": "29575000000",
            "cashAndShortTermInvestments": "3887000000",
            "totalCurrentLiabilities": "5562000000",
            "currentDebt": "None",
            "netIncome": "1618000000",
            "capitalExpenditures": "361000000",
            "operatingCashflow": "1731000000",
            "grossProfit": "5431000000",
            "totalRevenue": "8288000000",
            "sentiment": 0.016903971820770334,
            "surprise": "0.07",
            "closePrice": "169.539921505467"
        },
        {
            "fiscalDateEnding": "2022-01-30",
            "totalCurrentAssets": "28829000000",
            "cashAndShortTermInvestments": "21208000000",
            "totalCurrentLiabilities": "4335000000",
            "currentDebt": "0",
            "netIncome": "3003000000",
            "capitalExpenditures": "273000000",
            "operatingCashflow": "3033000000",
            "grossProfit": "4999000000",
            "totalRevenue": "7643000000",
            "sentiment": 0,
            "surprise": "0.1",
            "closePrice": "264.738184032343"
        },
        {
            "fiscalDateEnding": "2021-10-31",
            "totalCurrentAssets": "25806000000",
            "cashAndShortTermInvestments": "19298000000",
            "totalCurrentLiabilities": "3612000000",
            "currentDebt": "0",
            "netIncome": "2464000000",
            "capitalExpenditures": "222000000",
            "operatingCashflow": "1519000000",
            "grossProfit": "4631000000",
            "totalRevenue": "7103000000",
            "sentiment": 0,
            "surprise": "0.06",
            "closePrice": "292.162438660041"
        },
        {
            "fiscalDateEnding": "2021-08-01",
            "totalCurrentAssets": "25806000000",
            "cashAndShortTermInvestments": "5628000000",
            "totalCurrentLiabilities": "4448000000",
            "currentDebt": "1000000000",
            "netIncome": "2374000000",
            "capitalExpenditures": "183000000",
            "operatingCashflow": "2682000000",
            "grossProfit": "4215000000",
            "totalRevenue": "6507000000",
            "sentiment": 0,
            "surprise": "0.03",
            "closePrice": "190.074809191386"
        },
        {
            "fiscalDateEnding": "2021-05-02",
            "totalCurrentAssets": "18127000000",
            "cashAndShortTermInvestments": "978000000",
            "totalCurrentLiabilities": "4004000000",
            "currentDebt": "999000000",
            "netIncome": "1912000000",
            "capitalExpenditures": "298000000",
            "operatingCashflow": "1874000000",
            "grossProfit": "3629000000",
            "totalRevenue": "5661000000",
            "sentiment": 0,
            "surprise": "0.1",
            "closePrice": "156.695745567203"
        },
        {
            "fiscalDateEnding": "2021-01-31",
            "totalCurrentAssets": "16055000000",
            "cashAndShortTermInvestments": "11561000000",
            "totalCurrentLiabilities": "3925000000",
            "currentDebt": "999000000",
            "netIncome": "1457000000",
            "capitalExpenditures": "283000000",
            "operatingCashflow": "2067000000",
            "grossProfit": "3156000000",
            "totalRevenue": "5003000000",
            "sentiment": 0,
            "surprise": "0.08",
            "closePrice": "144.662802837345"
        },
        {
            "fiscalDateEnding": "2020-10-25",
            "totalCurrentAssets": "14393000000",
            "cashAndShortTermInvestments": "10139000000",
            "totalCurrentLiabilities": "3669000000",
            "currentDebt": "998000000",
            "netIncome": "1336000000",
            "capitalExpenditures": "473000000",
            "operatingCashflow": "1279000000",
            "grossProfit": "2960000000",
            "totalRevenue": "4726000000",
            "sentiment": 0,
            "surprise": "0.09",
            "closePrice": "133.944459678703"
        },
        {
            "fiscalDateEnding": "2020-07-26",
            "totalCurrentAssets": "14681000000",
            "cashAndShortTermInvestments": "10981000000",
            "totalCurrentLiabilities": "2410000000",
            "currentDebt": "None",
            "netIncome": "622000000",
            "capitalExpenditures": "217000000",
            "operatingCashflow": "1567000000",
            "grossProfit": "2275000000",
            "totalRevenue": "3866000000",
            "sentiment": 0,
            "surprise": "0.06",
            "closePrice": "121.039888675745"
        },
        {
            "fiscalDateEnding": "2020-04-26",
            "totalCurrentAssets": "19584000000",
            "cashAndShortTermInvestments": "16354000000",
            "totalCurrentLiabilities": "1903000000",
            "currentDebt": "100000000",
            "netIncome": "917000000",
            "capitalExpenditures": "155000000",
            "operatingCashflow": "909000000",
            "grossProfit": "2004000000",
            "totalRevenue": "3080000000",
            "sentiment": 0,
            "surprise": "0.03",
            "closePrice": "87.463101810931"
        },
        {
            "fiscalDateEnding": "2020-01-26",
            "totalCurrentAssets": "13690000000",
            "cashAndShortTermInvestments": "10897000000",
            "totalCurrentLiabilities": "1784000000",
            "currentDebt": "0",
            "netIncome": "950000000",
            "capitalExpenditures": "144000000",
            "operatingCashflow": "1465000000",
            "grossProfit": "2015000000",
            "totalRevenue": "3105000000",
            "sentiment": 0,
            "surprise": "0.05",
            "closePrice": "67.4290388649941"
        },
        {
            "fiscalDateEnding": "2019-10-27",
            "totalCurrentAssets": "12420000000",
            "cashAndShortTermInvestments": "9769000000",
            "totalCurrentLiabilities": "1475000000",
            "currentDebt": "89000000",
            "netIncome": "899000000",
            "capitalExpenditures": "103000000",
            "operatingCashflow": "1640000000",
            "grossProfit": "1916000000",
            "totalRevenue": "3014000000",
            "sentiment": 0,
            "surprise": "0.06",
            "closePrice": "52.2031713527531"
        },
        {
            "fiscalDateEnding": "2019-07-28",
            "totalCurrentAssets": "11391000000",
            "cashAndShortTermInvestments": "8475000000",
            "totalCurrentLiabilities": "1317000000",
            "currentDebt": "84000000",
            "netIncome": "552000000",
            "capitalExpenditures": "113000000",
            "operatingCashflow": "936000000",
            "grossProfit": "1541000000",
            "totalRevenue": "2579000000",
            "sentiment": 0,
            "surprise": "0.02",
            "closePrice": "36.9825346660588"
        },
        {
            "fiscalDateEnding": "2019-04-28",
            "totalCurrentAssets": "10629000000",
            "cashAndShortTermInvestments": "7802000000",
            "totalCurrentLiabilities": "1183000000",
            "currentDebt": "None",
            "netIncome": "394000000",
            "capitalExpenditures": "128000000",
            "operatingCashflow": "720000000",
            "grossProfit": "1296000000",
            "totalRevenue": "2220000000",
            "sentiment": 0,
            "surprise": "0.02",
            "closePrice": "39.7756684035908"
        },
        {
            "fiscalDateEnding": "2019-01-27",
            "totalCurrentAssets": "10557000000",
            "cashAndShortTermInvestments": "7422000000",
            "totalCurrentLiabilities": "1329000000",
            "currentDebt": "None",
            "netIncome": "567000000",
            "capitalExpenditures": "203000000",
            "operatingCashflow": "898000000",
            "grossProfit": "1207000000",
            "totalRevenue": "2205000000",
            "sentiment": 0,
            "surprise": "0.01",
            "closePrice": "38.3305162496756"
        },
        {
            "fiscalDateEnding": "2018-10-28",
            "totalCurrentAssets": "11386000000",
            "cashAndShortTermInvestments": "7591000000",
            "totalCurrentLiabilities": "1608000000",
            "currentDebt": "None",
            "netIncome": "1230000000",
            "capitalExpenditures": "150000000",
            "operatingCashflow": "487000000",
            "grossProfit": "1921000000",
            "totalRevenue": "3181000000",
            "sentiment": 0,
            "surprise": "-0.01",
            "closePrice": "50.1509954888989"
        },
        {
            "fiscalDateEnding": "2018-07-29",
            "totalCurrentAssets": "10831000000",
            "cashAndShortTermInvestments": "7943000000",
            "totalCurrentLiabilities": "1462000000",
            "currentDebt": "None",
            "netIncome": "1101000000",
            "capitalExpenditures": "129000000",
            "operatingCashflow": "913000000",
            "grossProfit": "1975000000",
            "totalRevenue": "3123000000",
            "sentiment": 0,
            "surprise": "0.05",
            "closePrice": "63.7577053281017"
        },
        {
            "fiscalDateEnding": "2018-04-29",
            "totalCurrentAssets": "9448000000",
            "cashAndShortTermInvestments": "7300000000",
            "totalCurrentLiabilities": "1106000000",
            "currentDebt": "None",
            "netIncome": "1244000000",
            "capitalExpenditures": "118000000",
            "operatingCashflow": "1445000000",
            "grossProfit": "2068000000",
            "totalRevenue": "3207000000",
            "sentiment": 0,
            "surprise": "0.11",
            "closePrice": "64.3848970846708"
        },
        {
            "fiscalDateEnding": "2018-01-28",
            "totalCurrentAssets": "9255000000",
            "cashAndShortTermInvestments": "7108000000",
            "totalCurrentLiabilities": "1153000000",
            "currentDebt": "None",
            "netIncome": "1118000000",
            "capitalExpenditures": "416000000",
            "operatingCashflow": "1358000000",
            "grossProfit": "1801000000",
            "totalRevenue": "2911000000",
            "sentiment": 0,
            "surprise": "0.1",
            "closePrice": "53.8051465612255"
        },
        {
            "fiscalDateEnding": "2017-10-29",
            "totalCurrentAssets": "8479000000",
            "cashAndShortTermInvestments": "6320000000",
            "totalCurrentLiabilities": "1027000000",
            "currentDebt": "None",
            "netIncome": "838000000",
            "capitalExpenditures": "69000000",
            "operatingCashflow": "1157000000",
            "grossProfit": "1569000000",
            "totalRevenue": "2636000000",
            "sentiment": 0,
            "surprise": "0.09",
            "closePrice": "50.7519683670521"
        },
        {
            "fiscalDateEnding": "2017-07-30",
            "totalCurrentAssets": "8070000000",
            "cashAndShortTermInvestments": "5877000000",
            "totalCurrentLiabilities": "1032000000",
            "currentDebt": "None",
            "netIncome": "583000000",
            "capitalExpenditures": "54000000",
            "operatingCashflow": "705000000",
            "grossProfit": "1302000000",
            "totalRevenue": "2230000000",
            "sentiment": 0,
            "surprise": "0.06",
            "closePrice": "40.6861701836897"
        },
        {
            "fiscalDateEnding": "2017-04-30",
            "totalCurrentAssets": "8116000000",
            "cashAndShortTermInvestments": "6206000000",
            "totalCurrentLiabilities": "983000000",
            "currentDebt": "None",
            "netIncome": "507000000",
            "capitalExpenditures": "54000000",
            "operatingCashflow": "282000000",
            "grossProfit": "1150000000",
            "totalRevenue": "1937000000",
            "sentiment": 0,
            "surprise": "0.04",
            "closePrice": "25.3971553638878"
        },
        {
            "fiscalDateEnding": "2017-01-29",
            "totalCurrentAssets": "8536000000",
            "cashAndShortTermInvestments": "6798000000",
            "totalCurrentLiabilities": "1788000000",
            "currentDebt": "None",
            "netIncome": "655000000",
            "capitalExpenditures": "51000000",
            "operatingCashflow": "721000000",
            "grossProfit": "1303000000",
            "totalRevenue": "2173000000",
            "sentiment": 0,
            "surprise": "0.04",
            "closePrice": "28.6767985564151"
        },
        {
            "fiscalDateEnding": "2016-10-30",
            "totalCurrentAssets": "8307000000",
            "cashAndShortTermInvestments": "6671000000",
            "totalCurrentLiabilities": "2041000000",
            "currentDebt": "None",
            "netIncome": "542000000",
            "capitalExpenditures": "38000000",
            "operatingCashflow": "432000000",
            "grossProfit": "1183000000",
            "totalRevenue": "2004000000",
            "sentiment": 0,
            "surprise": "0.07",
            "closePrice": "16.6741326357068"
        },
        {
            "fiscalDateEnding": "2016-07-31",
            "totalCurrentAssets": "6156000000",
            "cashAndShortTermInvestments": "4879000000",
            "totalCurrentLiabilities": "2407000000",
            "currentDebt": "None",
            "netIncome": "261000000",
            "capitalExpenditures": "32000000",
            "operatingCashflow": "201000000",
            "grossProfit": "826000000",
            "totalRevenue": "1428000000",
            "sentiment": 0,
            "surprise": "0.01",
            "closePrice": "14.661787747918"
        },
        {
            "fiscalDateEnding": "2016-05-01",
            "totalCurrentAssets": "5790000000",
            "cashAndShortTermInvestments": "547000000",
            "totalCurrentLiabilities": "2377000000",
            "currentDebt": "None",
            "netIncome": "208000000",
            "capitalExpenditures": "55000000",
            "operatingCashflow": "319000000",
            "grossProfit": "751000000",
            "totalRevenue": "1305000000",
            "sentiment": 0,
            "surprise": "0",
            "closePrice": "8.71358356126412"
        },
        {
            "fiscalDateEnding": "2016-01-31",
            "totalCurrentAssets": "6053000000",
            "cashAndShortTermInvestments": "5037000000",
            "totalCurrentLiabilities": "2351000000",
            "currentDebt": "None",
            "netIncome": "207000000",
            "capitalExpenditures": "15000000",
            "operatingCashflow": "511000000",
            "grossProfit": "791000000",
            "totalRevenue": "1401000000",
            "sentiment": 0,
            "surprise": "0.01",
            "closePrice": "6.75111376005489"
        },
        {
            "fiscalDateEnding": "2015-10-25",
            "totalCurrentAssets": "5834000000",
            "cashAndShortTermInvestments": "4728000000",
            "totalCurrentLiabilities": "855000000",
            "currentDebt": "None",
            "netIncome": "247000000",
            "capitalExpenditures": "17000000",
            "operatingCashflow": "255000000",
            "grossProfit": "733000000",
            "totalRevenue": "1305000000",
            "sentiment": 0,
            "surprise": "0.05",
            "closePrice": "6.73834459128266"
        },
        {
            "fiscalDateEnding": "2015-07-26",
            "totalCurrentAssets": "5608000000",
            "cashAndShortTermInvestments": "4505000000",
            "totalCurrentLiabilities": "936000000",
            "currentDebt": "None",
            "netIncome": "26000000",
            "capitalExpenditures": "24000000",
            "operatingCashflow": "163000000",
            "grossProfit": "634000000",
            "totalRevenue": "1153000000",
            "sentiment": 0,
            "surprise": "0.01",
            "closePrice": "4.951983829408"
        },
        {
            "fiscalDateEnding": "2015-04-26",
            "totalCurrentAssets": "5832000000",
            "cashAndShortTermInvestments": "4792000000",
            "totalCurrentLiabilities": "883000000",
            "currentDebt": "None",
            "netIncome": "134000000",
            "capitalExpenditures": "30000000",
            "operatingCashflow": "246000000",
            "grossProfit": "653000000",
            "totalRevenue": "1151000000",
            "sentiment": 0,
            "surprise": "0",
            "closePrice": "5.42085106960691"
        },
        {
            "fiscalDateEnding": "2015-01-25",
            "totalCurrentAssets": "5713000000",
            "cashAndShortTermInvestments": "4623339000",
            "totalCurrentLiabilities": "896000000",
            "currentDebt": "None",
            "netIncome": "193000000",
            "capitalExpenditures": "31045000",
            "operatingCashflow": "443000000",
            "grossProfit": "699000000",
            "totalRevenue": "1251000000",
            "sentiment": 0,
            "surprise": "0.02",
            "closePrice": "4.99687636522948"
        },
        {
            "fiscalDateEnding": "2014-10-26",
            "totalCurrentAssets": "5341109000",
            "cashAndShortTermInvestments": "4240797000",
            "totalCurrentLiabilities": "933907000",
            "currentDebt": "None",
            "netIncome": "173000000",
            "capitalExpenditures": "39741000",
            "operatingCashflow": "216000000",
            "grossProfit": "677000000",
            "totalRevenue": "1225000000",
            "sentiment": 0,
            "surprise": "0.01",
            "closePrice": "4.83466908087557"
        },
        {
            "fiscalDateEnding": "2014-07-27",
            "totalCurrentAssets": "5377586000",
            "cashAndShortTermInvestments": "4386054000",
            "totalCurrentLiabilities": "868729000",
            "currentDebt": "None",
            "netIncome": "128000000",
            "capitalExpenditures": "22527000",
            "operatingCashflow": "96000000",
            "grossProfit": "619000000",
            "totalRevenue": "1103000000",
            "sentiment": 0,
            "surprise": "0.01",
            "closePrice": "4.15650423111371"
        },
        {
            "fiscalDateEnding": "2014-04-27",
            "totalCurrentAssets": "5273798000",
            "cashAndShortTermInvestments": "4347817000",
            "totalCurrentLiabilities": "897945000",
            "currentDebt": "None",
            "netIncome": "137000000",
            "capitalExpenditures": "29068000",
            "operatingCashflow": "151000000",
            "grossProfit": "604000000",
            "totalRevenue": "1103000000",
            "sentiment": 0,
            "surprise": "0.01",
            "closePrice": "4.32441840465795"
        },
        {
            "fiscalDateEnding": "2014-01-26",
            "totalCurrentAssets": "5624711000",
            "cashAndShortTermInvestments": "4671810000",
            "totalCurrentLiabilities": "945496000",
            "currentDebt": "None",
            "netIncome": "146917000",
            "capitalExpenditures": "66374000",
            "operatingCashflow": "400566000",
            "grossProfit": "619242000",
            "totalRevenue": "1144218000",
            "sentiment": 0,
            "surprise": "0.01",
            "closePrice": "3.9699364607757"
        },
        {
            "fiscalDateEnding": "2013-10-27",
            "totalCurrentAssets": "4049841000",
            "cashAndShortTermInvestments": "3032954000",
            "totalCurrentLiabilities": "985927000",
            "currentDebt": "None",
            "netIncome": "118734000",
            "capitalExpenditures": "38159000",
            "operatingCashflow": "162315000",
            "grossProfit": "584415000",
            "totalRevenue": "1053967000",
            "sentiment": 0,
            "surprise": "0",
            "closePrice": "3.41215579759482"
        },
        {
            "fiscalDateEnding": "2013-07-28",
            "totalCurrentAssets": "3922608000",
            "cashAndShortTermInvestments": "2935893000",
            "totalCurrentLiabilities": "935791000",
            "currentDebt": "None",
            "netIncome": "96448000",
            "capitalExpenditures": "84986000",
            "operatingCashflow": "96469000",
            "grossProfit": "545538000",
            "totalRevenue": "977238000",
            "sentiment": 0,
            "surprise": "0.01",
            "closePrice": "3.43107039833005"
        },
        {
            "fiscalDateEnding": "2013-04-28",
            "totalCurrentAssets": "4606616000",
            "cashAndShortTermInvestments": "3713351000",
            "totalCurrentLiabilities": "925577000",
            "currentDebt": "None",
            "netIncome": "77891000",
            "capitalExpenditures": "65667000",
            "operatingCashflow": "175650000",
            "grossProfit": "518568000",
            "totalRevenue": "954739000",
            "sentiment": 0,
            "surprise": "0.01",
            "closePrice": "3.23066050237397"
        },
        {
            "fiscalDateEnding": "2013-01-27",
            "totalCurrentAssets": "4775258000",
            "cashAndShortTermInvestments": "3727883000",
            "totalCurrentLiabilities": "976223000",
            "currentDebt": "None",
            "netIncome": "173973000",
            "capitalExpenditures": "47758000",
            "operatingCashflow": "451009000",
            "grossProfit": "585602000",
            "totalRevenue": "1106902000",
            "sentiment": 0,
            "surprise": "0.01",
            "closePrice": "2.85567441401091"
        },
        {
            "fiscalDateEnding": "2012-10-28",
            "totalCurrentAssets": "4424827000",
            "cashAndShortTermInvestments": "3434772000",
            "totalCurrentLiabilities": "991359000",
            "currentDebt": "None",
            "netIncome": "209080000",
            "capitalExpenditures": "44684000",
            "operatingCashflow": "181485000",
            "grossProfit": "636658000",
            "totalRevenue": "1204110000",
            "sentiment": 0,
            "surprise": "0.01",
            "closePrice": "2.9082560211002"
        },
        {
            "fiscalDateEnding": "2012-07-29",
            "totalCurrentAssets": "4213851000",
            "cashAndShortTermInvestments": "3278100000",
            "totalCurrentLiabilities": "1021960000",
            "currentDebt": "None",
            "netIncome": "119046000",
            "capitalExpenditures": "61944000",
            "operatingCashflow": "200886000",
            "grossProfit": "540719000",
            "totalRevenue": "1044270000",
            "sentiment": 0,
            "surprise": "0.02",
            "closePrice": "3.37385221375267"
        },
        {
            "fiscalDateEnding": "2012-04-29",
            "totalCurrentAssets": "4032116000",
            "cashAndShortTermInvestments": "3130812000",
            "totalCurrentLiabilities": "947404000",
            "currentDebt": "None",
            "netIncome": "60437000",
            "capitalExpenditures": "28923000",
            "operatingCashflow": "-9208000",
            "grossProfit": "463364000",
            "totalRevenue": "924877000",
            "sentiment": 0,
            "surprise": "0.01",
            "closePrice": "3.02981561819666"
        },
        {
            "fiscalDateEnding": "2012-01-29",
            "totalCurrentAssets": "3905358000",
            "cashAndShortTermInvestments": "3129576000",
            "totalCurrentLiabilities": "929958000",
            "currentDebt": "None",
            "netIncome": "116025000",
            "capitalExpenditures": "45182000",
            "operatingCashflow": "410518000",
            "grossProfit": "490013000",
            "totalRevenue": "953194000",
            "sentiment": 0,
            "surprise": "0",
            "closePrice": "3.70871450009386"
        },
        {
            "fiscalDateEnding": "2011-10-30",
            "totalCurrentAssets": "3500071000",
            "cashAndShortTermInvestments": "2748354000",
            "totalCurrentLiabilities": "886684000",
            "currentDebt": "None",
            "netIncome": "178273000",
            "capitalExpenditures": "39035000",
            "operatingCashflow": "244417000",
            "grossProfit": "556717000",
            "totalRevenue": "1066180000",
            "sentiment": 0,
            "surprise": "0.01",
            "closePrice": "3.31880635846371"
        },
        {
            "fiscalDateEnding": "2011-07-31",
            "totalCurrentAssets": "3317557000",
            "cashAndShortTermInvestments": "2474496000",
            "totalCurrentLiabilities": "960299000",
            "currentDebt": "None",
            "netIncome": "151573000",
            "capitalExpenditures": "23323000",
            "operatingCashflow": "82021000",
            "grossProfit": "525284000",
            "totalRevenue": "1016517000",
            "sentiment": 0,
            "surprise": "0",
            "closePrice": "3.07568716427079"
        },
        {
            "fiscalDateEnding": "2011-05-01",
            "totalCurrentAssets": "3496763000",
            "cashAndShortTermInvestments": "683633000",
            "totalCurrentLiabilities": "981166000",
            "currentDebt": "None",
            "netIncome": "135219000",
            "capitalExpenditures": "31195000",
            "operatingCashflow": "172200000",
            "grossProfit": "484503000",
            "totalRevenue": "962039000",
            "sentiment": 0,
            "surprise": "0.01",
            "closePrice": "4.7018334725989"
        },
        {
            "fiscalDateEnding": "2011-01-30",
            "totalCurrentAssets": "3226950000",
            "cashAndShortTermInvestments": "2490563000",
            "totalCurrentLiabilities": "942682000",
            "currentDebt": "None",
            "netIncome": "171651000",
            "capitalExpenditures": "21343000",
            "operatingCashflow": "434673000",
            "grossProfit": "426359000",
            "totalRevenue": "886376000",
            "sentiment": 0,
            "surprise": "0.02",
            "closePrice": "5.36238373606645"
        },
        {
            "fiscalDateEnding": "2010-10-31",
            "totalCurrentAssets": "2807702000",
            "cashAndShortTermInvestments": "1987220000",
            "totalCurrentLiabilities": "816489000",
            "currentDebt": "None",
            "netIncome": "84862000",
            "capitalExpenditures": "21823000",
            "operatingCashflow": "212177000",
            "grossProfit": "392062000",
            "totalRevenue": "843912000",
            "sentiment": 0,
            "surprise": "0",
            "closePrice": "2.89243033770462"
        },
        {
            "fiscalDateEnding": "2010-08-01",
            "totalCurrentAssets": "2655962000",
            "cashAndShortTermInvestments": "377003000",
            "totalCurrentLiabilities": "819139000",
            "currentDebt": "None",
            "netIncome": "-140961000",
            "capitalExpenditures": "37644000",
            "operatingCashflow": "34344000",
            "grossProfit": "134292000",
            "totalRevenue": "811208000",
            "sentiment": 0,
            "surprise": "-0.02",
            "closePrice": "2.05527462185165"
        },
        {
            "fiscalDateEnding": "2010-05-02",
            "totalCurrentAssets": "2726980000",
            "cashAndShortTermInvestments": "447262000",
            "totalCurrentLiabilities": "765293000",
            "currentDebt": "None",
            "netIncome": "137594000",
            "capitalExpenditures": "17080000",
            "operatingCashflow": "-5397000",
            "grossProfit": "456377000",
            "totalRevenue": "1001813000",
            "sentiment": 0,
            "surprise": "0.01",
            "closePrice": "3.36009074993043"
        },
        {
            "fiscalDateEnding": "2010-01-31",
            "totalCurrentAssets": "2480830000",
            "cashAndShortTermInvestments": "1728227000",
            "totalCurrentLiabilities": "784378000",
            "currentDebt": "None",
            "netIncome": "131076000",
            "capitalExpenditures": "22575000",
            "operatingCashflow": "69245000",
            "grossProfit": "438721000",
            "totalRevenue": "982488000",
            "sentiment": 0,
            "surprise": "0.01",
            "closePrice": "4.09174190981289"
        },
        {
            "fiscalDateEnding": "2009-10-25",
            "totalCurrentAssets": "2357716000",
            "cashAndShortTermInvestments": "1634079000",
            "totalCurrentLiabilities": "888806000",
            "currentDebt": "None",
            "netIncome": "107577000",
            "capitalExpenditures": "16593000",
            "operatingCashflow": "141317000",
            "grossProfit": "391783000",
            "totalRevenue": "903206000",
            "sentiment": 0,
            "surprise": "0.02",
            "closePrice": "2.81421935164822"
        }
    ]
}