{
    "OKTA": [
        {
            "fiscalDateEnding": "2024-01-31",
            "totalCurrentAssets": "2980000000",
            "cashAndShortTermInvestments": "2202000000",
            "totalCurrentLiabilities": "1782000000",
            "currentDebt": "None",
            "netIncome": "-44000000",
            "capitalExpenditures": "8000000",
            "operatingCashflow": "174000000",
            "grossProfit": "460000000",
            "totalRevenue": "619000000",
            "sentiment": 0.17819810135435893,
            "surprise": "0.12",
            "closePrice": "87.3"
        },
        {
            "fiscalDateEnding": "2023-10-31",
            "totalCurrentAssets": "2727000000",
            "cashAndShortTermInvestments": "2130000000",
            "totalCurrentLiabilities": "1543000000",
            "currentDebt": "None",
            "netIncome": "-81000000",
            "capitalExpenditures": "7000000",
            "operatingCashflow": "156000000",
            "grossProfit": "439000000",
            "totalRevenue": "600000000",
            "sentiment": 0.18276156969980328,
            "surprise": "0.14",
            "closePrice": "70.77"
        },
        {
            "fiscalDateEnding": "2023-07-31",
            "totalCurrentAssets": "2686000000",
            "cashAndShortTermInvestments": "2106000000",
            "totalCurrentLiabilities": "1456000000",
            "currentDebt": "None",
            "netIncome": "-111000000",
            "capitalExpenditures": "4000000",
            "operatingCashflow": "53000000",
            "grossProfit": "407000000",
            "totalRevenue": "596000000",
            "sentiment": 0.08868593998913907,
            "surprise": "0.09",
            "closePrice": "73.57"
        },
        {
            "fiscalDateEnding": "2023-04-30",
            "totalCurrentAssets": "2843000000",
            "cashAndShortTermInvestments": "2370000000",
            "totalCurrentLiabilities": "1362000000",
            "currentDebt": "None",
            "netIncome": "-119000000",
            "capitalExpenditures": "5000000",
            "operatingCashflow": "129000000",
            "grossProfit": "376000000",
            "totalRevenue": "546000000",
            "sentiment": 0.13391891214343504,
            "surprise": "0.09",
            "closePrice": "90.9"
        },
        {
            "fiscalDateEnding": "2023-01-31",
            "totalCurrentAssets": "3229000000",
            "cashAndShortTermInvestments": "2580000000",
            "totalCurrentLiabilities": "1465000000",
            "currentDebt": "None",
            "netIncome": "-153000000",
            "capitalExpenditures": "3353000",
            "operatingCashflow": "76000000",
            "grossProfit": "371000000",
            "totalRevenue": "507796000",
            "sentiment": 0.12280559764901887,
            "surprise": "0.21",
            "closePrice": "71.44"
        },
        {
            "fiscalDateEnding": "2022-10-31",
            "totalCurrentAssets": "3006937000",
            "cashAndShortTermInvestments": "2473538000",
            "totalCurrentLiabilities": "1309446000",
            "currentDebt": "5217000",
            "netIncome": "-209000000",
            "capitalExpenditures": "4261000",
            "operatingCashflow": "10000000",
            "grossProfit": "343000000",
            "totalRevenue": "478237000",
            "sentiment": 0.03656041331684001,
            "surprise": "0.17",
            "closePrice": "53.32"
        },
        {
            "fiscalDateEnding": "2022-07-31",
            "totalCurrentAssets": "2945502000",
            "cashAndShortTermInvestments": "2476956000",
            "totalCurrentLiabilities": "1236585000",
            "currentDebt": "5209000",
            "netIncome": "-210000000",
            "capitalExpenditures": "6531000",
            "operatingCashflow": "-19000000",
            "grossProfit": "314000000",
            "totalRevenue": "448892000",
            "sentiment": -0.04894673748706685,
            "surprise": "0.2",
            "closePrice": "91.4"
        },
        {
            "fiscalDateEnding": "2022-04-30",
            "totalCurrentAssets": "2898643000",
            "cashAndShortTermInvestments": "2486902000",
            "totalCurrentLiabilities": "1185275000",
            "currentDebt": "5198000",
            "netIncome": "-243000000",
            "capitalExpenditures": "8855000",
            "operatingCashflow": "19000000",
            "grossProfit": "284000000",
            "totalRevenue": "412075000",
            "sentiment": -0.07391622833712176,
            "surprise": "0.07",
            "closePrice": "93.68"
        },
        {
            "fiscalDateEnding": "2022-01-31",
            "totalCurrentAssets": "3041000000",
            "cashAndShortTermInvestments": "2502000000",
            "totalCurrentLiabilities": "1243000000",
            "currentDebt": "16194000",
            "netIncome": "-240775000",
            "capitalExpenditures": "8611000",
            "operatingCashflow": "13413000",
            "grossProfit": "263717000",
            "totalRevenue": "359609000",
            "sentiment": 0,
            "surprise": "0.06",
            "closePrice": "182.7"
        },
        {
            "fiscalDateEnding": "2021-10-31",
            "totalCurrentAssets": "2852868000",
            "cashAndShortTermInvestments": "2482059000",
            "totalCurrentLiabilities": "988166000",
            "currentDebt": "15956000",
            "netIncome": "-221311000",
            "capitalExpenditures": "3736000",
            "operatingCashflow": "37120000",
            "grossProfit": "241006000",
            "totalRevenue": "327536000",
            "sentiment": 0,
            "surprise": "0.17",
            "closePrice": "198.08"
        },
        {
            "fiscalDateEnding": "2021-07-31",
            "totalCurrentAssets": "2877158000",
            "cashAndShortTermInvestments": "2468903000",
            "totalCurrentLiabilities": "912534000",
            "currentDebt": "15723000",
            "netIncome": "-276682000",
            "capitalExpenditures": "1030000",
            "operatingCashflow": "-2608000",
            "grossProfit": "214394000",
            "totalRevenue": "292585000",
            "sentiment": 0,
            "surprise": "0.24",
            "closePrice": "264.76"
        },
        {
            "fiscalDateEnding": "2021-04-30",
            "totalCurrentAssets": "3012139000",
            "cashAndShortTermInvestments": "2690066000",
            "totalCurrentLiabilities": "800461000",
            "currentDebt": "20781000",
            "netIncome": "-109232000",
            "capitalExpenditures": "3382000",
            "operatingCashflow": "56075000",
            "grossProfit": "184883000",
            "totalRevenue": "228110000",
            "sentiment": 0,
            "surprise": "0.1",
            "closePrice": "246.53"
        },
        {
            "fiscalDateEnding": "2021-01-31",
            "totalCurrentAssets": "2878567000",
            "cashAndShortTermInvestments": "2556584000",
            "totalCurrentLiabilities": "1545614000",
            "currentDebt": "908684000",
            "netIncome": "-75474000",
            "capitalExpenditures": "2541000",
            "operatingCashflow": "34947000",
            "grossProfit": "172857000",
            "totalRevenue": "212143000",
            "sentiment": 0,
            "surprise": "0.07",
            "closePrice": "241.22"
        },
        {
            "fiscalDateEnding": "2020-10-31",
            "totalCurrentAssets": "2757539000",
            "cashAndShortTermInvestments": "2495142000",
            "totalCurrentLiabilities": "573940000",
            "currentDebt": "35131000",
            "netIncome": "-72764000",
            "capitalExpenditures": "1832000",
            "operatingCashflow": "43426000",
            "grossProfit": "160471000",
            "totalRevenue": "194922000",
            "sentiment": 0,
            "surprise": "0.05",
            "closePrice": "230.21"
        },
        {
            "fiscalDateEnding": "2020-07-31",
            "totalCurrentAssets": "2706935000",
            "cashAndShortTermInvestments": "2514513000",
            "totalCurrentLiabilities": "533580000",
            "currentDebt": "43578000",
            "netIncome": "-60100000",
            "capitalExpenditures": "4065000",
            "operatingCashflow": "10930000",
            "grossProfit": "149299000",
            "totalRevenue": "181341000",
            "sentiment": 0,
            "surprise": "0.09",
            "closePrice": "218.44"
        },
        {
            "fiscalDateEnding": "2020-04-30",
            "totalCurrentAssets": "1633523000",
            "cashAndShortTermInvestments": "1446777000",
            "totalCurrentLiabilities": "570388000",
            "currentDebt": "102198000",
            "netIncome": "-57662000",
            "capitalExpenditures": "8930000",
            "operatingCashflow": "38697000",
            "grossProfit": "134373000",
            "totalRevenue": "172095000",
            "sentiment": 0,
            "surprise": "0.11",
            "closePrice": "183.92"
        },
        {
            "fiscalDateEnding": "2020-01-31",
            "totalCurrentAssets": "1599725000",
            "cashAndShortTermInvestments": "1403024000",
            "totalCurrentLiabilities": "546963000",
            "currentDebt": "112767000",
            "netIncome": "-50472000",
            "capitalExpenditures": "6780000",
            "operatingCashflow": "24835000",
            "grossProfit": "122644000",
            "totalRevenue": "157681000",
            "sentiment": 0,
            "surprise": "0.04",
            "closePrice": "129.05"
        },
        {
            "fiscalDateEnding": "2019-10-31",
            "totalCurrentAssets": "1526600000",
            "cashAndShortTermInvestments": "1366255000",
            "totalCurrentLiabilities": "478394000",
            "currentDebt": "99227000",
            "netIncome": "-63495000",
            "capitalExpenditures": "1392000",
            "operatingCashflow": "10640000",
            "grossProfit": "112213000",
            "totalRevenue": "131439000",
            "sentiment": 0,
            "surprise": "0.05",
            "closePrice": "119.16"
        },
        {
            "fiscalDateEnding": "2019-07-31",
            "totalCurrentAssets": "697020000",
            "cashAndShortTermInvestments": "557465000",
            "totalCurrentLiabilities": "620669000",
            "currentDebt": "279741000",
            "netIncome": "-42980000",
            "capitalExpenditures": "11668000",
            "operatingCashflow": "-1134000",
            "grossProfit": "101700000",
            "totalRevenue": "136876000",
            "sentiment": 0,
            "surprise": "0.06",
            "closePrice": "133.17"
        },
        {
            "fiscalDateEnding": "2019-04-30",
            "totalCurrentAssets": "676929000",
            "cashAndShortTermInvestments": "547483000",
            "totalCurrentLiabilities": "601913000",
            "currentDebt": "275653000",
            "netIncome": "-51966000",
            "capitalExpenditures": "8079000",
            "operatingCashflow": "21262000",
            "grossProfit": "90128000",
            "totalRevenue": "120982000",
            "sentiment": 0,
            "surprise": "0.02",
            "closePrice": "106.6"
        },
        {
            "fiscalDateEnding": "2019-01-31",
            "totalCurrentAssets": "708116000",
            "cashAndShortTermInvestments": "563768000",
            "totalCurrentLiabilities": "573104000",
            "currentDebt": "271628000",
            "netIncome": "-30811000",
            "capitalExpenditures": "6080000",
            "operatingCashflow": "10104000",
            "grossProfit": "84085000",
            "totalRevenue": "100399000",
            "sentiment": 0,
            "surprise": "0.04",
            "closePrice": "81.21"
        },
        {
            "fiscalDateEnding": "2018-10-31",
            "totalCurrentAssets": "658114000",
            "cashAndShortTermInvestments": "546003000",
            "totalCurrentLiabilities": "244786000",
            "currentDebt": "None",
            "netIncome": "-29517000",
            "capitalExpenditures": "5067000",
            "operatingCashflow": "6439000",
            "grossProfit": "75876000",
            "totalRevenue": "105576000",
            "sentiment": 0,
            "surprise": "0.07",
            "closePrice": "66.95"
        },
        {
            "fiscalDateEnding": "2018-07-31",
            "totalCurrentAssets": "633376000",
            "cashAndShortTermInvestments": "536256000",
            "totalCurrentLiabilities": "218140000",
            "currentDebt": "None",
            "netIncome": "-39207000",
            "capitalExpenditures": "5987000",
            "operatingCashflow": "-5343000",
            "grossProfit": "66358000",
            "totalRevenue": "94586000",
            "sentiment": 0,
            "surprise": "0.04",
            "closePrice": "60.2"
        },
        {
            "fiscalDateEnding": "2018-04-30",
            "totalCurrentAssets": "636163000",
            "cashAndShortTermInvestments": "547041000",
            "totalCurrentLiabilities": "202926000",
            "currentDebt": "None",
            "netIncome": "-25962000",
            "capitalExpenditures": "5528000",
            "operatingCashflow": "3972000",
            "grossProfit": "59514000",
            "totalRevenue": "83621000",
            "sentiment": 0,
            "surprise": "0.07",
            "closePrice": "54.14"
        },
        {
            "fiscalDateEnding": "2018-01-31",
            "totalCurrentAssets": "317498000",
            "cashAndShortTermInvestments": "229714000",
            "totalCurrentLiabilities": "187943000",
            "currentDebt": "None",
            "netIncome": "-23045000",
            "capitalExpenditures": "2339000",
            "operatingCashflow": "155000",
            "grossProfit": "54565000",
            "totalRevenue": "77760000",
            "sentiment": 0,
            "surprise": "0.04",
            "closePrice": "39.14"
        },
        {
            "fiscalDateEnding": "2017-10-31",
            "totalCurrentAssets": "294672000",
            "cashAndShortTermInvestments": "223618000",
            "totalCurrentLiabilities": "170961000",
            "currentDebt": "None",
            "netIncome": "-33066000",
            "capitalExpenditures": "1743000",
            "operatingCashflow": "-9471000",
            "grossProfit": "45788000",
            "totalRevenue": "68238000",
            "sentiment": 0,
            "surprise": "0.05",
            "closePrice": "28.46"
        },
        {
            "fiscalDateEnding": "2017-07-31",
            "totalCurrentAssets": "274686000",
            "cashAndShortTermInvestments": "213219000",
            "totalCurrentLiabilities": "152799000",
            "currentDebt": "None",
            "netIncome": "-26032000",
            "capitalExpenditures": "4243000",
            "operatingCashflow": "-6238000",
            "grossProfit": "40577000",
            "totalRevenue": "60995000",
            "sentiment": 0,
            "surprise": "0.09",
            "closePrice": "27.12"
        },
        {
            "fiscalDateEnding": "2017-04-30",
            "totalCurrentAssets": "279799000",
            "cashAndShortTermInvestments": "224226000",
            "totalCurrentLiabilities": "143061000",
            "currentDebt": "None",
            "netIncome": "-27706000",
            "capitalExpenditures": "3656000",
            "operatingCashflow": "-9686000",
            "grossProfit": "34862000",
            "totalRevenue": "53007000",
            "sentiment": 0,
            "surprise": "0.12",
            "closePrice": "25.69"
        }
    ]
}