{
    "OLED": [
        {
            "fiscalDateEnding": "2023-12-31",
            "totalCurrentAssets": "917132000",
            "cashAndShortTermInvestments": "514122000",
            "totalCurrentLiabilities": "118822000",
            "currentDebt": "None",
            "netIncome": "61978000",
            "capitalExpenditures": "7584000",
            "operatingCashflow": "37070000",
            "grossProfit": "122301000",
            "totalRevenue": "158320000",
            "sentiment": 0.2891873620885419,
            "surprise": "0.14",
            "closePrice": "186.673142073095"
        },
        {
            "fiscalDateEnding": "2023-09-30",
            "totalCurrentAssets": "878715000",
            "cashAndShortTermInvestments": "491673000",
            "totalCurrentLiabilities": "131343000",
            "currentDebt": "None",
            "netIncome": "51516000",
            "capitalExpenditures": "25434000",
            "operatingCashflow": "60309000",
            "grossProfit": "106829000",
            "totalRevenue": "141077000",
            "sentiment": 0.3127647156560789,
            "surprise": "0.07",
            "closePrice": "141.339747605466"
        },
        {
            "fiscalDateEnding": "2023-06-30",
            "totalCurrentAssets": "878147000",
            "cashAndShortTermInvestments": "559149000",
            "totalCurrentLiabilities": "80732000",
            "currentDebt": "None",
            "netIncome": "49678000",
            "capitalExpenditures": "84188000",
            "operatingCashflow": "9777000",
            "grossProfit": "114426000",
            "totalRevenue": "146565000",
            "sentiment": 0.3330734487880974,
            "surprise": "0.29",
            "closePrice": "138.181332238675"
        },
        {
            "fiscalDateEnding": "2023-03-31",
            "totalCurrentAssets": "950221000",
            "cashAndShortTermInvestments": "646106000",
            "totalCurrentLiabilities": "114957000",
            "currentDebt": "None",
            "netIncome": "39839000",
            "capitalExpenditures": "9149000",
            "operatingCashflow": "47621000",
            "grossProfit": "97497000",
            "totalRevenue": "130467000",
            "sentiment": 0.2715979758862134,
            "surprise": "0.01",
            "closePrice": "127.267835712429"
        },
        {
            "fiscalDateEnding": "2022-12-31",
            "totalCurrentAssets": "899450000",
            "cashAndShortTermInvestments": "577775000",
            "totalCurrentLiabilities": "135697000",
            "currentDebt": "None",
            "netIncome": "65134000",
            "capitalExpenditures": "11326000",
            "operatingCashflow": "2641000",
            "grossProfit": "138934000",
            "totalRevenue": "169032000",
            "sentiment": 0.33252755551135166,
            "surprise": "0.42",
            "closePrice": "128.085530290568"
        },
        {
            "fiscalDateEnding": "2022-09-30",
            "totalCurrentAssets": "977193000",
            "cashAndShortTermInvestments": "688801000",
            "totalCurrentLiabilities": "138199000",
            "currentDebt": "None",
            "netIncome": "53455000",
            "capitalExpenditures": "14532000",
            "operatingCashflow": "38044000",
            "grossProfit": "123160000",
            "totalRevenue": "160556000",
            "sentiment": 0.10479620402756079,
            "surprise": "0.14",
            "closePrice": "88.7077969900482"
        },
        {
            "fiscalDateEnding": "2022-06-30",
            "totalCurrentAssets": "932157000",
            "cashAndShortTermInvestments": "653345000",
            "totalCurrentLiabilities": "155213000",
            "currentDebt": "None",
            "netIncome": "41502000",
            "capitalExpenditures": "10585000",
            "operatingCashflow": "33522000",
            "grossProfit": "109322000",
            "totalRevenue": "136561000",
            "sentiment": 0.08570970823435851,
            "surprise": "-0.16",
            "closePrice": "117.033814162118"
        },
        {
            "fiscalDateEnding": "2022-03-31",
            "totalCurrentAssets": "959786000",
            "cashAndShortTermInvestments": "682479000",
            "totalCurrentLiabilities": "178254000",
            "currentDebt": "None",
            "netIncome": "49970000",
            "capitalExpenditures": "10763000",
            "operatingCashflow": "52608000",
            "grossProfit": "117307000",
            "totalRevenue": "150470000",
            "sentiment": 0.0582,
            "surprise": "0.07",
            "closePrice": "127.088886871479"
        },
        {
            "fiscalDateEnding": "2021-12-31",
            "totalCurrentAssets": "925934000",
            "cashAndShortTermInvestments": "663187000",
            "totalCurrentLiabilities": "187938000",
            "currentDebt": "None",
            "netIncome": "45876000",
            "capitalExpenditures": "13665000",
            "operatingCashflow": "56779000",
            "grossProfit": "114004000",
            "totalRevenue": "146247000",
            "sentiment": 0,
            "surprise": "-0.05",
            "closePrice": "130.139446953609"
        },
        {
            "fiscalDateEnding": "2021-09-30",
            "totalCurrentAssets": "1055139000",
            "cashAndShortTermInvestments": "788943000",
            "totalCurrentLiabilities": "180261000",
            "currentDebt": "None",
            "netIncome": "46109000",
            "capitalExpenditures": "8828000",
            "operatingCashflow": "75210000",
            "grossProfit": "112137000",
            "totalRevenue": "143618000",
            "sentiment": 0,
            "surprise": "-0.1",
            "closePrice": "180.348330763885"
        },
        {
            "fiscalDateEnding": "2021-06-30",
            "totalCurrentAssets": "992892000",
            "cashAndShortTermInvestments": "733454000",
            "totalCurrentLiabilities": "162563000",
            "currentDebt": "None",
            "netIncome": "40541000",
            "capitalExpenditures": "10826000",
            "operatingCashflow": "29620000",
            "grossProfit": "101691000",
            "totalRevenue": "129660000",
            "sentiment": 0,
            "surprise": "-0.03",
            "closePrice": "228.221816013383"
        },
        {
            "fiscalDateEnding": "2021-03-31",
            "totalCurrentAssets": "959335000",
            "cashAndShortTermInvestments": "726999000",
            "totalCurrentLiabilities": "166332000",
            "currentDebt": "None",
            "netIncome": "51687000",
            "capitalExpenditures": "10236000",
            "operatingCashflow": "29496000",
            "grossProfit": "110702000",
            "totalRevenue": "134000000",
            "sentiment": 0,
            "surprise": "0.29",
            "closePrice": "212.889752398878"
        },
        {
            "fiscalDateEnding": "2020-12-31",
            "totalCurrentAssets": "924606000",
            "cashAndShortTermInvestments": "730008000",
            "totalCurrentLiabilities": "164960000",
            "currentDebt": "None",
            "netIncome": "53902000",
            "capitalExpenditures": "8813000",
            "operatingCashflow": "72965000",
            "grossProfit": "114545000",
            "totalRevenue": "141543000",
            "sentiment": 0,
            "surprise": "0.49",
            "closePrice": "231.135805162527"
        },
        {
            "fiscalDateEnding": "2020-09-30",
            "totalCurrentAssets": "886154000",
            "cashAndShortTermInvestments": "672668000",
            "totalCurrentLiabilities": "182760000",
            "currentDebt": "None",
            "netIncome": "40500000",
            "capitalExpenditures": "7409000",
            "operatingCashflow": "43797000",
            "grossProfit": "93701000",
            "totalRevenue": "117079000",
            "sentiment": 0,
            "surprise": "0.4",
            "closePrice": "192.659463213287"
        },
        {
            "fiscalDateEnding": "2020-06-30",
            "totalCurrentAssets": "830159000",
            "cashAndShortTermInvestments": "644021000",
            "totalCurrentLiabilities": "162695000",
            "currentDebt": "1200000",
            "netIncome": "815000",
            "capitalExpenditures": "7047000",
            "operatingCashflow": "26284000",
            "grossProfit": "45325000",
            "totalRevenue": "57968000",
            "sentiment": 0,
            "surprise": "-0.28",
            "closePrice": "181.55382060561"
        },
        {
            "fiscalDateEnding": "2020-03-31",
            "totalCurrentAssets": "812071000",
            "cashAndShortTermInvestments": "639776000",
            "totalCurrentLiabilities": "136554000",
            "currentDebt": "1400000",
            "netIncome": "38155000",
            "capitalExpenditures": "4782000",
            "operatingCashflow": "5746000",
            "grossProfit": "89818000",
            "totalRevenue": "112277000",
            "sentiment": 0,
            "surprise": "0.16",
            "closePrice": "151.179959623918"
        },
        {
            "fiscalDateEnding": "2019-12-31",
            "totalCurrentAssets": "792439000",
            "cashAndShortTermInvestments": "646088000",
            "totalCurrentLiabilities": "161508000",
            "currentDebt": "1600000",
            "netIncome": "26428000",
            "capitalExpenditures": "4742000",
            "operatingCashflow": "56166000",
            "grossProfit": "83527000",
            "totalRevenue": "101729000",
            "sentiment": 0,
            "surprise": "-0.18",
            "closePrice": "173.585245140247"
        },
        {
            "fiscalDateEnding": "2019-09-30",
            "totalCurrentAssets": "731016000",
            "cashAndShortTermInvestments": "597056000",
            "totalCurrentLiabilities": "148392000",
            "currentDebt": "1700000",
            "netIncome": "36962000",
            "capitalExpenditures": "4995000",
            "operatingCashflow": "53867000",
            "grossProfit": "80229000",
            "totalRevenue": "97515000",
            "sentiment": 0,
            "surprise": "0.2",
            "closePrice": "168.527450149343"
        },
        {
            "fiscalDateEnding": "2019-06-30",
            "totalCurrentAssets": "688694000",
            "cashAndShortTermInvestments": "552711000",
            "totalCurrentLiabilities": "139736000",
            "currentDebt": "1300000",
            "netIncome": "43440000",
            "capitalExpenditures": "7039000",
            "operatingCashflow": "49829000",
            "grossProfit": "94096000",
            "totalRevenue": "118168000",
            "sentiment": 0,
            "surprise": "0.46",
            "closePrice": "202.644884809075"
        },
        {
            "fiscalDateEnding": "2019-03-31",
            "totalCurrentAssets": "652172000",
            "cashAndShortTermInvestments": "526597000",
            "totalCurrentLiabilities": "131574000",
            "currentDebt": "None",
            "netIncome": "31474000",
            "capitalExpenditures": "13684000",
            "operatingCashflow": "34050000",
            "grossProfit": "71951000",
            "totalRevenue": "87765000",
            "sentiment": 0,
            "surprise": "0.37",
            "closePrice": "151.809060046434"
        },
        {
            "fiscalDateEnding": "2018-12-31",
            "totalCurrentAssets": "634840000",
            "cashAndShortTermInvestments": "515345000",
            "totalCurrentLiabilities": "133182000",
            "currentDebt": "None",
            "netIncome": "19249000",
            "capitalExpenditures": "4466000",
            "operatingCashflow": "26840000",
            "grossProfit": "51818000",
            "totalRevenue": "70143000",
            "sentiment": 0,
            "surprise": "0.11",
            "closePrice": "114.78113572345"
        },
        {
            "fiscalDateEnding": "2018-09-30",
            "totalCurrentAssets": "617791000",
            "cashAndShortTermInvestments": "493610000",
            "totalCurrentLiabilities": "114279000",
            "currentDebt": "None",
            "netIncome": "22818000",
            "capitalExpenditures": "7505000",
            "operatingCashflow": "45004000",
            "grossProfit": "61427000",
            "totalRevenue": "77550000",
            "sentiment": 0,
            "surprise": "-0.18",
            "closePrice": "125.524329315887"
        },
        {
            "fiscalDateEnding": "2018-06-30",
            "totalCurrentAssets": "569365000",
            "cashAndShortTermInvestments": "457428000",
            "totalCurrentLiabilities": "101540000",
            "currentDebt": "None",
            "netIncome": "10814000",
            "capitalExpenditures": "4687000",
            "operatingCashflow": "11137000",
            "grossProfit": "44514000",
            "totalRevenue": "56149000",
            "sentiment": 0,
            "surprise": "0.08",
            "closePrice": "97.8826277703248"
        },
        {
            "fiscalDateEnding": "2018-03-31",
            "totalCurrentAssets": "547964000",
            "cashAndShortTermInvestments": "457257000",
            "totalCurrentLiabilities": "99228000",
            "currentDebt": "None",
            "netIncome": "5959000",
            "capitalExpenditures": "8733000",
            "operatingCashflow": "38815000",
            "grossProfit": "36114000",
            "totalRevenue": "43572000",
            "sentiment": 0,
            "surprise": "0",
            "closePrice": "87.9102307271567"
        },
        {
            "fiscalDateEnding": "2017-12-31",
            "totalCurrentAssets": "519182000",
            "cashAndShortTermInvestments": "420286000",
            "totalCurrentLiabilities": "63824000",
            "currentDebt": "None",
            "netIncome": "32813000",
            "capitalExpenditures": "6582000",
            "operatingCashflow": "62104000",
            "grossProfit": "98931000",
            "totalRevenue": "115867000",
            "sentiment": 0,
            "surprise": "0.08",
            "closePrice": "149.733807487765"
        },
        {
            "fiscalDateEnding": "2017-09-30",
            "totalCurrentAssets": "450651000",
            "cashAndShortTermInvestments": "365435000",
            "totalCurrentLiabilities": "46276000",
            "currentDebt": "None",
            "netIncome": "13520000",
            "capitalExpenditures": "13504000",
            "operatingCashflow": "14632000",
            "grossProfit": "48218000",
            "totalRevenue": "61683000",
            "sentiment": 0,
            "surprise": "0.16",
            "closePrice": "139.511121477292"
        },
        {
            "fiscalDateEnding": "2017-06-30",
            "totalCurrentAssets": "436885000",
            "cashAndShortTermInvestments": "365555000",
            "totalCurrentLiabilities": "41421000",
            "currentDebt": "None",
            "netIncome": "47187000",
            "capitalExpenditures": "9086000",
            "operatingCashflow": "54985000",
            "grossProfit": "91203000",
            "totalRevenue": "102513000",
            "sentiment": 0,
            "surprise": "0.27",
            "closePrice": "115.081383327249"
        },
        {
            "fiscalDateEnding": "2017-03-31",
            "totalCurrentAssets": "383742000",
            "cashAndShortTermInvestments": "324978000",
            "totalCurrentLiabilities": "33230000",
            "currentDebt": "None",
            "netIncome": "10365000",
            "capitalExpenditures": "631000",
            "operatingCashflow": "1644000",
            "grossProfit": "42579000",
            "totalRevenue": "55566000",
            "sentiment": 0,
            "surprise": "0.2317",
            "closePrice": "86.7966511175157"
        },
        {
            "fiscalDateEnding": "2016-12-31",
            "totalCurrentAssets": "385370000",
            "cashAndShortTermInvestments": "328009000",
            "totalCurrentLiabilities": "40206000",
            "currentDebt": "None",
            "netIncome": "25819000",
            "capitalExpenditures": "2939000",
            "operatingCashflow": "40004000",
            "grossProfit": "65483000",
            "totalRevenue": "74577000",
            "sentiment": 0,
            "surprise": "0.21",
            "closePrice": "65.1345187114686"
        },
        {
            "fiscalDateEnding": "2016-09-30",
            "totalCurrentAssets": "342030000",
            "cashAndShortTermInvestments": "285868000",
            "totalCurrentLiabilities": "30617000",
            "currentDebt": "None",
            "netIncome": "-1500000",
            "capitalExpenditures": "2155000",
            "operatingCashflow": "4103000",
            "grossProfit": "23756000",
            "totalRevenue": "30214000",
            "sentiment": 0,
            "surprise": "0.01",
            "closePrice": "50.1666159682846"
        },
        {
            "fiscalDateEnding": "2016-06-30",
            "totalCurrentAssets": "366320000",
            "cashAndShortTermInvestments": "316211000",
            "totalCurrentLiabilities": "27724000",
            "currentDebt": "None",
            "netIncome": "21802000",
            "capitalExpenditures": "97679000",
            "operatingCashflow": "36021000",
            "grossProfit": "58708000",
            "totalRevenue": "64392000",
            "sentiment": 0,
            "surprise": "-0.04",
            "closePrice": "67.838397916689"
        },
        {
            "fiscalDateEnding": "2016-03-31",
            "totalCurrentAssets": "432395000",
            "cashAndShortTermInvestments": "379589000",
            "totalCurrentLiabilities": "25150000",
            "currentDebt": "None",
            "netIncome": "1949000",
            "capitalExpenditures": "516000",
            "operatingCashflow": "210000",
            "grossProfit": "24651000",
            "totalRevenue": "29703000",
            "sentiment": 0,
            "surprise": "0.05",
            "closePrice": "54.3190018905873"
        },
        {
            "fiscalDateEnding": "2015-12-31",
            "totalCurrentAssets": "447684000",
            "cashAndShortTermInvestments": "395494000",
            "totalCurrentLiabilities": "34510000",
            "currentDebt": "None",
            "netIncome": "18088000",
            "capitalExpenditures": "453000",
            "operatingCashflow": "32991000",
            "grossProfit": "131646000",
            "totalRevenue": "62312000",
            "sentiment": 0,
            "surprise": "-0.12",
            "closePrice": "47.9745424697667"
        },
        {
            "fiscalDateEnding": "2015-09-30",
            "totalCurrentAssets": "423895000",
            "cashAndShortTermInvestments": "361549000",
            "totalCurrentLiabilities": "44247000",
            "currentDebt": "None",
            "netIncome": "7047000",
            "capitalExpenditures": "1504000",
            "operatingCashflow": "5443000",
            "grossProfit": "17047000",
            "totalRevenue": "39419000",
            "sentiment": 0,
            "surprise": "0.05",
            "closePrice": "34.6965642298453"
        },
        {
            "fiscalDateEnding": "2015-06-30",
            "totalCurrentAssets": "410220000",
            "cashAndShortTermInvestments": "356237000",
            "totalCurrentLiabilities": "45153000",
            "currentDebt": "None",
            "netIncome": "-11771000",
            "capitalExpenditures": "1196000",
            "operatingCashflow": "28198000",
            "grossProfit": "-29584000",
            "totalRevenue": "58092000",
            "sentiment": 0,
            "surprise": "-0.04",
            "closePrice": "43.1268733232645"
        },
        {
            "fiscalDateEnding": "2015-03-31",
            "totalCurrentAssets": "407340000",
            "cashAndShortTermInvestments": "328528000",
            "totalCurrentLiabilities": "39391000",
            "currentDebt": "None",
            "netIncome": "1314000",
            "capitalExpenditures": "1950000",
            "operatingCashflow": "46980000",
            "grossProfit": "8940000",
            "totalRevenue": "31223000",
            "sentiment": 0,
            "surprise": "0.02",
            "closePrice": "43.6483357414141"
        },
        {
            "fiscalDateEnding": "2014-12-31",
            "totalCurrentAssets": "370505000",
            "cashAndShortTermInvestments": "288506000",
            "totalCurrentLiabilities": "26823000",
            "currentDebt": "None",
            "netIncome": "13126000",
            "capitalExpenditures": "1939000",
            "operatingCashflow": "28493000",
            "grossProfit": "87780000",
            "totalRevenue": "56173000",
            "sentiment": 0,
            "surprise": "-0.04",
            "closePrice": "35.4980712799642"
        },
        {
            "fiscalDateEnding": "2014-09-30",
            "totalCurrentAssets": "350998000",
            "cashAndShortTermInvestments": "268359000",
            "totalCurrentLiabilities": "19888000",
            "currentDebt": "None",
            "netIncome": "4284000",
            "capitalExpenditures": "1263000",
            "operatingCashflow": "-6231000",
            "grossProfit": "11246000",
            "totalRevenue": "32892000",
            "sentiment": 0,
            "surprise": "0.02",
            "closePrice": "26.39179238524"
        },
        {
            "fiscalDateEnding": "2014-06-30",
            "totalCurrentAssets": "363411000",
            "cashAndShortTermInvestments": "290885000",
            "totalCurrentLiabilities": "25740000",
            "currentDebt": "None",
            "netIncome": "20422000",
            "capitalExpenditures": "2034000",
            "operatingCashflow": "32328000",
            "grossProfit": "36634000",
            "totalRevenue": "64127000",
            "sentiment": 0,
            "surprise": "0.04",
            "closePrice": "30.157909849654"
        },
        {
            "fiscalDateEnding": "2014-03-31",
            "totalCurrentAssets": "337729000",
            "cashAndShortTermInvestments": "266921000",
            "totalCurrentLiabilities": "19740000",
            "currentDebt": "None",
            "netIncome": "4022000",
            "capitalExpenditures": "917000",
            "operatingCashflow": "-7320000",
            "grossProfit": "14034000",
            "totalRevenue": "37839000",
            "sentiment": 0,
            "surprise": "0.07",
            "closePrice": "24.016241369225"
        },
        {
            "fiscalDateEnding": "2013-12-31",
            "totalCurrentAssets": "327048000",
            "cashAndShortTermInvestments": "272610000",
            "totalCurrentLiabilities": "23229000",
            "currentDebt": "None",
            "netIncome": "57886000",
            "capitalExpenditures": "869000",
            "operatingCashflow": "22411000",
            "grossProfit": "49478000",
            "totalRevenue": "49478000",
            "sentiment": 0,
            "surprise": "0.01",
            "closePrice": "33.9723108713042"
        },
        {
            "fiscalDateEnding": "2013-09-30",
            "totalCurrentAssets": "280302000",
            "cashAndShortTermInvestments": "248278000",
            "totalCurrentLiabilities": "21402000",
            "currentDebt": "None",
            "netIncome": "5542000",
            "capitalExpenditures": "1658000",
            "operatingCashflow": "7041000",
            "grossProfit": "12109000",
            "totalRevenue": "32826000",
            "sentiment": 0,
            "surprise": "0.16",
            "closePrice": "28.1493138686332"
        },
        {
            "fiscalDateEnding": "2013-06-30",
            "totalCurrentAssets": "274051000",
            "cashAndShortTermInvestments": "244685000",
            "totalCurrentLiabilities": "23090000",
            "currentDebt": "None",
            "netIncome": "15382000",
            "capitalExpenditures": "1924000",
            "operatingCashflow": "26433000",
            "grossProfit": "29047000",
            "totalRevenue": "49359000",
            "sentiment": 0,
            "surprise": "0.07",
            "closePrice": "28.361761520472"
        },
        {
            "fiscalDateEnding": "2013-03-31",
            "totalCurrentAssets": "248088000",
            "cashAndShortTermInvestments": "220847000",
            "totalCurrentLiabilities": "15189000",
            "currentDebt": "None",
            "netIncome": "-4758000",
            "capitalExpenditures": "618000",
            "operatingCashflow": "-10898000",
            "grossProfit": "-958000",
            "totalRevenue": "14976000",
            "sentiment": 0,
            "surprise": "-0.01",
            "closePrice": "32.2051326764637"
        },
        {
            "fiscalDateEnding": "2012-12-31",
            "totalCurrentAssets": "267545000",
            "cashAndShortTermInvestments": "243941000",
            "totalCurrentLiabilities": "22299000",
            "currentDebt": "None",
            "netIncome": "5385000",
            "capitalExpenditures": "459000",
            "operatingCashflow": "10575000",
            "grossProfit": "28133000",
            "totalRevenue": "28133000",
            "sentiment": 0,
            "surprise": "-0.01",
            "closePrice": "26.9422249377313"
        },
        {
            "fiscalDateEnding": "2012-09-30",
            "totalCurrentAssets": "260490000",
            "cashAndShortTermInvestments": "238778000",
            "totalCurrentLiabilities": "20109000",
            "currentDebt": "None",
            "netIncome": "-5468000",
            "capitalExpenditures": "113452000",
            "operatingCashflow": "-2022000",
            "grossProfit": "2116000",
            "totalRevenue": "12504000",
            "sentiment": 0,
            "surprise": "-0.09",
            "closePrice": "27.2126128582533"
        },
        {
            "fiscalDateEnding": "2012-06-30",
            "totalCurrentAssets": "372069000",
            "cashAndShortTermInvestments": "350016000",
            "totalCurrentLiabilities": "20918000",
            "currentDebt": "None",
            "netIncome": "10964000",
            "capitalExpenditures": "-3874000",
            "operatingCashflow": "11213000",
            "grossProfit": "20146000",
            "totalRevenue": "29987000",
            "sentiment": 0,
            "surprise": "-0.01",
            "closePrice": "31.6933269697613"
        },
        {
            "fiscalDateEnding": "2012-03-31",
            "totalCurrentAssets": "355331000",
            "cashAndShortTermInvestments": "353930000",
            "totalCurrentLiabilities": "17287000",
            "currentDebt": "None",
            "netIncome": "-1221000",
            "capitalExpenditures": "1802000",
            "operatingCashflow": "-2012000",
            "grossProfit": "20122000",
            "totalRevenue": "12620000",
            "sentiment": 0,
            "surprise": "-0.07",
            "closePrice": "37.8156820272959"
        },
        {
            "fiscalDateEnding": "2011-12-31",
            "totalCurrentAssets": "362304000",
            "cashAndShortTermInvestments": "346089000",
            "totalCurrentLiabilities": "19517000",
            "currentDebt": "None",
            "netIncome": "5734000",
            "capitalExpenditures": "415589",
            "operatingCashflow": "8614000",
            "grossProfit": "18658583",
            "totalRevenue": "18659000",
            "sentiment": 0,
            "surprise": "0.1",
            "closePrice": "44.1118578908805"
        },
        {
            "fiscalDateEnding": "2011-09-30",
            "totalCurrentAssets": "353660693",
            "cashAndShortTermInvestments": "337953172",
            "totalCurrentLiabilities": "18236637",
            "currentDebt": "None",
            "netIncome": "5989000",
            "capitalExpenditures": "698072",
            "operatingCashflow": "5955000",
            "grossProfit": "12014502",
            "totalRevenue": "21777000",
            "sentiment": 0,
            "surprise": "0.13",
            "closePrice": "47.7427813950335"
        },
        {
            "fiscalDateEnding": "2011-06-30",
            "totalCurrentAssets": "335781957",
            "cashAndShortTermInvestments": "326398726",
            "totalCurrentLiabilities": "18234858",
            "currentDebt": "None",
            "netIncome": "3313000",
            "capitalExpenditures": "1034966",
            "operatingCashflow": "223000",
            "grossProfit": "4480739",
            "totalRevenue": "11252000",
            "sentiment": 0,
            "surprise": "0.04",
            "closePrice": "22.0173020996514"
        }
    ]
}