{
    "ON": [
        {
            "fiscalDateEnding": "2023-12-31",
            "totalCurrentAssets": "5912300000",
            "cashAndShortTermInvestments": "2483000000",
            "totalCurrentLiabilities": "2183600000",
            "currentDebt": "794800000",
            "netIncome": "562700000",
            "capitalExpenditures": "390500000",
            "operatingCashflow": "611200000",
            "grossProfit": "941900000",
            "totalRevenue": "2018100000",
            "sentiment": 0.11963501959836167,
            "surprise": "0.04",
            "closePrice": "77.59"
        },
        {
            "fiscalDateEnding": "2023-09-30",
            "totalCurrentAssets": "6085400000",
            "cashAndShortTermInvestments": "2679200000",
            "totalCurrentLiabilities": "2494800000",
            "currentDebt": "918100000",
            "netIncome": "582700000",
            "capitalExpenditures": "433000000",
            "operatingCashflow": "566600000",
            "grossProfit": "1030700000",
            "totalRevenue": "2180800000",
            "sentiment": 0.15300816339630208,
            "surprise": "0.05",
            "closePrice": "65.34"
        },
        {
            "fiscalDateEnding": "2023-06-30",
            "totalCurrentAssets": "5930200000",
            "cashAndShortTermInvestments": "2622200000",
            "totalCurrentLiabilities": "2480700000",
            "currentDebt": "919100000",
            "netIncome": "576600000",
            "capitalExpenditures": "430600000",
            "operatingCashflow": "390800000",
            "grossProfit": "993400000",
            "totalRevenue": "2094400000",
            "sentiment": 0.15557664247908123,
            "surprise": "0.12",
            "closePrice": "107.75"
        },
        {
            "fiscalDateEnding": "2023-03-31",
            "totalCurrentAssets": "5716300000",
            "cashAndShortTermInvestments": "2702400000",
            "totalCurrentLiabilities": "2580000000",
            "currentDebt": "937800000",
            "netIncome": "461700000",
            "capitalExpenditures": "321500000",
            "operatingCashflow": "408900000",
            "grossProfit": "917500000",
            "totalRevenue": "1959700000",
            "sentiment": 0.13324345479572589,
            "surprise": "0.1",
            "closePrice": "78.33"
        },
        {
            "fiscalDateEnding": "2022-12-31",
            "totalCurrentAssets": "5729400000",
            "cashAndShortTermInvestments": "2919000000",
            "totalCurrentLiabilities": "2061400000",
            "currentDebt": "162000000",
            "netIncome": "604300000",
            "capitalExpenditures": "342000000",
            "operatingCashflow": "731300000",
            "grossProfit": "1020500000",
            "totalRevenue": "2103600000",
            "sentiment": 0.05493308752321304,
            "surprise": "0.05",
            "closePrice": "80.4"
        },
        {
            "fiscalDateEnding": "2022-09-30",
            "totalCurrentAssets": "5309400000",
            "cashAndShortTermInvestments": "2450200000",
            "totalCurrentLiabilities": "1761000000",
            "currentDebt": "176900000",
            "netIncome": "311900000",
            "capitalExpenditures": "271100000",
            "operatingCashflow": "1002400000",
            "grossProfit": "1058300000",
            "totalRevenue": "2192600000",
            "sentiment": 0.1442625274553492,
            "surprise": "0.14",
            "closePrice": "61.43"
        },
        {
            "fiscalDateEnding": "2022-06-30",
            "totalCurrentAssets": "4785300000",
            "cashAndShortTermInvestments": "1791600000",
            "totalCurrentLiabilities": "1713300000",
            "currentDebt": "None",
            "netIncome": "455800000",
            "capitalExpenditures": "218100000",
            "operatingCashflow": "420800000",
            "grossProfit": "1037100000",
            "totalRevenue": "2085000000",
            "sentiment": 0.07035764787565266,
            "surprise": "0.08",
            "closePrice": "63.66"
        },
        {
            "fiscalDateEnding": "2022-03-31",
            "totalCurrentAssets": "4367400000",
            "cashAndShortTermInvestments": "1645100000",
            "totalCurrentLiabilities": "1566100000",
            "currentDebt": "None",
            "netIncome": "530200000",
            "capitalExpenditures": "173800000",
            "operatingCashflow": "478600000",
            "grossProfit": "961300000",
            "totalRevenue": "1945000000",
            "sentiment": 0.02767110012483436,
            "surprise": "0.17",
            "closePrice": "55.62"
        },
        {
            "fiscalDateEnding": "2021-12-31",
            "totalCurrentAssets": "3781600000",
            "cashAndShortTermInvestments": "1352600000",
            "totalCurrentLiabilities": "1543400000",
            "currentDebt": "173400000",
            "netIncome": "425900000",
            "capitalExpenditures": "169600000",
            "operatingCashflow": "626600000",
            "grossProfit": "832200000",
            "totalRevenue": "1846100000",
            "sentiment": 0,
            "surprise": "0.15",
            "closePrice": "62.26"
        },
        {
            "fiscalDateEnding": "2021-09-30",
            "totalCurrentAssets": "3641800000",
            "cashAndShortTermInvestments": "1389200000",
            "totalCurrentLiabilities": "1444100000",
            "currentDebt": "None",
            "netIncome": "309700000",
            "capitalExpenditures": "93200000",
            "operatingCashflow": "448900000",
            "grossProfit": "720800000",
            "totalRevenue": "1742100000",
            "sentiment": 0,
            "surprise": "0.13",
            "closePrice": "54.99"
        },
        {
            "fiscalDateEnding": "2021-06-30",
            "totalCurrentAssets": "3229900000",
            "cashAndShortTermInvestments": "1091100000",
            "totalCurrentLiabilities": "1455100000",
            "currentDebt": "None",
            "netIncome": "184100000",
            "capitalExpenditures": "104800000",
            "operatingCashflow": "488000000",
            "grossProfit": "640100000",
            "totalRevenue": "1669900000",
            "sentiment": 0,
            "surprise": "0.14",
            "closePrice": "43.64"
        },
        {
            "fiscalDateEnding": "2021-03-31",
            "totalCurrentAssets": "3187600000",
            "cashAndShortTermInvestments": "1042500000",
            "totalCurrentLiabilities": "1730000000",
            "currentDebt": "None",
            "netIncome": "89900000",
            "capitalExpenditures": "77000000",
            "operatingCashflow": "218500000",
            "grossProfit": "521200000",
            "totalRevenue": "1481700000",
            "sentiment": 0,
            "surprise": "0.01",
            "closePrice": "37.57"
        },
        {
            "fiscalDateEnding": "2020-12-31",
            "totalCurrentAssets": "3184100000",
            "cashAndShortTermInvestments": "1080700000",
            "totalCurrentLiabilities": "1674500000",
            "currentDebt": "531600000",
            "netIncome": "89000000",
            "capitalExpenditures": "116400000",
            "operatingCashflow": "400400000",
            "grossProfit": "497600000",
            "totalRevenue": "1446300000",
            "sentiment": 0,
            "surprise": "0.07",
            "closePrice": "36.71"
        },
        {
            "fiscalDateEnding": "2020-09-30",
            "totalCurrentAssets": "3812600000",
            "cashAndShortTermInvestments": "1654000000",
            "totalCurrentLiabilities": "1803100000",
            "currentDebt": "None",
            "netIncome": "160600000",
            "capitalExpenditures": "61600000",
            "operatingCashflow": "163400000",
            "grossProfit": "441200000",
            "totalRevenue": "1317300000",
            "sentiment": 0,
            "surprise": "0.07",
            "closePrice": "24.36"
        },
        {
            "fiscalDateEnding": "2020-06-30",
            "totalCurrentAssets": "4144400000",
            "cashAndShortTermInvestments": "2060400000",
            "totalCurrentLiabilities": "1764600000",
            "currentDebt": "None",
            "netIncome": "-1400000",
            "capitalExpenditures": "73300000",
            "operatingCashflow": "154500000",
            "grossProfit": "374300000",
            "totalRevenue": "1213500000",
            "sentiment": 0,
            "surprise": "0.1",
            "closePrice": "21.92"
        },
        {
            "fiscalDateEnding": "2020-03-31",
            "totalCurrentAssets": "4032300000",
            "cashAndShortTermInvestments": "1982000000",
            "totalCurrentLiabilities": "1736100000",
            "currentDebt": "None",
            "netIncome": "-14000000",
            "capitalExpenditures": "132300000",
            "operatingCashflow": "166000000",
            "grossProfit": "402700000",
            "totalRevenue": "1277900000",
            "sentiment": 0,
            "surprise": "-0.05",
            "closePrice": "15.66"
        },
        {
            "fiscalDateEnding": "2019-12-31",
            "totalCurrentAssets": "3020000000",
            "cashAndShortTermInvestments": "894200000",
            "totalCurrentLiabilities": "1818400000",
            "currentDebt": "None",
            "netIncome": "56500000",
            "capitalExpenditures": "112400000",
            "operatingCashflow": "91700000",
            "grossProfit": "485700000",
            "totalRevenue": "1401800000",
            "sentiment": 0,
            "surprise": "-0.02",
            "closePrice": "19.905"
        },
        {
            "fiscalDateEnding": "2019-09-30",
            "totalCurrentAssets": "3073000000",
            "cashAndShortTermInvestments": "928700000",
            "totalCurrentLiabilities": "2001600000",
            "currentDebt": "660400000",
            "netIncome": "-60700000",
            "capitalExpenditures": "111700000",
            "operatingCashflow": "242200000",
            "grossProfit": "475200000",
            "totalRevenue": "1381800000",
            "sentiment": 0,
            "surprise": "-0.03",
            "closePrice": "21.21"
        },
        {
            "fiscalDateEnding": "2019-06-30",
            "totalCurrentAssets": "3064200000",
            "cashAndShortTermInvestments": "885200000",
            "totalCurrentLiabilities": "1266800000",
            "currentDebt": "None",
            "netIncome": "101800000",
            "capitalExpenditures": "153500000",
            "operatingCashflow": "222600000",
            "grossProfit": "499000000",
            "totalRevenue": "1347700000",
            "sentiment": 0,
            "surprise": "0",
            "closePrice": "17.85"
        },
        {
            "fiscalDateEnding": "2019-03-31",
            "totalCurrentAssets": "3046700000",
            "cashAndShortTermInvestments": "939600000",
            "totalCurrentLiabilities": "1317500000",
            "currentDebt": "None",
            "netIncome": "114100000",
            "capitalExpenditures": "157000000",
            "operatingCashflow": "138200000",
            "grossProfit": "513700000",
            "totalRevenue": "1386600000",
            "sentiment": 0,
            "surprise": "0.03",
            "closePrice": "22.2"
        },
        {
            "fiscalDateEnding": "2018-12-31",
            "totalCurrentAssets": "3167800000",
            "cashAndShortTermInvestments": "1069600000",
            "totalCurrentLiabilities": "1469300000",
            "currentDebt": "None",
            "netIncome": "165600000",
            "capitalExpenditures": "132000000",
            "operatingCashflow": "421000000",
            "grossProfit": "569700000",
            "totalRevenue": "1503100000",
            "sentiment": 0,
            "surprise": "0.06",
            "closePrice": "20.8"
        },
        {
            "fiscalDateEnding": "2018-09-30",
            "totalCurrentAssets": "3097000000",
            "cashAndShortTermInvestments": "951000000",
            "totalCurrentLiabilities": "1314700000",
            "currentDebt": "None",
            "netIncome": "166900000",
            "capitalExpenditures": "130400000",
            "operatingCashflow": "358200000",
            "grossProfit": "596600000",
            "totalRevenue": "1541700000",
            "sentiment": 0,
            "surprise": "0.06",
            "closePrice": "15.91"
        },
        {
            "fiscalDateEnding": "2018-06-30",
            "totalCurrentAssets": "2927000000",
            "cashAndShortTermInvestments": "850200000",
            "totalCurrentLiabilities": "1895000000",
            "currentDebt": "None",
            "netIncome": "155300000",
            "capitalExpenditures": "152900000",
            "operatingCashflow": "268500000",
            "grossProfit": "555000000",
            "totalRevenue": "1455900000",
            "sentiment": 0,
            "surprise": "0.01",
            "closePrice": "22.36"
        },
        {
            "fiscalDateEnding": "2018-03-31",
            "totalCurrentAssets": "2967000000",
            "cashAndShortTermInvestments": "924900000",
            "totalCurrentLiabilities": "1945000000",
            "currentDebt": "None",
            "netIncome": "139600000",
            "capitalExpenditures": "99500000",
            "operatingCashflow": "226500000",
            "grossProfit": "517400000",
            "totalRevenue": "1377600000",
            "sentiment": 0,
            "surprise": "0.01",
            "closePrice": "22.08"
        },
        {
            "fiscalDateEnding": "2017-12-31",
            "totalCurrentAssets": "2933200000",
            "cashAndShortTermInvestments": "949200000",
            "totalCurrentLiabilities": "1408900000",
            "currentDebt": "None",
            "netIncome": "529900000",
            "capitalExpenditures": "175700000",
            "operatingCashflow": "224300000",
            "grossProfit": "516500000",
            "totalRevenue": "1377500000",
            "sentiment": 0,
            "surprise": "0.02",
            "closePrice": "23.69"
        },
        {
            "fiscalDateEnding": "2017-09-30",
            "totalCurrentAssets": "2815400000",
            "cashAndShortTermInvestments": "901200000",
            "totalCurrentLiabilities": "1429300000",
            "currentDebt": "None",
            "netIncome": "108700000",
            "capitalExpenditures": "90100000",
            "operatingCashflow": "328200000",
            "grossProfit": "524000000",
            "totalRevenue": "1390900000",
            "sentiment": 0,
            "surprise": "-0.09",
            "closePrice": "21.41"
        },
        {
            "fiscalDateEnding": "2017-06-30",
            "totalCurrentAssets": "2764300000",
            "cashAndShortTermInvestments": "871600000",
            "totalCurrentLiabilities": "1363200000",
            "currentDebt": "None",
            "netIncome": "93900000",
            "capitalExpenditures": "69000000",
            "operatingCashflow": "333200000",
            "grossProfit": "492000000",
            "totalRevenue": "1338000000",
            "sentiment": 0,
            "surprise": "-0.06",
            "closePrice": "16.33"
        },
        {
            "fiscalDateEnding": "2017-03-31",
            "totalCurrentAssets": "2609100000",
            "cashAndShortTermInvestments": "728900000",
            "totalCurrentLiabilities": "1212000000",
            "currentDebt": "None",
            "netIncome": "78200000",
            "capitalExpenditures": "52700000",
            "operatingCashflow": "208500000",
            "grossProfit": "503100000",
            "totalRevenue": "1436700000",
            "sentiment": 0,
            "surprise": "-0.02",
            "closePrice": "14.43"
        },
        {
            "fiscalDateEnding": "2016-12-31",
            "totalCurrentAssets": "2869100000",
            "cashAndShortTermInvestments": "1028100000",
            "totalCurrentLiabilities": "1502600000",
            "currentDebt": "None",
            "netIncome": "110900000",
            "capitalExpenditures": "49900000",
            "operatingCashflow": "229300000",
            "grossProfit": "384500000",
            "totalRevenue": "1261000000",
            "sentiment": 0,
            "surprise": "0.06",
            "closePrice": "14.94"
        },
        {
            "fiscalDateEnding": "2016-09-30",
            "totalCurrentAssets": "2802400000",
            "cashAndShortTermInvestments": "880500000",
            "totalCurrentLiabilities": "1497900000",
            "currentDebt": "None",
            "netIncome": "10100000",
            "capitalExpenditures": "35900000",
            "operatingCashflow": "132700000",
            "grossProfit": "329000000",
            "totalRevenue": "950900000",
            "sentiment": 0,
            "surprise": "0",
            "closePrice": "11.46"
        },
        {
            "fiscalDateEnding": "2016-06-30",
            "totalCurrentAssets": "1921800000",
            "cashAndShortTermInvestments": "588100000",
            "totalCurrentLiabilities": "1260500000",
            "currentDebt": "None",
            "netIncome": "25100000",
            "capitalExpenditures": "52000000",
            "operatingCashflow": "104200000",
            "grossProfit": "307900000",
            "totalRevenue": "877800000",
            "sentiment": 0,
            "surprise": "0.02",
            "closePrice": "10.11"
        },
        {
            "fiscalDateEnding": "2016-03-31",
            "totalCurrentAssets": "1901700000",
            "cashAndShortTermInvestments": "619500000",
            "totalCurrentLiabilities": "1189400000",
            "currentDebt": "None",
            "netIncome": "36000000",
            "capitalExpenditures": "72900000",
            "operatingCashflow": "114900000",
            "grossProfit": "275500000",
            "totalRevenue": "817200000",
            "sentiment": 0,
            "surprise": "0.02",
            "closePrice": "9.11"
        },
        {
            "fiscalDateEnding": "2015-12-31",
            "totalCurrentAssets": "1891500000",
            "cashAndShortTermInvestments": "617600000",
            "totalCurrentLiabilities": "1239300000",
            "currentDebt": "None",
            "netIncome": "54100000",
            "capitalExpenditures": "78500000",
            "operatingCashflow": "157200000",
            "grossProfit": "279900000",
            "totalRevenue": "840300000",
            "sentiment": 0,
            "surprise": "0",
            "closePrice": "7.4"
        },
        {
            "fiscalDateEnding": "2015-09-30",
            "totalCurrentAssets": "1952700000",
            "cashAndShortTermInvestments": "557600000",
            "totalCurrentLiabilities": "1338000000",
            "currentDebt": "None",
            "netIncome": "46300000",
            "capitalExpenditures": "64500000",
            "operatingCashflow": "128300000",
            "grossProfit": "308500000",
            "totalRevenue": "904200000",
            "sentiment": 0,
            "surprise": "0",
            "closePrice": "10.28"
        },
        {
            "fiscalDateEnding": "2015-06-30",
            "totalCurrentAssets": "1932100000",
            "cashAndShortTermInvestments": "577900000",
            "totalCurrentLiabilities": "1320300000",
            "currentDebt": "None",
            "netIncome": "50700000",
            "capitalExpenditures": "75500000",
            "operatingCashflow": "101600000",
            "grossProfit": "304400000",
            "totalRevenue": "880500000",
            "sentiment": 0,
            "surprise": "0",
            "closePrice": "10.34"
        },
        {
            "fiscalDateEnding": "2015-03-31",
            "totalCurrentAssets": "1758900000",
            "cashAndShortTermInvestments": "429400000",
            "totalCurrentLiabilities": "1013700000",
            "currentDebt": "None",
            "netIncome": "55100000",
            "capitalExpenditures": "64800000",
            "operatingCashflow": "83500000",
            "grossProfit": "300400000",
            "totalRevenue": "870800000",
            "sentiment": 0,
            "surprise": "0.02",
            "closePrice": "12.5"
        },
        {
            "fiscalDateEnding": "2014-12-31",
            "totalCurrentAssets": "1805800000",
            "cashAndShortTermInvestments": "517800000",
            "totalCurrentLiabilities": "1040800000",
            "currentDebt": "None",
            "netIncome": "-600000",
            "capitalExpenditures": "55800000",
            "operatingCashflow": "162500000",
            "grossProfit": "277700000",
            "totalRevenue": "864200000",
            "sentiment": 0,
            "surprise": "0.01",
            "closePrice": "10.27"
        },
        {
            "fiscalDateEnding": "2014-09-30",
            "totalCurrentAssets": "1813200000",
            "cashAndShortTermInvestments": "494900000",
            "totalCurrentLiabilities": "1013000000",
            "currentDebt": "None",
            "netIncome": "40500000",
            "capitalExpenditures": "66500000",
            "operatingCashflow": "92300000",
            "grossProfit": "280900000",
            "totalRevenue": "833500000",
            "sentiment": 0,
            "surprise": "-0.02",
            "closePrice": "8.01"
        },
        {
            "fiscalDateEnding": "2014-06-30",
            "totalCurrentAssets": "1761600000",
            "cashAndShortTermInvestments": "601200000",
            "totalCurrentLiabilities": "869300000",
            "currentDebt": "None",
            "netIncome": "94100000",
            "capitalExpenditures": "48800000",
            "operatingCashflow": "151600000",
            "grossProfit": "278100000",
            "totalRevenue": "757600000",
            "sentiment": 0,
            "surprise": "0.01",
            "closePrice": "8.56"
        },
        {
            "fiscalDateEnding": "2014-03-31",
            "totalCurrentAssets": "1737300000",
            "cashAndShortTermInvestments": "617000000",
            "totalCurrentLiabilities": "824200000",
            "currentDebt": "None",
            "netIncome": "55700000",
            "capitalExpenditures": "47700000",
            "operatingCashflow": "74900000",
            "grossProfit": "248200000",
            "totalRevenue": "706500000",
            "sentiment": 0,
            "surprise": "0.02",
            "closePrice": "9.38"
        },
        {
            "fiscalDateEnding": "2013-12-31",
            "totalCurrentAssets": "1707200000",
            "cashAndShortTermInvestments": "625700000",
            "totalCurrentLiabilities": "819200000",
            "currentDebt": "None",
            "netIncome": "37800000",
            "capitalExpenditures": "23900000",
            "operatingCashflow": "127000000",
            "grossProfit": "250400000",
            "totalRevenue": "718000000",
            "sentiment": 0,
            "surprise": "0.03",
            "closePrice": "8.32"
        },
        {
            "fiscalDateEnding": "2013-09-30",
            "totalCurrentAssets": "1645700000",
            "cashAndShortTermInvestments": "553600000",
            "totalCurrentLiabilities": "878100000",
            "currentDebt": "None",
            "netIncome": "50700000",
            "capitalExpenditures": "50400000",
            "operatingCashflow": "59900000",
            "grossProfit": "249200000",
            "totalRevenue": "715400000",
            "sentiment": 0,
            "surprise": "0.01",
            "closePrice": "7.055"
        },
        {
            "fiscalDateEnding": "2013-06-30",
            "totalCurrentAssets": "1621800000",
            "cashAndShortTermInvestments": "579000000",
            "totalCurrentLiabilities": "876600000",
            "currentDebt": "None",
            "netIncome": "45800000",
            "capitalExpenditures": "45800000",
            "operatingCashflow": "55200000",
            "grossProfit": "231900000",
            "totalRevenue": "688300000",
            "sentiment": 0,
            "surprise": "0",
            "closePrice": "8.44"
        },
        {
            "fiscalDateEnding": "2013-03-31",
            "totalCurrentAssets": "1617500000",
            "cashAndShortTermInvestments": "614300000",
            "totalCurrentLiabilities": "874000000",
            "currentDebt": "None",
            "netIncome": "16100000",
            "capitalExpenditures": "38900000",
            "operatingCashflow": "85200000",
            "grossProfit": "197600000",
            "totalRevenue": "661000000",
            "sentiment": 0,
            "surprise": "0.02",
            "closePrice": "7.91"
        },
        {
            "fiscalDateEnding": "2012-12-31",
            "totalCurrentAssets": "1693400000",
            "cashAndShortTermInvestments": "631700000",
            "totalCurrentLiabilities": "1024300000",
            "currentDebt": "None",
            "netIncome": "-138200000",
            "capitalExpenditures": "58300000",
            "operatingCashflow": "136600000",
            "grossProfit": "210400000",
            "totalRevenue": "680200000",
            "sentiment": 0,
            "surprise": "0.01",
            "closePrice": "8.11"
        },
        {
            "fiscalDateEnding": "2012-09-30",
            "totalCurrentAssets": "1835000000",
            "cashAndShortTermInvestments": "643000000",
            "totalCurrentLiabilities": "1053600000",
            "currentDebt": "None",
            "netIncome": "12500000",
            "capitalExpenditures": "98400000",
            "operatingCashflow": "11900000",
            "grossProfit": "238000000",
            "totalRevenue": "725500000",
            "sentiment": 0,
            "surprise": "-0.02",
            "closePrice": "6.265"
        },
        {
            "fiscalDateEnding": "2012-06-30",
            "totalCurrentAssets": "1954700000",
            "cashAndShortTermInvestments": "756400000",
            "totalCurrentLiabilities": "1154700000",
            "currentDebt": "None",
            "netIncome": "6900000",
            "capitalExpenditures": "80200000",
            "operatingCashflow": "59100000",
            "grossProfit": "258300000",
            "totalRevenue": "744800000",
            "sentiment": 0,
            "surprise": "0",
            "closePrice": "6.84"
        },
        {
            "fiscalDateEnding": "2012-03-31",
            "totalCurrentAssets": "2038400000",
            "cashAndShortTermInvestments": "892300000",
            "totalCurrentLiabilities": "1214300000",
            "currentDebt": "None",
            "netIncome": "28200000",
            "capitalExpenditures": "50400000",
            "operatingCashflow": "68400000",
            "grossProfit": "245200000",
            "totalRevenue": "744400000",
            "sentiment": 0,
            "surprise": "0.03",
            "closePrice": "8.31"
        },
        {
            "fiscalDateEnding": "2011-12-31",
            "totalCurrentAssets": "2127700000",
            "cashAndShortTermInvestments": "901500000",
            "totalCurrentLiabilities": "1275500000",
            "currentDebt": "None",
            "netIncome": "-8800000",
            "capitalExpenditures": "82000000",
            "operatingCashflow": "164700000",
            "grossProfit": "239200000",
            "totalRevenue": "767900000",
            "sentiment": 0,
            "surprise": "0.07",
            "closePrice": "9.12"
        },
        {
            "fiscalDateEnding": "2011-09-30",
            "totalCurrentAssets": "2188200000",
            "cashAndShortTermInvestments": "837700000",
            "totalCurrentLiabilities": "1255300000",
            "currentDebt": "None",
            "netIncome": "-49400000",
            "capitalExpenditures": "65300000",
            "operatingCashflow": "119200000",
            "grossProfit": "261100000",
            "totalRevenue": "898000000",
            "sentiment": 0,
            "surprise": "0",
            "closePrice": "7.09"
        },
        {
            "fiscalDateEnding": "2011-06-30",
            "totalCurrentAssets": "2296900000",
            "cashAndShortTermInvestments": "771500000",
            "totalCurrentLiabilities": "1294200000",
            "currentDebt": "None",
            "netIncome": "34300000",
            "capitalExpenditures": "97000000",
            "operatingCashflow": "136000000",
            "grossProfit": "266100000",
            "totalRevenue": "905800000",
            "sentiment": 0,
            "surprise": "-0.01",
            "closePrice": "8.57"
        },
        {
            "fiscalDateEnding": "2011-03-31",
            "totalCurrentAssets": "2247900000",
            "cashAndShortTermInvestments": "766000000",
            "totalCurrentLiabilities": "1146100000",
            "currentDebt": "None",
            "netIncome": "35500000",
            "capitalExpenditures": "97000000",
            "operatingCashflow": "125600000",
            "grossProfit": "242400000",
            "totalRevenue": "870600000",
            "sentiment": 0,
            "surprise": "0.07",
            "closePrice": "10.28"
        },
        {
            "fiscalDateEnding": "2010-12-31",
            "totalCurrentAssets": "1358000000",
            "cashAndShortTermInvestments": "623300000",
            "totalCurrentLiabilities": "710900000",
            "currentDebt": "None",
            "netIncome": "61000000",
            "capitalExpenditures": "43000000",
            "operatingCashflow": "159800000",
            "grossProfit": "237600000",
            "totalRevenue": "579200000",
            "sentiment": 0,
            "surprise": "0.01",
            "closePrice": "11.165"
        },
        {
            "fiscalDateEnding": "2010-09-30",
            "totalCurrentAssets": "1295700000",
            "cashAndShortTermInvestments": "562900000",
            "totalCurrentLiabilities": "677200000",
            "currentDebt": "None",
            "netIncome": "87800000",
            "capitalExpenditures": "52400000",
            "operatingCashflow": "123600000",
            "grossProfit": "246500000",
            "totalRevenue": "600700000",
            "sentiment": 0,
            "surprise": "0",
            "closePrice": "7.86"
        },
        {
            "fiscalDateEnding": "2010-06-30",
            "totalCurrentAssets": "1171300000",
            "cashAndShortTermInvestments": "467100000",
            "totalCurrentLiabilities": "647900000",
            "currentDebt": "None",
            "netIncome": "78700000",
            "capitalExpenditures": "52500000",
            "operatingCashflow": "158900000",
            "grossProfit": "243800000",
            "totalRevenue": "583300000",
            "sentiment": 0,
            "surprise": "0.02",
            "closePrice": "6.96"
        }
    ]
}