{
    "ONTO": [
        {
            "fiscalDateEnding": "2023-12-31",
            "totalCurrentAssets": "1283267000",
            "cashAndShortTermInvestments": "697811000",
            "totalCurrentLiabilities": "147726000",
            "currentDebt": "None",
            "netIncome": "30309000",
            "capitalExpenditures": "2463000",
            "operatingCashflow": "61586000",
            "grossProfit": "107966000",
            "totalRevenue": "218856000",
            "sentiment": 0.24542216135248987,
            "surprise": "0.05",
            "closePrice": "164.76"
        },
        {
            "fiscalDateEnding": "2023-09-30",
            "totalCurrentAssets": "1221202000",
            "cashAndShortTermInvestments": "629664000",
            "totalCurrentLiabilities": "135758000",
            "currentDebt": "None",
            "netIncome": "35886000",
            "capitalExpenditures": "7647000",
            "operatingCashflow": "28632000",
            "grossProfit": "106852000",
            "totalRevenue": "207185000",
            "sentiment": 0.23452363982701183,
            "surprise": "0.01",
            "closePrice": "123.07"
        },
        {
            "fiscalDateEnding": "2023-06-30",
            "totalCurrentAssets": "1183045000",
            "cashAndShortTermInvestments": "609603000",
            "totalCurrentLiabilities": "136937000",
            "currentDebt": "None",
            "netIncome": "25896000",
            "capitalExpenditures": "4608000",
            "operatingCashflow": "31688000",
            "grossProfit": "100461000",
            "totalRevenue": "190662000",
            "sentiment": 0.2764222382779514,
            "surprise": "-0.05",
            "closePrice": "113.18"
        },
        {
            "fiscalDateEnding": "2023-03-31",
            "totalCurrentAssets": "1155096000",
            "cashAndShortTermInvestments": "230484000",
            "totalCurrentLiabilities": "148418000",
            "currentDebt": "None",
            "netIncome": "29068000",
            "capitalExpenditures": "7855000",
            "operatingCashflow": "50067000",
            "grossProfit": "104975000",
            "totalRevenue": "199165000",
            "sentiment": 0.3217270411038388,
            "surprise": "0.01",
            "closePrice": "82.11"
        },
        {
            "fiscalDateEnding": "2022-12-31",
            "totalCurrentAssets": "1134872000",
            "cashAndShortTermInvestments": "547784000",
            "totalCurrentLiabilities": "160558000",
            "currentDebt": "None",
            "netIncome": "66214000",
            "capitalExpenditures": "8619000",
            "operatingCashflow": "49495000",
            "grossProfit": "137222000",
            "totalRevenue": "253270000",
            "sentiment": 0.38828703847862667,
            "surprise": "0.23",
            "closePrice": "82.73"
        },
        {
            "fiscalDateEnding": "2022-09-30",
            "totalCurrentAssets": "1122636000",
            "cashAndShortTermInvestments": "200383000",
            "totalCurrentLiabilities": "169553000",
            "currentDebt": "None",
            "netIncome": "52215000",
            "capitalExpenditures": "2884000",
            "operatingCashflow": "31820000",
            "grossProfit": "138849000",
            "totalRevenue": "254253000",
            "sentiment": 0.2753771693440889,
            "surprise": "0.04",
            "closePrice": "65.08"
        },
        {
            "fiscalDateEnding": "2022-06-30",
            "totalCurrentAssets": "1085631000",
            "cashAndShortTermInvestments": "180175000",
            "totalCurrentLiabilities": "176667000",
            "currentDebt": "None",
            "netIncome": "51575000",
            "capitalExpenditures": "4408000",
            "operatingCashflow": "9932000",
            "grossProfit": "132127000",
            "totalRevenue": "256310000",
            "sentiment": 0.09910009818093145,
            "surprise": "0.01",
            "closePrice": "74.81"
        },
        {
            "fiscalDateEnding": "2022-03-31",
            "totalCurrentAssets": "1032242000",
            "cashAndShortTermInvestments": "172463000",
            "totalCurrentLiabilities": "184679000",
            "currentDebt": "None",
            "netIncome": "53330000",
            "capitalExpenditures": "2494000",
            "operatingCashflow": "45456000",
            "grossProfit": "131023000",
            "totalRevenue": "241350000",
            "sentiment": 0.23062750465087442,
            "surprise": "0.14",
            "closePrice": "72.44"
        },
        {
            "fiscalDateEnding": "2021-12-31",
            "totalCurrentAssets": "948089000",
            "cashAndShortTermInvestments": "169602000",
            "totalCurrentLiabilities": "154526000",
            "currentDebt": "None",
            "netIncome": "46737000",
            "capitalExpenditures": "863000",
            "operatingCashflow": "49001000",
            "grossProfit": "123803000",
            "totalRevenue": "225644000",
            "sentiment": 0,
            "surprise": "0.12",
            "closePrice": "93.09"
        },
        {
            "fiscalDateEnding": "2021-09-30",
            "totalCurrentAssets": "885474000",
            "cashAndShortTermInvestments": "461551000",
            "totalCurrentLiabilities": "148617000",
            "currentDebt": "None",
            "netIncome": "36448000",
            "capitalExpenditures": "1618000",
            "operatingCashflow": "49852000",
            "grossProfit": "109358000",
            "totalRevenue": "200589000",
            "sentiment": 0,
            "surprise": "0.06",
            "closePrice": "87.51"
        },
        {
            "fiscalDateEnding": "2021-06-30",
            "totalCurrentAssets": "811629000",
            "cashAndShortTermInvestments": "410839000",
            "totalCurrentLiabilities": "133168000",
            "currentDebt": "None",
            "netIncome": "35051000",
            "capitalExpenditures": "5683000",
            "operatingCashflow": "25429000",
            "grossProfit": "105456000",
            "totalRevenue": "193387000",
            "sentiment": 0,
            "surprise": "0.12",
            "closePrice": "71.12"
        },
        {
            "fiscalDateEnding": "2021-03-31",
            "totalCurrentAssets": "754828000",
            "cashAndShortTermInvestments": "392900000",
            "totalCurrentLiabilities": "126412000",
            "currentDebt": "None",
            "netIncome": "24113000",
            "capitalExpenditures": "3875000",
            "operatingCashflow": "50999000",
            "grossProfit": "90469000",
            "totalRevenue": "169279000",
            "sentiment": 0,
            "surprise": "0.05",
            "closePrice": "65.57"
        },
        {
            "fiscalDateEnding": "2020-12-31",
            "totalCurrentAssets": "731661000",
            "cashAndShortTermInvestments": "373722000",
            "totalCurrentLiabilities": "120091000",
            "currentDebt": "None",
            "netIncome": "19914000",
            "capitalExpenditures": "438000",
            "operatingCashflow": "33125000",
            "grossProfit": "75349000",
            "totalRevenue": "155128000",
            "sentiment": 0,
            "surprise": "0.12",
            "closePrice": "60.12"
        },
        {
            "fiscalDateEnding": "2020-09-30",
            "totalCurrentAssets": "676721000",
            "cashAndShortTermInvestments": "340403000",
            "totalCurrentLiabilities": "97231000",
            "currentDebt": "None",
            "netIncome": "8091000",
            "capitalExpenditures": "782000",
            "operatingCashflow": "25988000",
            "grossProfit": "68888000",
            "totalRevenue": "126492000",
            "sentiment": 0,
            "surprise": "0.06",
            "closePrice": "32.96"
        },
        {
            "fiscalDateEnding": "2020-06-30",
            "totalCurrentAssets": "644912000",
            "cashAndShortTermInvestments": "312061000",
            "totalCurrentLiabilities": "98715000",
            "currentDebt": "None",
            "netIncome": "7424000",
            "capitalExpenditures": "1612000",
            "operatingCashflow": "37973000",
            "grossProfit": "71585000",
            "totalRevenue": "134948000",
            "sentiment": 0,
            "surprise": "0.07",
            "closePrice": "38.67"
        },
        {
            "fiscalDateEnding": "2020-03-31",
            "totalCurrentAssets": "628519000",
            "cashAndShortTermInvestments": "291949000",
            "totalCurrentLiabilities": "94328000",
            "currentDebt": "4798000",
            "netIncome": "-4404000",
            "capitalExpenditures": "997000",
            "operatingCashflow": "8898000",
            "grossProfit": "62631000",
            "totalRevenue": "139928000",
            "sentiment": 0,
            "surprise": "0.06",
            "closePrice": "31.09"
        },
        {
            "fiscalDateEnding": "2019-12-31",
            "totalCurrentAssets": "641664000",
            "cashAndShortTermInvestments": "320236000",
            "totalCurrentLiabilities": "85743000",
            "currentDebt": "4906000",
            "netIncome": "-17752000",
            "capitalExpenditures": "-3141000",
            "operatingCashflow": "-6754000",
            "grossProfit": "39587000",
            "totalRevenue": "120558000",
            "sentiment": 0,
            "surprise": "0.02",
            "closePrice": "41.47"
        },
        {
            "fiscalDateEnding": "2019-09-30",
            "totalCurrentAssets": "278285000",
            "cashAndShortTermInvestments": "144110000",
            "totalCurrentLiabilities": "49831000",
            "currentDebt": "2773000",
            "netIncome": "6560000",
            "capitalExpenditures": "1547000",
            "operatingCashflow": "15110000",
            "grossProfit": "31511000",
            "totalRevenue": "62935000",
            "sentiment": 0,
            "surprise": "-0.09",
            "closePrice": "35.07"
        },
        {
            "fiscalDateEnding": "2019-06-30",
            "totalCurrentAssets": "272179000",
            "cashAndShortTermInvestments": "144982000",
            "totalCurrentLiabilities": "50955000",
            "currentDebt": "2845000",
            "netIncome": "5526000",
            "capitalExpenditures": "1334000",
            "operatingCashflow": "11356000",
            "grossProfit": "31911000",
            "totalRevenue": "61511000",
            "sentiment": 0,
            "surprise": "0",
            "closePrice": "35.75"
        },
        {
            "fiscalDateEnding": "2019-03-31",
            "totalCurrentAssets": "264369000",
            "cashAndShortTermInvestments": "148063000",
            "totalCurrentLiabilities": "50407000",
            "currentDebt": "None",
            "netIncome": "7576000",
            "capitalExpenditures": "1320000",
            "operatingCashflow": "-1566000",
            "grossProfit": "32019000",
            "totalRevenue": "60892000",
            "sentiment": 0,
            "surprise": "-0.02",
            "closePrice": "29.79"
        },
        {
            "fiscalDateEnding": "2018-12-31",
            "totalCurrentAssets": "350907000",
            "cashAndShortTermInvestments": "175072000",
            "totalCurrentLiabilities": "44991000",
            "currentDebt": "None",
            "netIncome": "8082000",
            "capitalExpenditures": "3415000",
            "operatingCashflow": "-48314000",
            "grossProfit": "32668000",
            "totalRevenue": "62780000",
            "sentiment": 0,
            "surprise": "0.13",
            "closePrice": "30.69"
        },
        {
            "fiscalDateEnding": "2018-09-30",
            "totalCurrentAssets": "291099000",
            "cashAndShortTermInvestments": "172938000",
            "totalCurrentLiabilities": "59116000",
            "currentDebt": "None",
            "netIncome": "7187000",
            "capitalExpenditures": "1181000",
            "operatingCashflow": "24437000",
            "grossProfit": "31454000",
            "totalRevenue": "60432000",
            "sentiment": 0,
            "surprise": "0.02",
            "closePrice": "31.83"
        },
        {
            "fiscalDateEnding": "2018-06-30",
            "totalCurrentAssets": "269269000",
            "cashAndShortTermInvestments": "148702000",
            "totalCurrentLiabilities": "53036000",
            "currentDebt": "None",
            "netIncome": "14697000",
            "capitalExpenditures": "442000",
            "operatingCashflow": "26257000",
            "grossProfit": "41736000",
            "totalRevenue": "88555000",
            "sentiment": 0,
            "surprise": "0.05",
            "closePrice": "37.66"
        },
        {
            "fiscalDateEnding": "2018-03-31",
            "totalCurrentAssets": "244429000",
            "cashAndShortTermInvestments": "123887000",
            "totalCurrentLiabilities": "47875000",
            "currentDebt": "None",
            "netIncome": "15130000",
            "capitalExpenditures": "1319000",
            "operatingCashflow": "32714000",
            "grossProfit": "42421000",
            "totalRevenue": "82172000",
            "sentiment": 0,
            "surprise": "0.23",
            "closePrice": "26.39"
        },
        {
            "fiscalDateEnding": "2017-12-31",
            "totalCurrentAssets": "240114000",
            "cashAndShortTermInvestments": "117029000",
            "totalCurrentLiabilities": "44095000",
            "currentDebt": "None",
            "netIncome": "13505000",
            "capitalExpenditures": "3763000",
            "operatingCashflow": "48787000",
            "grossProfit": "41867000",
            "totalRevenue": "60081000",
            "sentiment": 0,
            "surprise": "0.06",
            "closePrice": "23.57"
        },
        {
            "fiscalDateEnding": "2017-09-30",
            "totalCurrentAssets": "249868000",
            "cashAndShortTermInvestments": "140357000",
            "totalCurrentLiabilities": "44062000",
            "currentDebt": "None",
            "netIncome": "5764000",
            "capitalExpenditures": "806000",
            "operatingCashflow": "5126000",
            "grossProfit": "30660000",
            "totalRevenue": "56650000",
            "sentiment": 0,
            "surprise": "0.01",
            "closePrice": "28.21"
        },
        {
            "fiscalDateEnding": "2017-06-30",
            "totalCurrentAssets": "242083000",
            "cashAndShortTermInvestments": "42354000",
            "totalCurrentLiabilities": "45211000",
            "currentDebt": "None",
            "netIncome": "8288000",
            "capitalExpenditures": "1489000",
            "operatingCashflow": "3754000",
            "grossProfit": "33621000",
            "totalRevenue": "64408000",
            "sentiment": 0,
            "surprise": "-0.01",
            "closePrice": "26.73"
        },
        {
            "fiscalDateEnding": "2017-03-31",
            "totalCurrentAssets": "231264000",
            "cashAndShortTermInvestments": "47417000",
            "totalCurrentLiabilities": "47512000",
            "currentDebt": "None",
            "netIncome": "5352000",
            "capitalExpenditures": "47000",
            "operatingCashflow": "370000",
            "grossProfit": "28447000",
            "totalRevenue": "59211000",
            "sentiment": 0,
            "surprise": "-0.05",
            "closePrice": "31.905"
        },
        {
            "fiscalDateEnding": "2016-12-31",
            "totalCurrentAssets": "216379000",
            "cashAndShortTermInvestments": "129961000",
            "totalCurrentLiabilities": "42026000",
            "currentDebt": "None",
            "netIncome": "26654000",
            "capitalExpenditures": "650000",
            "operatingCashflow": "-22050000",
            "grossProfit": "30804000",
            "totalRevenue": "58434000",
            "sentiment": 0,
            "surprise": "0.06",
            "closePrice": "25.33"
        },
        {
            "fiscalDateEnding": "2016-09-30",
            "totalCurrentAssets": "209220000",
            "cashAndShortTermInvestments": "118527000",
            "totalCurrentLiabilities": "45905000",
            "currentDebt": "None",
            "netIncome": "7883000",
            "capitalExpenditures": "821000",
            "operatingCashflow": "9583000",
            "grossProfit": "30404000",
            "totalRevenue": "58622000",
            "sentiment": 0,
            "surprise": "0.05",
            "closePrice": "20.66"
        },
        {
            "fiscalDateEnding": "2016-06-30",
            "totalCurrentAssets": "207581000",
            "cashAndShortTermInvestments": "95984000",
            "totalCurrentLiabilities": "57113000",
            "currentDebt": "None",
            "netIncome": "6031000",
            "capitalExpenditures": "1918000",
            "operatingCashflow": "7731000",
            "grossProfit": "28425000",
            "totalRevenue": "6751000",
            "sentiment": 0,
            "surprise": "-0.01",
            "closePrice": "22.66"
        },
        {
            "fiscalDateEnding": "2016-03-31",
            "totalCurrentAssets": "187918000",
            "cashAndShortTermInvestments": "83345000",
            "totalCurrentLiabilities": "47496000",
            "currentDebt": "None",
            "netIncome": "3467000",
            "capitalExpenditures": "610000",
            "operatingCashflow": "1476000",
            "grossProfit": "24491000",
            "totalRevenue": "46773000",
            "sentiment": 0,
            "surprise": "0.1",
            "closePrice": "15.74"
        },
        {
            "fiscalDateEnding": "2015-12-31",
            "totalCurrentAssets": "178114000",
            "cashAndShortTermInvestments": "58520000",
            "totalCurrentLiabilities": "45211000",
            "currentDebt": "None",
            "netIncome": "-1813000",
            "capitalExpenditures": "481000",
            "operatingCashflow": "-3725000",
            "grossProfit": "20806000",
            "totalRevenue": "42305000",
            "sentiment": 0,
            "surprise": "0.21",
            "closePrice": "14.05"
        },
        {
            "fiscalDateEnding": "2015-09-30",
            "totalCurrentAssets": "180229000",
            "cashAndShortTermInvestments": "84626000",
            "totalCurrentLiabilities": "47550000",
            "currentDebt": "None",
            "netIncome": "818000",
            "capitalExpenditures": "322000",
            "operatingCashflow": "9505000",
            "grossProfit": "22219000",
            "totalRevenue": "45592000",
            "sentiment": 0,
            "surprise": "0.02",
            "closePrice": "13.5"
        },
        {
            "fiscalDateEnding": "2015-06-30",
            "totalCurrentAssets": "170612000",
            "cashAndShortTermInvestments": "74789000",
            "totalCurrentLiabilities": "42630000",
            "currentDebt": "None",
            "netIncome": "1344000",
            "capitalExpenditures": "541000",
            "operatingCashflow": "-1283000",
            "grossProfit": "23264000",
            "totalRevenue": "48546000",
            "sentiment": 0,
            "surprise": "0",
            "closePrice": "15.39"
        },
        {
            "fiscalDateEnding": "2015-03-31",
            "totalCurrentAssets": "165305000",
            "cashAndShortTermInvestments": "77049000",
            "totalCurrentLiabilities": "39808000",
            "currentDebt": "None",
            "netIncome": "2556000",
            "capitalExpenditures": "502000",
            "operatingCashflow": "-5874000",
            "grossProfit": "23379000",
            "totalRevenue": "49809000",
            "sentiment": 0,
            "surprise": "0.08",
            "closePrice": "15.78"
        },
        {
            "fiscalDateEnding": "2014-12-31",
            "totalCurrentAssets": "157846000",
            "cashAndShortTermInvestments": "83962000",
            "totalCurrentLiabilities": "38202000",
            "currentDebt": "None",
            "netIncome": "-4639000",
            "capitalExpenditures": "2992000",
            "operatingCashflow": "8914000",
            "grossProfit": "17349000",
            "totalRevenue": "39533000",
            "sentiment": 0,
            "surprise": "0.03",
            "closePrice": "15.75"
        },
        {
            "fiscalDateEnding": "2014-09-30",
            "totalCurrentAssets": "158975000",
            "cashAndShortTermInvestments": "84373000",
            "totalCurrentLiabilities": "28760000",
            "currentDebt": "None",
            "netIncome": "-28662000",
            "capitalExpenditures": "-1013000",
            "operatingCashflow": "-4980000",
            "grossProfit": "11416000",
            "totalRevenue": "27043000",
            "sentiment": 0,
            "surprise": "0",
            "closePrice": "14.37"
        },
        {
            "fiscalDateEnding": "2014-06-30",
            "totalCurrentAssets": "182895000",
            "cashAndShortTermInvestments": "87361000",
            "totalCurrentLiabilities": "31380000",
            "currentDebt": "None",
            "netIncome": "588000",
            "capitalExpenditures": "1620000",
            "operatingCashflow": "123000",
            "grossProfit": "22908000",
            "totalRevenue": "47933000",
            "sentiment": 0,
            "surprise": "0",
            "closePrice": "16.58"
        },
        {
            "fiscalDateEnding": "2014-03-31",
            "totalCurrentAssets": "183538000",
            "cashAndShortTermInvestments": "88037000",
            "totalCurrentLiabilities": "35893000",
            "currentDebt": "None",
            "netIncome": "1595000",
            "capitalExpenditures": "2193000",
            "operatingCashflow": "-4692000",
            "grossProfit": "24149000",
            "totalRevenue": "51476000",
            "sentiment": 0,
            "surprise": "0.01",
            "closePrice": "16.16"
        },
        {
            "fiscalDateEnding": "2013-12-31",
            "totalCurrentAssets": "190754000",
            "cashAndShortTermInvestments": "92862000",
            "totalCurrentLiabilities": "48957000",
            "currentDebt": "None",
            "netIncome": "556000",
            "capitalExpenditures": "2173000",
            "operatingCashflow": "1482000",
            "grossProfit": "21909000",
            "totalRevenue": "45753000",
            "sentiment": 0,
            "surprise": "0.05",
            "closePrice": "16.41"
        },
        {
            "fiscalDateEnding": "2013-09-30",
            "totalCurrentAssets": "180295000",
            "cashAndShortTermInvestments": "92890000",
            "totalCurrentLiabilities": "39589000",
            "currentDebt": "None",
            "netIncome": "-4554000",
            "capitalExpenditures": "1546000",
            "operatingCashflow": "13045000",
            "grossProfit": "15801000",
            "totalRevenue": "38526000",
            "sentiment": 0,
            "surprise": "0.02",
            "closePrice": "16.38"
        },
        {
            "fiscalDateEnding": "2013-06-30",
            "totalCurrentAssets": "183451000",
            "cashAndShortTermInvestments": "86264000",
            "totalCurrentLiabilities": "39962000",
            "currentDebt": "4846000",
            "netIncome": "-4566000",
            "capitalExpenditures": "973000",
            "operatingCashflow": "-8437000",
            "grossProfit": "14480000",
            "totalRevenue": "34147000",
            "sentiment": 0,
            "surprise": "0.03",
            "closePrice": "15.21"
        },
        {
            "fiscalDateEnding": "2013-03-31",
            "totalCurrentAssets": "179796000",
            "cashAndShortTermInvestments": "95284000",
            "totalCurrentLiabilities": "30113000",
            "currentDebt": "945000",
            "netIncome": "-5582000",
            "capitalExpenditures": "997000",
            "operatingCashflow": "-8521000",
            "grossProfit": "10486000",
            "totalRevenue": "24414000",
            "sentiment": 0,
            "surprise": "0.05",
            "closePrice": "14.03"
        },
        {
            "fiscalDateEnding": "2012-12-31",
            "totalCurrentAssets": "189314000",
            "cashAndShortTermInvestments": "109908000",
            "totalCurrentLiabilities": "30727000",
            "currentDebt": "928000",
            "netIncome": "-3647000",
            "capitalExpenditures": "1285000",
            "operatingCashflow": "11233000",
            "grossProfit": "11951000",
            "totalRevenue": "29268000",
            "sentiment": 0,
            "surprise": "0.02",
            "closePrice": "15.43"
        },
        {
            "fiscalDateEnding": "2012-09-30",
            "totalCurrentAssets": "197478000",
            "cashAndShortTermInvestments": "104799000",
            "totalCurrentLiabilities": "32356000",
            "currentDebt": "911000",
            "netIncome": "1903000",
            "capitalExpenditures": "1070000",
            "operatingCashflow": "10606000",
            "grossProfit": "22152000",
            "totalRevenue": "43776000",
            "sentiment": 0,
            "surprise": "0.12",
            "closePrice": "13.76"
        },
        {
            "fiscalDateEnding": "2012-06-30",
            "totalCurrentAssets": "202617000",
            "cashAndShortTermInvestments": "95747000",
            "totalCurrentLiabilities": "40709000",
            "currentDebt": "790000",
            "netIncome": "4506000",
            "capitalExpenditures": "1768000",
            "operatingCashflow": "5105000",
            "grossProfit": "24759000",
            "totalRevenue": "52817000",
            "sentiment": 0,
            "surprise": "0.07",
            "closePrice": "14.32"
        },
        {
            "fiscalDateEnding": "2012-03-31",
            "totalCurrentAssets": "205279000",
            "cashAndShortTermInvestments": "95478000",
            "totalCurrentLiabilities": "41337000",
            "currentDebt": "775000",
            "netIncome": "1703000",
            "capitalExpenditures": "867000",
            "operatingCashflow": "-2936000",
            "grossProfit": "25066000",
            "totalRevenue": "55105000",
            "sentiment": 0,
            "surprise": "-0.01",
            "closePrice": "19.0"
        },
        {
            "fiscalDateEnding": "2011-12-31",
            "totalCurrentAssets": "201410000",
            "cashAndShortTermInvestments": "97699000",
            "totalCurrentLiabilities": "40781000",
            "currentDebt": "765000",
            "netIncome": "-531000",
            "capitalExpenditures": "673000",
            "operatingCashflow": "18618000",
            "grossProfit": "20710000",
            "totalRevenue": "44749000",
            "sentiment": 0,
            "surprise": "None",
            "closePrice": "20.63"
        },
        {
            "fiscalDateEnding": "2011-09-30",
            "totalCurrentAssets": "212893000",
            "cashAndShortTermInvestments": "100149000",
            "totalCurrentLiabilities": "36214000",
            "currentDebt": "None",
            "netIncome": "7619000",
            "capitalExpenditures": "336000",
            "operatingCashflow": "9745000",
            "grossProfit": "30596000",
            "totalRevenue": "57245000",
            "sentiment": 0,
            "surprise": "0.01",
            "closePrice": "18.84"
        },
        {
            "fiscalDateEnding": "2011-06-30",
            "totalCurrentAssets": "199653000",
            "cashAndShortTermInvestments": "91685000",
            "totalCurrentLiabilities": "35121000",
            "currentDebt": "None",
            "netIncome": "11087000",
            "capitalExpenditures": "510000",
            "operatingCashflow": "15166000",
            "grossProfit": "35872000",
            "totalRevenue": "63631000",
            "sentiment": 0,
            "surprise": "0.01",
            "closePrice": "17.19"
        }
    ]
}