{
    "ORCL": [
        {
            "fiscalDateEnding": "2024-02-29",
            "totalCurrentAssets": "21063000000",
            "cashAndShortTermInvestments": "9904000000",
            "totalCurrentLiabilities": "24885000000",
            "currentDebt": "5510000000",
            "netIncome": "2401000000",
            "capitalExpenditures": "1674000000",
            "operatingCashflow": "5475000000",
            "grossProfit": "8932000000",
            "totalRevenue": "12345000000",
            "sentiment": 0.21299799327225408,
            "surprise": "0.03",
            "closePrice": "114.13"
        },
        {
            "fiscalDateEnding": "2023-11-30",
            "totalCurrentAssets": "19289000000",
            "cashAndShortTermInvestments": "8690000000",
            "totalCurrentLiabilities": "24407000000",
            "currentDebt": "6321000000",
            "netIncome": "2503000000",
            "capitalExpenditures": "1080000000",
            "operatingCashflow": "143000000",
            "grossProfit": "8668000000",
            "totalRevenue": "12021000000",
            "sentiment": 0.218492096878517,
            "surprise": "0.02",
            "closePrice": "114.688550613497"
        },
        {
            "fiscalDateEnding": "2023-08-31",
            "totalCurrentAssets": "22166000000",
            "cashAndShortTermInvestments": "12083000000",
            "totalCurrentLiabilities": "25357000000",
            "currentDebt": "4499000000",
            "netIncome": "2420000000",
            "capitalExpenditures": "1314000000",
            "operatingCashflow": "6974000000",
            "grossProfit": "8168000000",
            "totalRevenue": "11499000000",
            "sentiment": 0.2598714085658231,
            "surprise": "0.04",
            "closePrice": "125.765318715671"
        },
        {
            "fiscalDateEnding": "2023-05-31",
            "totalCurrentAssets": "21004000000",
            "cashAndShortTermInvestments": "10187000000",
            "totalCurrentLiabilities": "23090000000",
            "currentDebt": "4061000000",
            "netIncome": "3319000000",
            "capitalExpenditures": "1913000000",
            "operatingCashflow": "5647000000",
            "grossProfit": "12827000000",
            "totalRevenue": "16567000000",
            "sentiment": 0.2409668643283102,
            "surprise": "0.09",
            "closePrice": "115.160982488945"
        },
        {
            "fiscalDateEnding": "2023-02-28",
            "totalCurrentAssets": "18696000000",
            "cashAndShortTermInvestments": "8769000000",
            "totalCurrentLiabilities": "22880000000",
            "currentDebt": "5415000000",
            "netIncome": "1896000000",
            "capitalExpenditures": "2628000000",
            "operatingCashflow": "4275000000",
            "grossProfit": "7882000000",
            "totalRevenue": "11435000000",
            "sentiment": 0.22443304062715774,
            "surprise": "0.02",
            "closePrice": "85.5581596331911"
        },
        {
            "fiscalDateEnding": "2022-11-30",
            "totalCurrentAssets": "17561000000",
            "cashAndShortTermInvestments": "7350000000",
            "totalCurrentLiabilities": "27106000000",
            "currentDebt": "9746000000",
            "netIncome": "1741000000",
            "capitalExpenditures": "2435000000",
            "operatingCashflow": "849000000",
            "grossProfit": "7676000000",
            "totalRevenue": "11364000000",
            "sentiment": 0.2113512574381764,
            "surprise": "0.03",
            "closePrice": "79.7572464388706"
        },
        {
            "fiscalDateEnding": "2022-08-31",
            "totalCurrentAssets": "21004000000",
            "cashAndShortTermInvestments": "11220000000",
            "totalCurrentLiabilities": "34819000000",
            "currentDebt": "16097000000",
            "netIncome": "1548000000",
            "capitalExpenditures": "1719000000",
            "operatingCashflow": "6394000000",
            "grossProfit": "6895000000",
            "totalRevenue": "10587000000",
            "sentiment": 0.08575819223038016,
            "surprise": "-0.04",
            "closePrice": "75.2500959361799"
        },
        {
            "fiscalDateEnding": "2022-05-31",
            "totalCurrentAssets": "31633000000",
            "cashAndShortTermInvestments": "21902000000",
            "totalCurrentLiabilities": "19511000000",
            "currentDebt": "3749000000",
            "netIncome": "3189000000",
            "capitalExpenditures": "1423000000",
            "operatingCashflow": "3985000000",
            "grossProfit": "42440000000",
            "totalRevenue": "42440000000",
            "sentiment": 0.02446735239731046,
            "surprise": "0.17",
            "closePrice": "62.2510985188878"
        },
        {
            "fiscalDateEnding": "2022-02-28",
            "totalCurrentAssets": "31675000000",
            "cashAndShortTermInvestments": "23389000000",
            "totalCurrentLiabilities": "20833000000",
            "currentDebt": "6248000000",
            "netIncome": "2319000000",
            "capitalExpenditures": "1101000000",
            "operatingCashflow": "3845000000",
            "grossProfit": "7160000000",
            "totalRevenue": "9817000000",
            "sentiment": 0,
            "surprise": "-0.05",
            "closePrice": "74.2059982148247"
        },
        {
            "fiscalDateEnding": "2021-11-30",
            "totalCurrentAssets": "31078000000",
            "cashAndShortTermInvestments": "22838000000",
            "totalCurrentLiabilities": "18881000000",
            "currentDebt": "4998000000",
            "netIncome": "-1247000000",
            "capitalExpenditures": "925000000",
            "operatingCashflow": "-3682000000",
            "grossProfit": "2364000000",
            "totalRevenue": "9635000000",
            "sentiment": 0,
            "surprise": "0.1",
            "closePrice": "85.6222097301928"
        },
        {
            "fiscalDateEnding": "2021-08-31",
            "totalCurrentAssets": "47117000000",
            "cashAndShortTermInvestments": "39310000000",
            "totalCurrentLiabilities": "23071000000",
            "currentDebt": "6748000000",
            "netIncome": "2457000000",
            "capitalExpenditures": "1062000000",
            "operatingCashflow": "5391000000",
            "grossProfit": "6474000000",
            "totalRevenue": "8988000000",
            "sentiment": 0,
            "surprise": "0.06",
            "closePrice": "85.4482686868378"
        },
        {
            "fiscalDateEnding": "2021-05-31",
            "totalCurrentAssets": "55567000000",
            "cashAndShortTermInvestments": "46554000000",
            "totalCurrentLiabilities": "24164000000",
            "currentDebt": "8250000000",
            "netIncome": "4032000000",
            "capitalExpenditures": "717000000",
            "operatingCashflow": "4842000000",
            "grossProfit": "40479000000",
            "totalRevenue": "40479000000",
            "sentiment": 0,
            "surprise": "0.23",
            "closePrice": "78.1955358571858"
        },
        {
            "fiscalDateEnding": "2021-02-28",
            "totalCurrentAssets": "43744000000",
            "cashAndShortTermInvestments": "35864000000",
            "totalCurrentLiabilities": "20250000000",
            "currentDebt": "5758000000",
            "netIncome": "5021000000",
            "capitalExpenditures": "414000000",
            "operatingCashflow": "3704000000",
            "grossProfit": "6811000000",
            "totalRevenue": "9482000000",
            "sentiment": 0,
            "surprise": "0.05",
            "closePrice": "68.7800469704173"
        },
        {
            "fiscalDateEnding": "2020-11-30",
            "totalCurrentAssets": "46251000000",
            "cashAndShortTermInvestments": "38593000000",
            "totalCurrentLiabilities": "21347000000",
            "currentDebt": "7251000000",
            "netIncome": "2442000000",
            "capitalExpenditures": "568000000",
            "operatingCashflow": "1388000000",
            "grossProfit": "6507000000",
            "totalRevenue": "9184000000",
            "sentiment": 0,
            "surprise": "0.06",
            "closePrice": "56.5086681355192"
        },
        {
            "fiscalDateEnding": "2020-08-31",
            "totalCurrentAssets": "49939000000",
            "cashAndShortTermInvestments": "42279000000",
            "totalCurrentLiabilities": "18748000000",
            "currentDebt": "2997000000",
            "netIncome": "2251000000",
            "capitalExpenditures": "436000000",
            "operatingCashflow": "5953000000",
            "grossProfit": "6016000000",
            "totalRevenue": "8703000000",
            "sentiment": 0,
            "surprise": "0.07",
            "closePrice": "54.2511800721167"
        },
        {
            "fiscalDateEnding": "2020-05-31",
            "totalCurrentAssets": "52140000000",
            "cashAndShortTermInvestments": "43057000000",
            "totalCurrentLiabilities": "17200000000",
            "currentDebt": "2371000000",
            "netIncome": "3116000000",
            "capitalExpenditures": "433000000",
            "operatingCashflow": "3614000000",
            "grossProfit": "39068000000",
            "totalRevenue": "39068000000",
            "sentiment": 0,
            "surprise": "0.05",
            "closePrice": "51.4424849852282"
        },
        {
            "fiscalDateEnding": "2020-02-29",
            "totalCurrentAssets": "33442000000",
            "cashAndShortTermInvestments": "25858000000",
            "totalCurrentLiabilities": "15740000000",
            "currentDebt": "2925000000",
            "netIncome": "2571000000",
            "capitalExpenditures": "396000000",
            "operatingCashflow": "3012000000",
            "grossProfit": "6493000000",
            "totalRevenue": "9297000000",
            "sentiment": 0,
            "surprise": "0.01",
            "closePrice": "37.3333591509446"
        },
        {
            "fiscalDateEnding": "2019-11-30",
            "totalCurrentAssets": "34540000000",
            "cashAndShortTermInvestments": "27444000000",
            "totalCurrentLiabilities": "14592000000",
            "currentDebt": "1583000000",
            "netIncome": "2311000000",
            "capitalExpenditures": "349000000",
            "operatingCashflow": "513000000",
            "grossProfit": "6275000000",
            "totalRevenue": "9127000000",
            "sentiment": 0,
            "surprise": "0.02",
            "closePrice": "52.7363997893506"
        },
        {
            "fiscalDateEnding": "2019-08-31",
            "totalCurrentAssets": "42384000000",
            "cashAndShortTermInvestments": "35704000000",
            "totalCurrentLiabilities": "18875000000",
            "currentDebt": "4335000000",
            "netIncome": "2137000000",
            "capitalExpenditures": "386000000",
            "operatingCashflow": "6000000000",
            "grossProfit": "5846000000",
            "totalRevenue": "8673000000",
            "sentiment": 0,
            "surprise": "0",
            "closePrice": "52.3379485240169"
        },
        {
            "fiscalDateEnding": "2019-05-31",
            "totalCurrentAssets": "46386000000",
            "cashAndShortTermInvestments": "37827000000",
            "totalCurrentLiabilities": "18630000000",
            "currentDebt": "4494000000",
            "netIncome": "3740000000",
            "capitalExpenditures": "413000000",
            "operatingCashflow": "4422000000",
            "grossProfit": "39506000000",
            "totalRevenue": "39506000000",
            "sentiment": 0,
            "surprise": "0.09",
            "closePrice": "48.7816479402474"
        },
        {
            "fiscalDateEnding": "2019-02-28",
            "totalCurrentAssets": "47617000000",
            "cashAndShortTermInvestments": "40030000000",
            "totalCurrentLiabilities": "17986000000",
            "currentDebt": "4487000000",
            "netIncome": "2745000000",
            "capitalExpenditures": "443000000",
            "operatingCashflow": "2861000000",
            "grossProfit": "6279000000",
            "totalRevenue": "9092000000",
            "sentiment": 0,
            "surprise": "0.03",
            "closePrice": "48.9067834086437"
        },
        {
            "fiscalDateEnding": "2018-11-30",
            "totalCurrentAssets": "56938000000",
            "cashAndShortTermInvestments": "49391000000",
            "totalCurrentLiabilities": "20315000000",
            "currentDebt": "6477000000",
            "netIncome": "2333000000",
            "capitalExpenditures": "421000000",
            "operatingCashflow": "546000000",
            "grossProfit": "6036000000",
            "totalRevenue": "9021000000",
            "sentiment": 0,
            "surprise": "0.02",
            "closePrice": "41.9935581150846"
        },
        {
            "fiscalDateEnding": "2018-08-31",
            "totalCurrentAssets": "67009000000",
            "cashAndShortTermInvestments": "18455000000",
            "totalCurrentLiabilities": "19562000000",
            "currentDebt": "3743000000",
            "netIncome": "2265000000",
            "capitalExpenditures": "383000000",
            "operatingCashflow": "6722000000",
            "grossProfit": "5458000000",
            "totalRevenue": "8630000000",
            "sentiment": 0,
            "surprise": "0.02",
            "closePrice": "44.9802982451359"
        },
        {
            "fiscalDateEnding": "2018-05-31",
            "totalCurrentAssets": "76159000000",
            "cashAndShortTermInvestments": "67261000000",
            "totalCurrentLiabilities": "19124000000",
            "currentDebt": "4491000000",
            "netIncome": "3276000000",
            "capitalExpenditures": "378000000",
            "operatingCashflow": "4660000000",
            "grossProfit": "6994000000",
            "totalRevenue": "39383000000",
            "sentiment": 0,
            "surprise": "0.05",
            "closePrice": "42.1535224357473"
        },
        {
            "fiscalDateEnding": "2018-02-28",
            "totalCurrentAssets": "77732000000",
            "cashAndShortTermInvestments": "70455000000",
            "totalCurrentLiabilities": "17968000000",
            "currentDebt": "4491000000",
            "netIncome": "-4047000000",
            "capitalExpenditures": "286000000",
            "operatingCashflow": "3310000000",
            "grossProfit": "5968000000",
            "totalRevenue": "9771000000",
            "sentiment": 0,
            "surprise": "0.11",
            "closePrice": "47.1337216279205"
        },
        {
            "fiscalDateEnding": "2017-11-30",
            "totalCurrentAssets": "78545000000",
            "cashAndShortTermInvestments": "71580000000",
            "totalCurrentLiabilities": "15494000000",
            "currentDebt": "2499000000",
            "netIncome": "2214000000",
            "capitalExpenditures": "599000000",
            "operatingCashflow": "850000000",
            "grossProfit": "5818000000",
            "totalRevenue": "9621000000",
            "sentiment": 0,
            "surprise": "0.02",
            "closePrice": "45.361215704703"
        },
        {
            "fiscalDateEnding": "2017-08-31",
            "totalCurrentAssets": "73335000000",
            "cashAndShortTermInvestments": "66897000000",
            "totalCurrentLiabilities": "20226000000",
            "currentDebt": "4998000000",
            "netIncome": "2144000000",
            "capitalExpenditures": "473000000",
            "operatingCashflow": "6566000000",
            "grossProfit": "5432000000",
            "totalRevenue": "9187000000",
            "sentiment": 0,
            "surprise": "0.02",
            "closePrice": "47.5237739563385"
        },
        {
            "fiscalDateEnding": "2017-05-31",
            "totalCurrentAssets": "74515000000",
            "cashAndShortTermInvestments": "66078000000",
            "totalCurrentLiabilities": "24178000000",
            "currentDebt": "9797000000",
            "netIncome": "3349000000",
            "capitalExpenditures": "525000000",
            "operatingCashflow": "-4110000000",
            "grossProfit": "6815000000",
            "totalRevenue": "10957000000",
            "sentiment": 0,
            "surprise": "0.11",
            "closePrice": "41.5516917252593"
        },
        {
            "fiscalDateEnding": "2017-02-28",
            "totalCurrentAssets": "66011000000",
            "cashAndShortTermInvestments": "59352000000",
            "totalCurrentLiabilities": "15790000000",
            "currentDebt": "3498000000",
            "netIncome": "2239000000",
            "capitalExpenditures": "440000000",
            "operatingCashflow": "2610000000",
            "grossProfit": "5582000000",
            "totalRevenue": "9205000000",
            "sentiment": 0,
            "surprise": "0.07",
            "closePrice": "38.4439709802398"
        },
        {
            "fiscalDateEnding": "2016-11-30",
            "totalCurrentAssets": "64734000000",
            "cashAndShortTermInvestments": "58206000000",
            "totalCurrentLiabilities": "16347000000",
            "currentDebt": "3838000000",
            "netIncome": "2032000000",
            "capitalExpenditures": "757000000",
            "operatingCashflow": "2359000000",
            "grossProfit": "5508000000",
            "totalRevenue": "9035000000",
            "sentiment": 0,
            "surprise": "0.01",
            "closePrice": "36.3468571917382"
        },
        {
            "fiscalDateEnding": "2016-08-31",
            "totalCurrentAssets": "74451000000",
            "cashAndShortTermInvestments": "68396000000",
            "totalCurrentLiabilities": "15142000000",
            "currentDebt": "999000000",
            "netIncome": "1832000000",
            "capitalExpenditures": "299000000",
            "operatingCashflow": "11267000000",
            "grossProfit": "5110000000",
            "totalRevenue": "8595000000",
            "sentiment": 0,
            "surprise": "-0.03",
            "closePrice": "36.2065579488468"
        },
        {
            "fiscalDateEnding": "2016-05-31",
            "totalCurrentAssets": "64313000000",
            "cashAndShortTermInvestments": "56125000000",
            "totalCurrentLiabilities": "17208000000",
            "currentDebt": "3750000000",
            "netIncome": "2814000000",
            "capitalExpenditures": "180000000",
            "operatingCashflow": "-4804000000",
            "grossProfit": "6541000000",
            "totalRevenue": "10594000000",
            "sentiment": 0,
            "surprise": "0",
            "closePrice": "34.1141526248096"
        },
        {
            "fiscalDateEnding": "2016-02-29",
            "totalCurrentAssets": "57069000000",
            "cashAndShortTermInvestments": "50767000000",
            "totalCurrentLiabilities": "11825000000",
            "currentDebt": "None",
            "netIncome": "2142000000",
            "capitalExpenditures": "368000000",
            "operatingCashflow": "2402000000",
            "grossProfit": "5445000000",
            "totalRevenue": "9012000000",
            "sentiment": 0,
            "surprise": "0.02",
            "closePrice": "34.0759826343221"
        },
        {
            "fiscalDateEnding": "2015-11-30",
            "totalCurrentAssets": "58618000000",
            "cashAndShortTermInvestments": "52335000000",
            "totalCurrentLiabilities": "13754000000",
            "currentDebt": "2000000000",
            "netIncome": "2197000000",
            "capitalExpenditures": "195000000",
            "operatingCashflow": "2451000000",
            "grossProfit": "5373000000",
            "totalRevenue": "8993000000",
            "sentiment": 0,
            "surprise": "0.03",
            "closePrice": "34.0825123088842"
        },
        {
            "fiscalDateEnding": "2015-08-31",
            "totalCurrentAssets": "62122000000",
            "cashAndShortTermInvestments": "55930000000",
            "totalCurrentLiabilities": "15391000000",
            "currentDebt": "2000000000",
            "netIncome": "1747000000",
            "capitalExpenditures": "446000000",
            "operatingCashflow": "11455000000",
            "grossProfit": "5058000000",
            "totalRevenue": "570000000",
            "sentiment": 0,
            "surprise": "0.01",
            "closePrice": "33.3904573651104"
        },
        {
            "fiscalDateEnding": "2015-05-31",
            "totalCurrentAssets": "62520000000",
            "cashAndShortTermInvestments": "54368000000",
            "totalCurrentLiabilities": "15206000000",
            "currentDebt": "1999000000",
            "netIncome": "2757000000",
            "capitalExpenditures": "597000000",
            "operatingCashflow": "7844000000",
            "grossProfit": "6432000000",
            "totalRevenue": "10706000000",
            "sentiment": 0,
            "surprise": "-0.08",
            "closePrice": "39.0379914080018"
        },
        {
            "fiscalDateEnding": "2015-02-28",
            "totalCurrentAssets": "51294000000",
            "cashAndShortTermInvestments": "43777000000",
            "totalCurrentLiabilities": "13792000000",
            "currentDebt": "1999000000",
            "netIncome": "2495000000",
            "capitalExpenditures": "368000000",
            "operatingCashflow": "2729000000",
            "grossProfit": "5929000000",
            "totalRevenue": "9327000000",
            "sentiment": 0,
            "surprise": "0",
            "closePrice": "37.1340303231842"
        },
        {
            "fiscalDateEnding": "2014-11-30",
            "totalCurrentAssets": "52040000000",
            "cashAndShortTermInvestments": "44733000000",
            "totalCurrentLiabilities": "11985000000",
            "currentDebt": "None",
            "netIncome": "2502000000",
            "capitalExpenditures": "225000000",
            "operatingCashflow": "2743000000",
            "grossProfit": "6066000000",
            "totalRevenue": "9598000000",
            "sentiment": 0,
            "surprise": "0.01",
            "closePrice": "35.5549467730902"
        },
        {
            "fiscalDateEnding": "2014-08-31",
            "totalCurrentAssets": "58194000000",
            "cashAndShortTermInvestments": "51616000000",
            "totalCurrentLiabilities": "13377000000",
            "currentDebt": "None",
            "netIncome": "2184000000",
            "capitalExpenditures": "201000000",
            "operatingCashflow": "12875000000",
            "grossProfit": "5282000000",
            "totalRevenue": "8596000000",
            "sentiment": 0,
            "surprise": "-0.02",
            "closePrice": "35.7819646957169"
        },
        {
            "fiscalDateEnding": "2014-05-31",
            "totalCurrentAssets": "48128000000",
            "cashAndShortTermInvestments": "38819000000",
            "totalCurrentLiabilities": "14389000000",
            "currentDebt": "1508000000",
            "netIncome": "3646000000",
            "capitalExpenditures": "154000000",
            "operatingCashflow": "4456000000",
            "grossProfit": "7971000000",
            "totalRevenue": "11320000000",
            "sentiment": 0,
            "surprise": "-0.03",
            "closePrice": "36.5015747341706"
        },
        {
            "fiscalDateEnding": "2014-02-28",
            "totalCurrentAssets": "44404000000",
            "cashAndShortTermInvestments": "37225000000",
            "totalCurrentLiabilities": "13092000000",
            "currentDebt": "1516000000",
            "netIncome": "2565000000",
            "capitalExpenditures": "147000000",
            "operatingCashflow": "2763000000",
            "grossProfit": "5731000000",
            "totalRevenue": "9307000000",
            "sentiment": 0,
            "surprise": "-0.02",
            "closePrice": "33.25049648506"
        },
        {
            "fiscalDateEnding": "2013-11-30",
            "totalCurrentAssets": "44252000000",
            "cashAndShortTermInvestments": "36974000000",
            "totalCurrentLiabilities": "13110000000",
            "currentDebt": "1525000000",
            "netIncome": "2553000000",
            "capitalExpenditures": "126000000",
            "operatingCashflow": "2736000000",
            "grossProfit": "5551000000",
            "totalRevenue": "9275000000",
            "sentiment": 0,
            "surprise": "0.02",
            "closePrice": "29.5264957555348"
        },
        {
            "fiscalDateEnding": "2013-08-31",
            "totalCurrentAssets": "45457000000",
            "cashAndShortTermInvestments": "39104000000",
            "totalCurrentLiabilities": "14526000000",
            "currentDebt": "1533000000",
            "netIncome": "2191000000",
            "capitalExpenditures": "153000000",
            "operatingCashflow": "6292000000",
            "grossProfit": "4937000000",
            "totalRevenue": "8372000000",
            "sentiment": 0,
            "surprise": "0.03",
            "closePrice": "28.7994747543649"
        },
        {
            "fiscalDateEnding": "2013-05-31",
            "totalCurrentAssets": "41692000000",
            "cashAndShortTermInvestments": "32216000000",
            "totalCurrentLiabilities": "12872000000",
            "currentDebt": "None",
            "netIncome": "3806000000",
            "capitalExpenditures": "183000000",
            "operatingCashflow": "4564000000",
            "grossProfit": "7213000000",
            "totalRevenue": "10947000000",
            "sentiment": 0,
            "surprise": "0",
            "closePrice": "28.1301912720817"
        },
        {
            "fiscalDateEnding": "2013-02-28",
            "totalCurrentAssets": "40686000000",
            "cashAndShortTermInvestments": "33407000000",
            "totalCurrentLiabilities": "11916000000",
            "currentDebt": "1250000000",
            "netIncome": "2504000000",
            "capitalExpenditures": "116000000",
            "operatingCashflow": "3194000000",
            "grossProfit": "5382000000",
            "totalRevenue": "8958000000",
            "sentiment": 0,
            "surprise": "-0.01",
            "closePrice": "30.2943779236977"
        },
        {
            "fiscalDateEnding": "2012-11-30",
            "totalCurrentAssets": "41129000000",
            "cashAndShortTermInvestments": "33695000000",
            "totalCurrentLiabilities": "12347000000",
            "currentDebt": "1250000000",
            "netIncome": "2581000000",
            "capitalExpenditures": "212000000",
            "operatingCashflow": "795000000",
            "grossProfit": "5534000000",
            "totalRevenue": "9094000000",
            "sentiment": 0,
            "surprise": "0.03",
            "closePrice": "27.8506681429102"
        },
        {
            "fiscalDateEnding": "2012-08-31",
            "totalCurrentAssets": "38172000000",
            "cashAndShortTermInvestments": "31607000000",
            "totalCurrentLiabilities": "13955000000",
            "currentDebt": "1250000000",
            "netIncome": "2034000000",
            "capitalExpenditures": "139000000",
            "operatingCashflow": "5671000000",
            "grossProfit": "4971000000",
            "totalRevenue": "8181000000",
            "sentiment": 0,
            "surprise": "0",
            "closePrice": "27.1191621575739"
        },
        {
            "fiscalDateEnding": "2012-05-31",
            "totalCurrentAssets": "40023000000",
            "cashAndShortTermInvestments": "30676000000",
            "totalCurrentLiabilities": "15388000000",
            "currentDebt": "2950000000",
            "netIncome": "3452000000",
            "capitalExpenditures": "217000000",
            "operatingCashflow": "4057000000",
            "grossProfit": "6872000000",
            "totalRevenue": "10916000000",
            "sentiment": 0,
            "surprise": "0.04",
            "closePrice": "22.7515523300916"
        },
        {
            "fiscalDateEnding": "2012-02-29",
            "totalCurrentAssets": "37538000000",
            "cashAndShortTermInvestments": "29742000000",
            "totalCurrentLiabilities": "11632000000",
            "currentDebt": "0",
            "netIncome": "2498000000",
            "capitalExpenditures": "142000000",
            "operatingCashflow": "3010000000",
            "grossProfit": "5448000000",
            "totalRevenue": "9039000000",
            "sentiment": 0,
            "surprise": "0.06",
            "closePrice": "25.1994197788629"
        },
        {
            "fiscalDateEnding": "2011-11-30",
            "totalCurrentAssets": "38482000000",
            "cashAndShortTermInvestments": "31012000000",
            "totalCurrentLiabilities": "11072000000",
            "currentDebt": "None",
            "netIncome": "2192000000",
            "capitalExpenditures": "129000000",
            "operatingCashflow": "1255000000",
            "grossProfit": "5240000000",
            "totalRevenue": "8792000000",
            "sentiment": 0,
            "surprise": "-0.03",
            "closePrice": "24.3667448309782"
        },
        {
            "fiscalDateEnding": "2011-08-31",
            "totalCurrentAssets": "39206000000",
            "cashAndShortTermInvestments": "31660000000",
            "totalCurrentLiabilities": "13056000000",
            "currentDebt": "None",
            "netIncome": "1840000000",
            "capitalExpenditures": "160000000",
            "operatingCashflow": "5421000000",
            "grossProfit": "4785000000",
            "totalRevenue": "8374000000",
            "sentiment": 0,
            "surprise": "0.02",
            "closePrice": "23.6343585378439"
        },
        {
            "fiscalDateEnding": "2011-05-31",
            "totalCurrentAssets": "39174000000",
            "cashAndShortTermInvestments": "28848000000",
            "totalCurrentLiabilities": "14192000000",
            "currentDebt": "1150000000",
            "netIncome": "2669000000",
            "capitalExpenditures": "78000000",
            "operatingCashflow": "3777000000",
            "grossProfit": "10265000000",
            "totalRevenue": "10775000000",
            "sentiment": 0,
            "surprise": "0.04",
            "closePrice": "27.0109782143017"
        },
        {
            "fiscalDateEnding": "2011-02-28",
            "totalCurrentAssets": "32459000000",
            "cashAndShortTermInvestments": "24355000000",
            "totalCurrentLiabilities": "11282000000",
            "currentDebt": "None",
            "netIncome": "2294000000",
            "capitalExpenditures": "133000000",
            "operatingCashflow": "2676000000",
            "grossProfit": "8299000000",
            "totalRevenue": "8764000000",
            "sentiment": 0,
            "surprise": "0.04",
            "closePrice": "26.6981060593287"
        },
        {
            "fiscalDateEnding": "2010-11-30",
            "totalCurrentAssets": "32723000000",
            "cashAndShortTermInvestments": "24845000000",
            "totalCurrentLiabilities": "13336000000",
            "currentDebt": "None",
            "netIncome": "2062000000",
            "capitalExpenditures": "121000000",
            "operatingCashflow": "944000000",
            "grossProfit": "8057000000",
            "totalRevenue": "8582000000",
            "sentiment": 0,
            "surprise": "0.05",
            "closePrice": "25.1045577799398"
        },
        {
            "fiscalDateEnding": "2010-08-31",
            "totalCurrentAssets": "30264000000",
            "cashAndShortTermInvestments": "23637000000",
            "totalCurrentLiabilities": "13800000000",
            "currentDebt": "None",
            "netIncome": "1522000000",
            "capitalExpenditures": "118000000",
            "operatingCashflow": "3817000000",
            "grossProfit": "6945000000",
            "totalRevenue": "7502000000",
            "sentiment": 0,
            "surprise": "0.05",
            "closePrice": "20.9934064594291"
        },
        {
            "fiscalDateEnding": "2010-05-31",
            "totalCurrentAssets": "27004000000",
            "cashAndShortTermInvestments": "18469000000",
            "totalCurrentLiabilities": "14691000000",
            "currentDebt": "None",
            "netIncome": "1810000000",
            "capitalExpenditures": "69000000",
            "operatingCashflow": "2511000000",
            "grossProfit": "8831000000",
            "totalRevenue": "9505000000",
            "sentiment": 0,
            "surprise": "0.06",
            "closePrice": "18.3548118900663"
        },
        {
            "fiscalDateEnding": "2010-02-28",
            "totalCurrentAssets": "23979000000",
            "cashAndShortTermInvestments": "17489000000",
            "totalCurrentLiabilities": "14251000000",
            "currentDebt": "None",
            "netIncome": "1375000000",
            "capitalExpenditures": "61000000",
            "operatingCashflow": "1781000000",
            "grossProfit": "6198000000",
            "totalRevenue": "6404000000",
            "sentiment": 0,
            "surprise": "0.01",
            "closePrice": "21.4693475673978"
        },
        {
            "fiscalDateEnding": "2009-11-30",
            "totalCurrentAssets": "25235000000",
            "cashAndShortTermInvestments": "20784000000",
            "totalCurrentLiabilities": "8534000000",
            "currentDebt": "None",
            "netIncome": "1646000000",
            "capitalExpenditures": "45000000",
            "operatingCashflow": "651000000",
            "grossProfit": "5858000000",
            "totalRevenue": "5858000000",
            "sentiment": 0,
            "surprise": "0.03",
            "closePrice": "18.8268558220604"
        },
        {
            "fiscalDateEnding": "2009-08-31",
            "totalCurrentAssets": "24445000000",
            "cashAndShortTermInvestments": "20565000000",
            "totalCurrentLiabilities": "9160000000",
            "currentDebt": "None",
            "netIncome": "1303000000",
            "capitalExpenditures": "55000000",
            "operatingCashflow": "3738000000",
            "grossProfit": "5054000000",
            "totalRevenue": "5054000000",
            "sentiment": 0,
            "surprise": "0",
            "closePrice": "18.1659223418778"
        }
    ]
}