{
    "OSIS": [
        {
            "fiscalDateEnding": "2023-12-31",
            "totalCurrentAssets": "1003083000",
            "cashAndShortTermInvestments": "127258000",
            "totalCurrentLiabilities": "700391000",
            "currentDebt": "8120000",
            "netIncome": "36553000",
            "capitalExpenditures": "7672000",
            "operatingCashflow": "-23528000",
            "grossProfit": "141301000",
            "totalRevenue": "373235000",
            "sentiment": 0.3760368200653082,
            "surprise": "0.46",
            "closePrice": "134.39"
        },
        {
            "fiscalDateEnding": "2023-09-30",
            "totalCurrentAssets": "872099000",
            "cashAndShortTermInvestments": "82591000",
            "totalCurrentLiabilities": "611628000",
            "currentDebt": "8134000",
            "netIncome": "12879000",
            "capitalExpenditures": "9393000",
            "operatingCashflow": "17144000",
            "grossProfit": "98745000",
            "totalRevenue": "279210000",
            "sentiment": 0.3977286421251996,
            "surprise": "0.05",
            "closePrice": "114.01"
        },
        {
            "fiscalDateEnding": "2023-06-30",
            "totalCurrentAssets": "839903000",
            "cashAndShortTermInvestments": "76750000",
            "totalCurrentLiabilities": "571694000",
            "currentDebt": "8076000",
            "netIncome": "42381000",
            "capitalExpenditures": "7288000",
            "operatingCashflow": "22134000",
            "grossProfit": "143020000",
            "totalRevenue": "406168000",
            "sentiment": 0.41761533743333024,
            "surprise": "0.12",
            "closePrice": "136.69"
        },
        {
            "fiscalDateEnding": "2023-03-31",
            "totalCurrentAssets": "778534000",
            "cashAndShortTermInvestments": "65622000",
            "totalCurrentLiabilities": "550413000",
            "currentDebt": "8080000",
            "netIncome": "21808000",
            "capitalExpenditures": "9982000",
            "operatingCashflow": "64514000",
            "grossProfit": "103786000",
            "totalRevenue": "302889000",
            "sentiment": 0.49801020959529346,
            "surprise": "0.03",
            "closePrice": "107.78"
        },
        {
            "fiscalDateEnding": "2022-12-31",
            "totalCurrentAssets": "767435000",
            "cashAndShortTermInvestments": "45600000",
            "totalCurrentLiabilities": "538242000",
            "currentDebt": "8100000",
            "netIncome": "16354000",
            "capitalExpenditures": "7759000",
            "operatingCashflow": "-9078000",
            "grossProfit": "96207000",
            "totalRevenue": "295597000",
            "sentiment": 0.37329373812662625,
            "surprise": "0.02",
            "closePrice": "95.69"
        },
        {
            "fiscalDateEnding": "2022-09-30",
            "totalCurrentAssets": "771044000",
            "cashAndShortTermInvestments": "53990000",
            "totalCurrentLiabilities": "562481000",
            "currentDebt": "8110000",
            "netIncome": "11235000",
            "capitalExpenditures": "7225000",
            "operatingCashflow": "17242000",
            "grossProfit": "87497000",
            "totalRevenue": "268071000",
            "sentiment": 0.28149469251859227,
            "surprise": "0.07",
            "closePrice": "80.41"
        },
        {
            "fiscalDateEnding": "2022-06-30",
            "totalCurrentAssets": "746144000",
            "cashAndShortTermInvestments": "64202000",
            "totalCurrentLiabilities": "613954000",
            "currentDebt": "244575000",
            "netIncome": "33763000",
            "capitalExpenditures": "7874000",
            "operatingCashflow": "21995000",
            "grossProfit": "122466000",
            "totalRevenue": "334393000",
            "sentiment": 0.010730172309814849,
            "surprise": "0.01",
            "closePrice": "102.15"
        },
        {
            "fiscalDateEnding": "2022-03-31",
            "totalCurrentAssets": "758536000",
            "cashAndShortTermInvestments": "83279000",
            "totalCurrentLiabilities": "645836000",
            "currentDebt": "249315000",
            "netIncome": "42735000",
            "capitalExpenditures": "7090000",
            "operatingCashflow": "38367000",
            "grossProfit": "102858000",
            "totalRevenue": "290477000",
            "sentiment": -0.038603288378236615,
            "surprise": "0.04",
            "closePrice": "76.88"
        },
        {
            "fiscalDateEnding": "2021-12-31",
            "totalCurrentAssets": "769790000",
            "cashAndShortTermInvestments": "86300000",
            "totalCurrentLiabilities": "694455000",
            "currentDebt": "287247000",
            "netIncome": "19797000",
            "capitalExpenditures": "7795000",
            "operatingCashflow": "14465000",
            "grossProfit": "99773000",
            "totalRevenue": "276681000",
            "sentiment": 0,
            "surprise": "0.11",
            "closePrice": "81.84"
        },
        {
            "fiscalDateEnding": "2021-09-30",
            "totalCurrentAssets": "730210000",
            "cashAndShortTermInvestments": "54663000",
            "totalCurrentLiabilities": "656788000",
            "currentDebt": "286954000",
            "netIncome": "19052000",
            "capitalExpenditures": "7728000",
            "operatingCashflow": "-11019000",
            "grossProfit": "99330000",
            "totalRevenue": "279257000",
            "sentiment": 0,
            "surprise": "0.04",
            "closePrice": "94.11"
        },
        {
            "fiscalDateEnding": "2021-06-30",
            "totalCurrentAssets": "709404000",
            "cashAndShortTermInvestments": "80613000",
            "totalCurrentLiabilities": "344767000",
            "currentDebt": "846000",
            "netIncome": "25894000",
            "capitalExpenditures": "8478000",
            "operatingCashflow": "8013000",
            "grossProfit": "118067000",
            "totalRevenue": "328056000",
            "sentiment": 0,
            "surprise": "0.06",
            "closePrice": "100.77"
        },
        {
            "fiscalDateEnding": "2021-03-31",
            "totalCurrentAssets": "661410000",
            "cashAndShortTermInvestments": "92465000",
            "totalCurrentLiabilities": "326069000",
            "currentDebt": "925000",
            "netIncome": "18773000",
            "capitalExpenditures": "5478000",
            "operatingCashflow": "41574000",
            "grossProfit": "104019000",
            "totalRevenue": "283787000",
            "sentiment": 0,
            "surprise": "0.04",
            "closePrice": "96.88"
        },
        {
            "fiscalDateEnding": "2020-12-31",
            "totalCurrentAssets": "634424000",
            "cashAndShortTermInvestments": "72575000",
            "totalCurrentLiabilities": "333393000",
            "currentDebt": "947000",
            "netIncome": "20038000",
            "capitalExpenditures": "7329000",
            "operatingCashflow": "35647000",
            "grossProfit": "102081000",
            "totalRevenue": "276009000",
            "sentiment": 0,
            "surprise": "0.21",
            "closePrice": "90.85"
        },
        {
            "fiscalDateEnding": "2020-09-30",
            "totalCurrentAssets": "614793000",
            "cashAndShortTermInvestments": "76925000",
            "totalCurrentLiabilities": "333937000",
            "currentDebt": "898000",
            "netIncome": "9344000",
            "capitalExpenditures": "8226000",
            "operatingCashflow": "53832000",
            "grossProfit": "95751000",
            "totalRevenue": "254908000",
            "sentiment": 0,
            "surprise": "0.13",
            "closePrice": "81.1"
        },
        {
            "fiscalDateEnding": "2020-06-30",
            "totalCurrentAssets": "617709000",
            "cashAndShortTermInvestments": "76102000",
            "totalCurrentLiabilities": "330101000",
            "currentDebt": "9463000",
            "netIncome": "13965000",
            "capitalExpenditures": "8921000",
            "operatingCashflow": "23627000",
            "grossProfit": "101548000",
            "totalRevenue": "272488000",
            "sentiment": 0,
            "surprise": "0.12",
            "closePrice": "74.69"
        },
        {
            "fiscalDateEnding": "2020-03-31",
            "totalCurrentAssets": "638370000",
            "cashAndShortTermInvestments": "101026000",
            "totalCurrentLiabilities": "375962000",
            "currentDebt": "9021000",
            "netIncome": "19558000",
            "capitalExpenditures": "9380000",
            "operatingCashflow": "45926000",
            "grossProfit": "109107000",
            "totalRevenue": "292883000",
            "sentiment": 0,
            "surprise": "0.02",
            "closePrice": "72.38"
        },
        {
            "fiscalDateEnding": "2019-12-31",
            "totalCurrentAssets": "648289000",
            "cashAndShortTermInvestments": "95056000",
            "totalCurrentLiabilities": "383936000",
            "currentDebt": "8996000",
            "netIncome": "20986000",
            "capitalExpenditures": "7332000",
            "operatingCashflow": "34789000",
            "grossProfit": "110773000",
            "totalRevenue": "305342000",
            "sentiment": 0,
            "surprise": "0.04",
            "closePrice": "96.3"
        },
        {
            "fiscalDateEnding": "2019-09-30",
            "totalCurrentAssets": "637136000",
            "cashAndShortTermInvestments": "85142000",
            "totalCurrentLiabilities": "394702000",
            "currentDebt": "9156000",
            "netIncome": "20743000",
            "capitalExpenditures": "8114000",
            "operatingCashflow": "24838000",
            "grossProfit": "99211000",
            "totalRevenue": "290852000",
            "sentiment": 0,
            "surprise": "0.05",
            "closePrice": "95.06"
        },
        {
            "fiscalDateEnding": "2019-06-30",
            "totalCurrentAssets": "640899000",
            "cashAndShortTermInvestments": "96316000",
            "totalCurrentLiabilities": "382008000",
            "currentDebt": "804000",
            "netIncome": "16661000",
            "capitalExpenditures": "28558000",
            "operatingCashflow": "31368000",
            "grossProfit": "113021000",
            "totalRevenue": "286874000",
            "sentiment": 0,
            "surprise": "0.09",
            "closePrice": "101.0"
        },
        {
            "fiscalDateEnding": "2019-03-31",
            "totalCurrentAssets": "658836000",
            "cashAndShortTermInvestments": "107649000",
            "totalCurrentLiabilities": "425500000",
            "currentDebt": "1702000",
            "netIncome": "19626000",
            "capitalExpenditures": "1046000",
            "operatingCashflow": "46900000",
            "grossProfit": "111316000",
            "totalRevenue": "304284000",
            "sentiment": 0,
            "surprise": "0.23",
            "closePrice": "90.13"
        },
        {
            "fiscalDateEnding": "2018-12-31",
            "totalCurrentAssets": "681202000",
            "cashAndShortTermInvestments": "95967000",
            "totalCurrentLiabilities": "469914000",
            "currentDebt": "2107000",
            "netIncome": "19107000",
            "capitalExpenditures": "-3782000",
            "operatingCashflow": "43665000",
            "grossProfit": "110344000",
            "totalRevenue": "303205000",
            "sentiment": 0,
            "surprise": "0.23",
            "closePrice": "75.84"
        },
        {
            "fiscalDateEnding": "2018-09-30",
            "totalCurrentAssets": "702023000",
            "cashAndShortTermInvestments": "86411000",
            "totalCurrentLiabilities": "510997000",
            "currentDebt": "2326000",
            "netIncome": "9402000",
            "capitalExpenditures": "4393000",
            "operatingCashflow": "-2821000",
            "grossProfit": "95913000",
            "totalRevenue": "266249000",
            "sentiment": 0,
            "surprise": "0.2",
            "closePrice": "68.575"
        },
        {
            "fiscalDateEnding": "2018-06-30",
            "totalCurrentAssets": "650697000",
            "cashAndShortTermInvestments": "84814000",
            "totalCurrentLiabilities": "443322000",
            "currentDebt": "2262000",
            "netIncome": "5114000",
            "capitalExpenditures": "203000",
            "operatingCashflow": "17345000",
            "grossProfit": "101166000",
            "totalRevenue": "287326000",
            "sentiment": 0,
            "surprise": "0.08",
            "closePrice": "77.16"
        },
        {
            "fiscalDateEnding": "2018-03-31",
            "totalCurrentAssets": "776336000",
            "cashAndShortTermInvestments": "194001000",
            "totalCurrentLiabilities": "558481000",
            "currentDebt": "2252000",
            "netIncome": "2553000",
            "capitalExpenditures": "1182000",
            "operatingCashflow": "31063000",
            "grossProfit": "97585000",
            "totalRevenue": "267299000",
            "sentiment": 0,
            "surprise": "0.02",
            "closePrice": "67.96"
        },
        {
            "fiscalDateEnding": "2017-12-31",
            "totalCurrentAssets": "732511000",
            "cashAndShortTermInvestments": "211973000",
            "totalCurrentLiabilities": "471180000",
            "currentDebt": "2279000",
            "netIncome": "-46951000",
            "capitalExpenditures": "-111000",
            "operatingCashflow": "49594000",
            "grossProfit": "101630000",
            "totalRevenue": "277528000",
            "sentiment": 0,
            "surprise": "0.08",
            "closePrice": "66.6"
        },
        {
            "fiscalDateEnding": "2017-09-30",
            "totalCurrentAssets": "700830000",
            "cashAndShortTermInvestments": "192028000",
            "totalCurrentLiabilities": "461351000",
            "currentDebt": "2286000",
            "netIncome": "10157000",
            "capitalExpenditures": "1179000",
            "operatingCashflow": "35107000",
            "grossProfit": "91271000",
            "totalRevenue": "257133000",
            "sentiment": 0,
            "surprise": "0.08",
            "closePrice": "91.43"
        },
        {
            "fiscalDateEnding": "2017-06-30",
            "totalCurrentAssets": "653000000",
            "cashAndShortTermInvestments": "169650000",
            "totalCurrentLiabilities": "346134000",
            "currentDebt": "2396000",
            "netIncome": "1547000",
            "capitalExpenditures": "1113000",
            "operatingCashflow": "10608000",
            "grossProfit": "86791000",
            "totalRevenue": "252402000",
            "sentiment": 0,
            "surprise": "0.09",
            "closePrice": "79.23"
        },
        {
            "fiscalDateEnding": "2017-03-31",
            "totalCurrentAssets": "656567000",
            "cashAndShortTermInvestments": "158472000",
            "totalCurrentLiabilities": "348226000",
            "currentDebt": "2410000",
            "netIncome": "14019000",
            "capitalExpenditures": "1299000",
            "operatingCashflow": "33906000",
            "grossProfit": "86028000",
            "totalRevenue": "245146000",
            "sentiment": 0,
            "surprise": "0.05",
            "closePrice": "70.9"
        },
        {
            "fiscalDateEnding": "2016-12-31",
            "totalCurrentAssets": "652575000",
            "cashAndShortTermInvestments": "138248000",
            "totalCurrentLiabilities": "611622000",
            "currentDebt": "2565000",
            "netIncome": "4833000",
            "capitalExpenditures": "854000",
            "operatingCashflow": "20123000",
            "grossProfit": "82595000",
            "totalRevenue": "242548000",
            "sentiment": 0,
            "surprise": "0.07",
            "closePrice": "73.63"
        },
        {
            "fiscalDateEnding": "2016-09-30",
            "totalCurrentAssets": "636181000",
            "cashAndShortTermInvestments": "122966000",
            "totalCurrentLiabilities": "601348000",
            "currentDebt": "2681000",
            "netIncome": "677000",
            "capitalExpenditures": "1881000",
            "operatingCashflow": "-1858000",
            "grossProfit": "68087000",
            "totalRevenue": "220855000",
            "sentiment": 0,
            "surprise": "0.08",
            "closePrice": "66.34"
        },
        {
            "fiscalDateEnding": "2016-06-30",
            "totalCurrentAssets": "555318000",
            "cashAndShortTermInvestments": "104370000",
            "totalCurrentLiabilities": "367835000",
            "currentDebt": "2759000",
            "netIncome": "5901000",
            "capitalExpenditures": "1614000",
            "operatingCashflow": "-5413000",
            "grossProfit": "70765000",
            "totalRevenue": "221467000",
            "sentiment": 0,
            "surprise": "0.03",
            "closePrice": "60.65"
        },
        {
            "fiscalDateEnding": "2016-03-31",
            "totalCurrentAssets": "644827000",
            "cashAndShortTermInvestments": "97425000",
            "totalCurrentLiabilities": "405983000",
            "currentDebt": "2759000",
            "netIncome": "9343000",
            "capitalExpenditures": "1574000",
            "operatingCashflow": "22443000",
            "grossProfit": "70059000",
            "totalRevenue": "210804000",
            "sentiment": 0,
            "surprise": "0",
            "closePrice": "59.58"
        },
        {
            "fiscalDateEnding": "2015-12-31",
            "totalCurrentAssets": "607440000",
            "cashAndShortTermInvestments": "79789000",
            "totalCurrentLiabilities": "305615000",
            "currentDebt": "2752000",
            "netIncome": "108000",
            "capitalExpenditures": "1724000",
            "operatingCashflow": "13108000",
            "grossProfit": "68064000",
            "totalRevenue": "197339000",
            "sentiment": 0,
            "surprise": "-0.41",
            "closePrice": "76.25"
        },
        {
            "fiscalDateEnding": "2015-09-30",
            "totalCurrentAssets": "596130000",
            "cashAndShortTermInvestments": "80930000",
            "totalCurrentLiabilities": "308992000",
            "currentDebt": "2776000",
            "netIncome": "10805000",
            "capitalExpenditures": "958000",
            "operatingCashflow": "45924000",
            "grossProfit": "67971000",
            "totalRevenue": "200050000",
            "sentiment": 0,
            "surprise": "0.01",
            "closePrice": "83.97"
        },
        {
            "fiscalDateEnding": "2015-06-30",
            "totalCurrentAssets": "496634000",
            "cashAndShortTermInvestments": "47593000",
            "totalCurrentLiabilities": "241643000",
            "currentDebt": "2801000",
            "netIncome": "22433000",
            "capitalExpenditures": "893000",
            "operatingCashflow": "-69502000",
            "grossProfit": "89233000",
            "totalRevenue": "266601000",
            "sentiment": 0,
            "surprise": "0.03",
            "closePrice": "71.69"
        },
        {
            "fiscalDateEnding": "2015-03-31",
            "totalCurrentAssets": "580871000",
            "cashAndShortTermInvestments": "49041000",
            "totalCurrentLiabilities": "285414000",
            "currentDebt": "2814000",
            "netIncome": "13228000",
            "capitalExpenditures": "1959000",
            "operatingCashflow": "25728000",
            "grossProfit": "72604000",
            "totalRevenue": "215375000",
            "sentiment": 0,
            "surprise": "0.01",
            "closePrice": "69.73"
        },
        {
            "fiscalDateEnding": "2014-12-31",
            "totalCurrentAssets": "619333000",
            "cashAndShortTermInvestments": "44780000",
            "totalCurrentLiabilities": "338583000",
            "currentDebt": "2816000",
            "netIncome": "18241000",
            "capitalExpenditures": "2313000",
            "operatingCashflow": "31541000",
            "grossProfit": "89274000",
            "totalRevenue": "257829000",
            "sentiment": 0,
            "surprise": "0.02",
            "closePrice": "71.5"
        },
        {
            "fiscalDateEnding": "2014-09-30",
            "totalCurrentAssets": "583001000",
            "cashAndShortTermInvestments": "37274000",
            "totalCurrentLiabilities": "321634000",
            "currentDebt": "2820000",
            "netIncome": "11249000",
            "capitalExpenditures": "1063000",
            "operatingCashflow": "31453000",
            "grossProfit": "74242000",
            "totalRevenue": "218397000",
            "sentiment": 0,
            "surprise": "0.01",
            "closePrice": "67.64"
        },
        {
            "fiscalDateEnding": "2014-06-30",
            "totalCurrentAssets": "566121000",
            "cashAndShortTermInvestments": "38831000",
            "totalCurrentLiabilities": "302607000",
            "currentDebt": "2819000",
            "netIncome": "22126000",
            "capitalExpenditures": "1683000",
            "operatingCashflow": "5344000",
            "grossProfit": "85608000",
            "totalRevenue": "260104000",
            "sentiment": 0,
            "surprise": "0.02",
            "closePrice": "67.61"
        },
        {
            "fiscalDateEnding": "2014-03-31",
            "totalCurrentAssets": "515612000",
            "cashAndShortTermInvestments": "39848000",
            "totalCurrentLiabilities": "266251000",
            "currentDebt": "2779000",
            "netIncome": "4801000",
            "capitalExpenditures": "1746000",
            "operatingCashflow": "17401000",
            "grossProfit": "70507000",
            "totalRevenue": "203956000",
            "sentiment": 0,
            "surprise": "-0.08",
            "closePrice": "55.81"
        },
        {
            "fiscalDateEnding": "2013-12-31",
            "totalCurrentAssets": "506149000",
            "cashAndShortTermInvestments": "39899000",
            "totalCurrentLiabilities": "286283000",
            "currentDebt": "2971000",
            "netIncome": "14573000",
            "capitalExpenditures": "711000",
            "operatingCashflow": "26873000",
            "grossProfit": "80939000",
            "totalRevenue": "236408000",
            "sentiment": 0,
            "surprise": "0",
            "closePrice": "56.35"
        },
        {
            "fiscalDateEnding": "2013-09-30",
            "totalCurrentAssets": "547627000",
            "cashAndShortTermInvestments": "37186000",
            "totalCurrentLiabilities": "305920000",
            "currentDebt": "2956000",
            "netIncome": "6424000",
            "capitalExpenditures": "1756000",
            "operatingCashflow": "6247000",
            "grossProfit": "67946000",
            "totalRevenue": "206274000",
            "sentiment": 0,
            "surprise": "0.04",
            "closePrice": "74.65"
        },
        {
            "fiscalDateEnding": "2013-06-30",
            "totalCurrentAssets": "543124000",
            "cashAndShortTermInvestments": "34697000",
            "totalCurrentLiabilities": "298239000",
            "currentDebt": "1797000",
            "netIncome": "11997000",
            "capitalExpenditures": "626000",
            "operatingCashflow": "1418000",
            "grossProfit": "87145000",
            "totalRevenue": "227895000",
            "sentiment": 0,
            "surprise": "0",
            "closePrice": "70.48"
        },
        {
            "fiscalDateEnding": "2013-03-31",
            "totalCurrentAssets": "472153000",
            "cashAndShortTermInvestments": "47680000",
            "totalCurrentLiabilities": "255694000",
            "currentDebt": "1795000",
            "netIncome": "13529000",
            "capitalExpenditures": "1734000",
            "operatingCashflow": "13529000",
            "grossProfit": "71838000",
            "totalRevenue": "198409000",
            "sentiment": 0,
            "surprise": "0",
            "closePrice": "58.7"
        },
        {
            "fiscalDateEnding": "2012-12-31",
            "totalCurrentAssets": "446560000",
            "cashAndShortTermInvestments": "46850000",
            "totalCurrentLiabilities": "205335000",
            "currentDebt": "1808000",
            "netIncome": "12421000",
            "capitalExpenditures": "623000",
            "operatingCashflow": "12421000",
            "grossProfit": "70088000",
            "totalRevenue": "194049000",
            "sentiment": 0,
            "surprise": "0.03",
            "closePrice": "57.33"
        },
        {
            "fiscalDateEnding": "2012-09-30",
            "totalCurrentAssets": "455127000",
            "cashAndShortTermInvestments": "73707000",
            "totalCurrentLiabilities": "182031000",
            "currentDebt": "1677000",
            "netIncome": "6352000",
            "capitalExpenditures": "1416000",
            "operatingCashflow": "42377000",
            "grossProfit": "61355000",
            "totalRevenue": "181694000",
            "sentiment": 0,
            "surprise": "0.02",
            "closePrice": "79.62"
        },
        {
            "fiscalDateEnding": "2012-06-30",
            "totalCurrentAssets": "483113000",
            "cashAndShortTermInvestments": "91452000",
            "totalCurrentLiabilities": "160649000",
            "currentDebt": "215000",
            "netIncome": "16106000",
            "capitalExpenditures": "1618000",
            "operatingCashflow": "34381000",
            "grossProfit": "80830000",
            "totalRevenue": "235241000",
            "sentiment": 0,
            "surprise": "0.15",
            "closePrice": "71.26"
        },
        {
            "fiscalDateEnding": "2012-03-31",
            "totalCurrentAssets": "485966000",
            "cashAndShortTermInvestments": "90787000",
            "totalCurrentLiabilities": "154993000",
            "currentDebt": "None",
            "netIncome": "12575000",
            "capitalExpenditures": "1291000",
            "operatingCashflow": "12575000",
            "grossProfit": "69131000",
            "totalRevenue": "208439000",
            "sentiment": 0,
            "surprise": "0",
            "closePrice": "61.47"
        },
        {
            "fiscalDateEnding": "2011-12-31",
            "totalCurrentAssets": "440400000",
            "cashAndShortTermInvestments": "52868000",
            "totalCurrentLiabilities": "177851000",
            "currentDebt": "None",
            "netIncome": "12301000",
            "capitalExpenditures": "925000",
            "operatingCashflow": "12301000",
            "grossProfit": "65824000",
            "totalRevenue": "187993000",
            "sentiment": 0,
            "surprise": "0.02",
            "closePrice": "56.46"
        },
        {
            "fiscalDateEnding": "2011-09-30",
            "totalCurrentAssets": "418076000",
            "cashAndShortTermInvestments": "58363000",
            "totalCurrentLiabilities": "162090000",
            "currentDebt": "None",
            "netIncome": "4805000",
            "capitalExpenditures": "869000",
            "operatingCashflow": "9994000",
            "grossProfit": "52857000",
            "totalRevenue": "161317000",
            "sentiment": 0,
            "surprise": "0.02",
            "closePrice": "41.83"
        }
    ]
}