{
    "OTEX": [
        {
            "fiscalDateEnding": "2023-12-31",
            "totalCurrentAssets": "4083990000",
            "cashAndShortTermInvestments": "1003134000",
            "totalCurrentLiabilities": "2959175000",
            "currentDebt": "50263000",
            "netIncome": "37675000",
            "capitalExpenditures": "45240000",
            "operatingCashflow": "350653000",
            "grossProfit": "1129120000",
            "totalRevenue": "1379327000",
            "sentiment": 0.24103452144214524,
            "surprise": "0.05",
            "closePrice": "43.8054749612803"
        },
        {
            "fiscalDateEnding": "2023-09-30",
            "totalCurrentAssets": "1945102000",
            "cashAndShortTermInvestments": "919850000",
            "totalCurrentLiabilities": "2822027000",
            "currentDebt": "150842000",
            "netIncome": "80901000",
            "capitalExpenditures": "37539000",
            "operatingCashflow": "47121000",
            "grossProfit": "1018418000",
            "totalRevenue": "1297979000",
            "sentiment": 0.2936925878103888,
            "surprise": "0.11",
            "closePrice": "34.0257011152108"
        },
        {
            "fiscalDateEnding": "2023-06-30",
            "totalCurrentAssets": "2275231000",
            "cashAndShortTermInvestments": "1231625000",
            "totalCurrentLiabilities": "3219614000",
            "currentDebt": "326131000",
            "netIncome": "-48734000",
            "capitalExpenditures": "24060000",
            "operatingCashflow": "115301000",
            "grossProfit": "1064014000",
            "totalRevenue": "1350124000",
            "sentiment": 0.36973064359454,
            "surprise": "0.05",
            "closePrice": "39.7231646942908"
        },
        {
            "fiscalDateEnding": "2023-03-31",
            "totalCurrentAssets": "2432935000",
            "cashAndShortTermInvestments": "1396817000",
            "totalCurrentLiabilities": "3484070000",
            "currentDebt": "501212000",
            "netIncome": "57556000",
            "capitalExpenditures": "31233000",
            "operatingCashflow": "336775000",
            "grossProfit": "874944000",
            "totalRevenue": "1198727000",
            "sentiment": 0.3803695123071995,
            "surprise": "0.26",
            "closePrice": "35.6682631107423"
        },
        {
            "fiscalDateEnding": "2022-12-31",
            "totalCurrentAssets": "3458806000",
            "cashAndShortTermInvestments": "2820927000",
            "totalCurrentLiabilities": "1494434000",
            "currentDebt": "10000000",
            "netIncome": "258486000",
            "capitalExpenditures": "32215000",
            "operatingCashflow": "195170000",
            "grossProfit": "635747000",
            "totalRevenue": "853589000",
            "sentiment": 0.16259259159861109,
            "surprise": "0.11",
            "closePrice": "32.2202969187517"
        },
        {
            "fiscalDateEnding": "2022-09-30",
            "totalCurrentAssets": "2244054000",
            "cashAndShortTermInvestments": "1704385000",
            "totalCurrentLiabilities": "1577524000",
            "currentDebt": "10000000",
            "netIncome": "-116929000",
            "capitalExpenditures": "36324000",
            "operatingCashflow": "131959000",
            "grossProfit": "593688000",
            "totalRevenue": "813205000",
            "sentiment": 0.23548128968732393,
            "surprise": "0.01",
            "closePrice": "26.6714869138436"
        },
        {
            "fiscalDateEnding": "2022-06-30",
            "totalCurrentAssets": "2285367000",
            "cashAndShortTermInvestments": "1693741000",
            "totalCurrentLiabilities": "1468258000",
            "currentDebt": "10000000",
            "netIncome": "102196000",
            "capitalExpenditures": "38172000",
            "operatingCashflow": "251940000",
            "grossProfit": "633793000",
            "totalRevenue": "865207000",
            "sentiment": 0.017904131485712602,
            "surprise": "0.03",
            "closePrice": "39.6793103169384"
        },
        {
            "fiscalDateEnding": "2022-03-31",
            "totalCurrentAssets": "2232457000",
            "cashAndShortTermInvestments": "1633702000",
            "totalCurrentLiabilities": "1417960000",
            "currentDebt": "10000000",
            "netIncome": "74681000",
            "capitalExpenditures": "17590000",
            "operatingCashflow": "323557000",
            "grossProfit": "608047000",
            "totalRevenue": "841689000",
            "sentiment": 0.04795636126733427,
            "surprise": "0.04",
            "closePrice": "38.8044079881566"
        },
        {
            "fiscalDateEnding": "2021-12-31",
            "totalCurrentAssets": "2099356000",
            "cashAndShortTermInvestments": "1511792000",
            "totalCurrentLiabilities": "1302845000",
            "currentDebt": "10000000",
            "netIncome": "88298000",
            "capitalExpenditures": "10635000",
            "operatingCashflow": "216644000",
            "grossProfit": "615618000",
            "totalRevenue": "811302000",
            "sentiment": 0,
            "surprise": "0.01",
            "closePrice": "43.8702461551731"
        },
        {
            "fiscalDateEnding": "2021-09-30",
            "totalCurrentAssets": "2250787000",
            "cashAndShortTermInvestments": "1735265000",
            "totalCurrentLiabilities": "1198007000",
            "currentDebt": "10000000",
            "netIncome": "131915000",
            "capitalExpenditures": "26712000",
            "operatingCashflow": "189669000",
            "grossProfit": "574185000",
            "totalRevenue": "797466000",
            "sentiment": 0,
            "surprise": "0.03",
            "closePrice": "47.7402567216624"
        },
        {
            "fiscalDateEnding": "2021-06-30",
            "totalCurrentAssets": "2202060000",
            "cashAndShortTermInvestments": "1607306000",
            "totalCurrentLiabilities": "1361904000",
            "currentDebt": "10000000",
            "netIncome": "181283000",
            "capitalExpenditures": "27408000",
            "operatingCashflow": "296189000",
            "grossProfit": "621814000",
            "totalRevenue": "860150000",
            "sentiment": 0,
            "surprise": "0.08",
            "closePrice": "48.7833860274715"
        },
        {
            "fiscalDateEnding": "2021-03-31",
            "totalCurrentAssets": "2062176000",
            "cashAndShortTermInvestments": "1475626000",
            "totalCurrentLiabilities": "1339024000",
            "currentDebt": "10000000",
            "netIncome": "91490000",
            "capitalExpenditures": "13311000",
            "operatingCashflow": "63572000",
            "grossProfit": "571665000",
            "totalRevenue": "793919000",
            "sentiment": 0,
            "surprise": "0.06",
            "closePrice": "43.3175743946575"
        },
        {
            "fiscalDateEnding": "2020-12-31",
            "totalCurrentAssets": "2128556000",
            "cashAndShortTermInvestments": "1500561000",
            "totalCurrentLiabilities": "1536378000",
            "currentDebt": "10000000",
            "netIncome": "-65477000",
            "capitalExpenditures": "7651000",
            "operatingCashflow": "282455000",
            "grossProfit": "603082000",
            "totalRevenue": "823101000",
            "sentiment": 0,
            "surprise": "0.1",
            "closePrice": "44.1056285093497"
        },
        {
            "fiscalDateEnding": "2020-09-30",
            "totalCurrentAssets": "2436058000",
            "cashAndShortTermInvestments": "1845582000",
            "totalCurrentLiabilities": "1784500000",
            "currentDebt": "610000000",
            "netIncome": "103376000",
            "capitalExpenditures": "15305000",
            "operatingCashflow": "233904000",
            "grossProfit": "555088000",
            "totalRevenue": "762482000",
            "sentiment": 0,
            "surprise": "0.22",
            "closePrice": "38.2438958098537"
        },
        {
            "fiscalDateEnding": "2020-06-30",
            "totalCurrentAssets": "2386399000",
            "cashAndShortTermInvestments": "1692850000",
            "totalCurrentLiabilities": "1904233000",
            "currentDebt": "610000000",
            "netIncome": "26392000",
            "capitalExpenditures": "17704000",
            "operatingCashflow": "280250000",
            "grossProfit": "565917000",
            "totalRevenue": "782675000",
            "sentiment": 0,
            "surprise": "0.19",
            "closePrice": "42.5164760066323"
        },
        {
            "fiscalDateEnding": "2020-03-31",
            "totalCurrentAssets": "2110978000",
            "cashAndShortTermInvestments": "1452570000",
            "totalCurrentLiabilities": "1854745000",
            "currentDebt": "678871000",
            "netIncome": "25965000",
            "capitalExpenditures": "16793000",
            "operatingCashflow": "329601000",
            "grossProfit": "532492000",
            "totalRevenue": "751277000",
            "sentiment": 0,
            "surprise": "0.04",
            "closePrice": "34.7381605138324"
        },
        {
            "fiscalDateEnding": "2019-12-31",
            "totalCurrentAssets": "1353794000",
            "cashAndShortTermInvestments": "675403000",
            "totalCurrentLiabilities": "2167980000",
            "currentDebt": "980210000",
            "netIncome": "107467000",
            "capitalExpenditures": "19598000",
            "operatingCashflow": "207238000",
            "grossProfit": "539172000",
            "totalRevenue": "740764000",
            "sentiment": 0,
            "surprise": "0.05",
            "closePrice": "42.2964608231743"
        },
        {
            "fiscalDateEnding": "2019-09-30",
            "totalCurrentAssets": "1543290000",
            "cashAndShortTermInvestments": "999298000",
            "totalCurrentLiabilities": "951853000",
            "currentDebt": "70687000",
            "netIncome": "74401000",
            "capitalExpenditures": "18614000",
            "operatingCashflow": "137447000",
            "grossProfit": "468380000",
            "totalRevenue": "666232000",
            "sentiment": 0,
            "surprise": "0.01",
            "closePrice": "36.5541215485725"
        },
        {
            "fiscalDateEnding": "2019-06-30",
            "totalCurrentAssets": "1561328000",
            "cashAndShortTermInvestments": "941009000",
            "totalCurrentLiabilities": "1014717000",
            "currentDebt": "10000000",
            "netIncome": "71983000",
            "capitalExpenditures": "13405000",
            "operatingCashflow": "229777000",
            "grossProfit": "510484000",
            "totalRevenue": "714380000",
            "sentiment": 0,
            "surprise": "0",
            "closePrice": "38.3248973687799"
        },
        {
            "fiscalDateEnding": "2019-03-31",
            "totalCurrentAssets": "1398314000",
            "cashAndShortTermInvestments": "765224000",
            "totalCurrentLiabilities": "1015081000",
            "currentDebt": "10000000",
            "netIncome": "72762000",
            "capitalExpenditures": "16968000",
            "operatingCashflow": "285997000",
            "grossProfit": "479515000",
            "totalRevenue": "683539000",
            "sentiment": 0,
            "surprise": "0.04",
            "closePrice": "34.5935841073449"
        },
        {
            "fiscalDateEnding": "2018-12-31",
            "totalCurrentAssets": "1212541000",
            "cashAndShortTermInvestments": "595069000",
            "totalCurrentLiabilities": "911465000",
            "currentDebt": "10000000",
            "netIncome": "104432000",
            "capitalExpenditures": "8969000",
            "operatingCashflow": "189103000",
            "grossProfit": "507209000",
            "totalRevenue": "701618000",
            "sentiment": 0,
            "surprise": "0.08",
            "closePrice": "31.9458754863882"
        },
        {
            "fiscalDateEnding": "2018-09-30",
            "totalCurrentAssets": "1325106000",
            "cashAndShortTermInvestments": "787919000",
            "totalCurrentLiabilities": "875273000",
            "currentDebt": "10000000",
            "netIncome": "36324000",
            "capitalExpenditures": "24495000",
            "operatingCashflow": "171401000",
            "grossProfit": "440844000",
            "totalRevenue": "624837000",
            "sentiment": 0,
            "surprise": "0.01",
            "closePrice": "29.6889760016828"
        },
        {
            "fiscalDateEnding": "2018-06-30",
            "totalCurrentAssets": "1327580000",
            "cashAndShortTermInvestments": "682942000",
            "totalCurrentLiabilities": "994599000",
            "currentDebt": "10000000",
            "netIncome": "61723000",
            "capitalExpenditures": "22280000",
            "operatingCashflow": "204060000",
            "grossProfit": "509271000",
            "totalRevenue": "754270000",
            "sentiment": 0,
            "surprise": "0.04",
            "closePrice": "33.5674396838822"
        },
        {
            "fiscalDateEnding": "2018-03-31",
            "totalCurrentAssets": "1269046000",
            "cashAndShortTermInvestments": "605497000",
            "totalCurrentLiabilities": "1300799000",
            "currentDebt": "282760000",
            "netIncome": "58794000",
            "capitalExpenditures": "27101000",
            "operatingCashflow": "270589000",
            "grossProfit": "443334000",
            "totalRevenue": "685879000",
            "sentiment": 0,
            "surprise": "-0.08",
            "closePrice": "32.3884998193266"
        },
        {
            "fiscalDateEnding": "2017-12-31",
            "totalCurrentAssets": "1112907000",
            "cashAndShortTermInvestments": "476014000",
            "totalCurrentLiabilities": "1288725000",
            "currentDebt": "382760000",
            "netIncome": "85111000",
            "capitalExpenditures": "25488000",
            "operatingCashflow": "166186000",
            "grossProfit": "494202000",
            "totalRevenue": "734405000",
            "sentiment": 0,
            "surprise": "0.13",
            "closePrice": "30.2022371244274"
        },
        {
            "fiscalDateEnding": "2017-09-30",
            "totalCurrentAssets": "958646000",
            "cashAndShortTermInvestments": "376390000",
            "totalCurrentLiabilities": "1304020000",
            "currentDebt": "382760000",
            "netIncome": "36596000",
            "capitalExpenditures": "30449000",
            "operatingCashflow": "67246000",
            "grossProfit": "417435000",
            "totalRevenue": "640687000",
            "sentiment": 0,
            "surprise": "0",
            "closePrice": "30.0365631231148"
        },
        {
            "fiscalDateEnding": "2017-06-30",
            "totalCurrentAssets": "1003477000",
            "cashAndShortTermInvestments": "443357000",
            "totalCurrentLiabilities": "1127043000",
            "currentDebt": "182760000",
            "netIncome": "46137000",
            "capitalExpenditures": "29521000",
            "operatingCashflow": "103580000",
            "grossProfit": "444872000",
            "totalRevenue": "663554000",
            "sentiment": 0,
            "surprise": "0.02",
            "closePrice": "29.1944367730755"
        },
        {
            "fiscalDateEnding": "2017-03-31",
            "totalCurrentAssets": "911339000",
            "cashAndShortTermInvestments": "451698000",
            "totalCurrentLiabilities": "1131038000",
            "currentDebt": "232760000",
            "netIncome": "21616000",
            "capitalExpenditures": "17797000",
            "operatingCashflow": "156303000",
            "grossProfit": "382641000",
            "totalRevenue": "593130000",
            "sentiment": 0,
            "surprise": "-0.05",
            "closePrice": "30.3390918610765"
        },
        {
            "fiscalDateEnding": "2016-12-31",
            "totalCurrentAssets": "2118652000",
            "cashAndShortTermInvestments": "1725729000",
            "totalCurrentLiabilities": "643148000",
            "currentDebt": "8000000",
            "netIncome": "45022000",
            "capitalExpenditures": "11609000",
            "operatingCashflow": "107019000",
            "grossProfit": "374676000",
            "totalRevenue": "542709000",
            "sentiment": 0,
            "surprise": "0.02",
            "closePrice": "28.9061496147558"
        },
        {
            "fiscalDateEnding": "2016-09-30",
            "totalCurrentAssets": "1225804000",
            "cashAndShortTermInvestments": "837670000",
            "totalCurrentLiabilities": "670629000",
            "currentDebt": "8000000",
            "netIncome": "912884000",
            "capitalExpenditures": "20665000",
            "operatingCashflow": "73451000",
            "grossProfit": "327311000",
            "totalRevenue": "491664000",
            "sentiment": 0,
            "surprise": "-0.01",
            "closePrice": "26.2547287830676"
        },
        {
            "fiscalDateEnding": "2016-06-30",
            "totalCurrentAssets": "1672273000",
            "cashAndShortTermInvestments": "1295596000",
            "totalCurrentLiabilities": "671029000",
            "currentDebt": "8000000",
            "netIncome": "86390000",
            "capitalExpenditures": "21112000",
            "operatingCashflow": "119120000",
            "grossProfit": "331031000",
            "totalRevenue": "483803000",
            "sentiment": 0,
            "surprise": "-0.02",
            "closePrice": "27.0582280838997"
        },
        {
            "fiscalDateEnding": "2016-03-31",
            "totalCurrentAssets": "1256422000",
            "cashAndShortTermInvestments": "890413000",
            "totalCurrentLiabilities": "610546000",
            "currentDebt": "8000000",
            "netIncome": "69115000",
            "capitalExpenditures": "18998000",
            "operatingCashflow": "189944000",
            "grossProfit": "299109000",
            "totalRevenue": "440543000",
            "sentiment": 0,
            "surprise": "-0.02",
            "closePrice": "23.2389133986539"
        },
        {
            "fiscalDateEnding": "2015-12-31",
            "totalCurrentAssets": "1122663000",
            "cashAndShortTermInvestments": "742234000",
            "totalCurrentLiabilities": "559841000",
            "currentDebt": "8000000",
            "netIncome": "87686000",
            "capitalExpenditures": "12702000",
            "operatingCashflow": "123936000",
            "grossProfit": "325605000",
            "totalRevenue": "465347000",
            "sentiment": 0,
            "surprise": "0.06",
            "closePrice": "18.3148091212879"
        },
        {
            "fiscalDateEnding": "2015-09-30",
            "totalCurrentAssets": "1041103000",
            "cashAndShortTermInvestments": "708807000",
            "totalCurrentLiabilities": "536866000",
            "currentDebt": "8000000",
            "netIncome": "41286000",
            "capitalExpenditures": "17197000",
            "operatingCashflow": "92722000",
            "grossProfit": "294483000",
            "totalRevenue": "434535000",
            "sentiment": 0,
            "surprise": "0.03",
            "closePrice": "19.3533416092373"
        },
        {
            "fiscalDateEnding": "2015-06-30",
            "totalCurrentAssets": "1069638000",
            "cashAndShortTermInvestments": "711165000",
            "totalCurrentLiabilities": "624437000",
            "currentDebt": "8000000",
            "netIncome": "68804000",
            "capitalExpenditures": "16460000",
            "operatingCashflow": "131817000",
            "grossProfit": "331998000",
            "totalRevenue": "482708000",
            "sentiment": 0,
            "surprise": "0.1",
            "closePrice": "15.9447500068261"
        },
        {
            "fiscalDateEnding": "2015-03-31",
            "totalCurrentAssets": "994074000",
            "cashAndShortTermInvestments": "632206000",
            "totalCurrentLiabilities": "599676000",
            "currentDebt": "15802000",
            "netIncome": "26610000",
            "capitalExpenditures": "12325000",
            "operatingCashflow": "143111000",
            "grossProfit": "295205000",
            "totalRevenue": "447577000",
            "sentiment": 0,
            "surprise": "-0.11",
            "closePrice": "23.359985044647"
        },
        {
            "fiscalDateEnding": "2014-12-31",
            "totalCurrentAssets": "901322000",
            "cashAndShortTermInvestments": "542810000",
            "totalCurrentLiabilities": "563524000",
            "currentDebt": "65289000",
            "netIncome": "74287000",
            "capitalExpenditures": "18026000",
            "operatingCashflow": "109572000",
            "grossProfit": "319458000",
            "totalRevenue": "467845000",
            "sentiment": 0,
            "surprise": "0",
            "closePrice": "25.0570496019176"
        },
        {
            "fiscalDateEnding": "2014-09-30",
            "totalCurrentAssets": "822454000",
            "cashAndShortTermInvestments": "492486000",
            "totalCurrentLiabilities": "573451000",
            "currentDebt": "62105000",
            "netIncome": "64626000",
            "capitalExpenditures": "30235000",
            "operatingCashflow": "138531000",
            "grossProfit": "306847000",
            "totalRevenue": "453787000",
            "sentiment": 0,
            "surprise": "0.06",
            "closePrice": "22.7358661450323"
        },
        {
            "fiscalDateEnding": "2014-06-30",
            "totalCurrentAssets": "815735000",
            "cashAndShortTermInvestments": "427890000",
            "totalCurrentLiabilities": "641201000",
            "currentDebt": "62582000",
            "netIncome": "88111000",
            "capitalExpenditures": "13825000",
            "operatingCashflow": "134914000",
            "grossProfit": "342190000",
            "totalRevenue": "493978000",
            "sentiment": 0,
            "surprise": "0.06",
            "closePrice": "20.2468069016821"
        },
        {
            "fiscalDateEnding": "2014-03-31",
            "totalCurrentAssets": "698769000",
            "cashAndShortTermInvestments": "336071000",
            "totalCurrentLiabilities": "637770000",
            "currentDebt": "62384000",
            "netIncome": "45884000",
            "capitalExpenditures": "8215000",
            "operatingCashflow": "141414000",
            "grossProfit": "298192000",
            "totalRevenue": "442754000",
            "sentiment": 0,
            "surprise": "0.02",
            "closePrice": "19.1904392184221"
        },
        {
            "fiscalDateEnding": "2013-12-31",
            "totalCurrentAssets": "761768000",
            "cashAndShortTermInvestments": "515354000",
            "totalCurrentLiabilities": "498272000",
            "currentDebt": "54994000",
            "netIncome": "53500000",
            "capitalExpenditures": "11913000",
            "operatingCashflow": "60875000",
            "grossProfit": "255551000",
            "totalRevenue": "363507000",
            "sentiment": 0,
            "surprise": "0.02",
            "closePrice": "18.8150389479024"
        },
        {
            "fiscalDateEnding": "2013-09-30",
            "totalCurrentAssets": "725525000",
            "cashAndShortTermInvestments": "491147000",
            "totalCurrentLiabilities": "520573000",
            "currentDebt": "55473000",
            "netIncome": "30630000",
            "capitalExpenditures": "8315000",
            "operatingCashflow": "79924000",
            "grossProfit": "218024000",
            "totalRevenue": "324460000",
            "sentiment": 0,
            "surprise": "0.02",
            "closePrice": "15.538212978293"
        },
        {
            "fiscalDateEnding": "2013-06-30",
            "totalCurrentAssets": "717091000",
            "cashAndShortTermInvestments": "470445000",
            "totalCurrentLiabilities": "527883000",
            "currentDebt": "51742000",
            "netIncome": "42172000",
            "capitalExpenditures": "7315000",
            "operatingCashflow": "65217000",
            "grossProfit": "229233000",
            "totalRevenue": "347267000",
            "sentiment": 0,
            "surprise": "0",
            "closePrice": "14.5293239696805"
        },
        {
            "fiscalDateEnding": "2013-03-31",
            "totalCurrentAssets": "708965000",
            "cashAndShortTermInvestments": "446911000",
            "totalCurrentLiabilities": "552617000",
            "currentDebt": "48475000",
            "netIncome": "25811000",
            "capitalExpenditures": "5875000",
            "operatingCashflow": "116828000",
            "grossProfit": "215619000",
            "totalRevenue": "337695000",
            "sentiment": 0,
            "surprise": "0",
            "closePrice": "11.5388057487724"
        },
        {
            "fiscalDateEnding": "2012-12-31",
            "totalCurrentAssets": "614434000",
            "cashAndShortTermInvestments": "367258000",
            "totalCurrentLiabilities": "477702000",
            "currentDebt": "45136000",
            "netIncome": "61108000",
            "capitalExpenditures": "4879000",
            "operatingCashflow": "74694000",
            "grossProfit": "228193000",
            "totalRevenue": "352180000",
            "sentiment": 0,
            "surprise": "0.06",
            "closePrice": "12.264852182307"
        },
        {
            "fiscalDateEnding": "2012-09-30",
            "totalCurrentAssets": "544872000",
            "cashAndShortTermInvestments": "302235000",
            "totalCurrentLiabilities": "497614000",
            "currentDebt": "41682000",
            "netIncome": "19429000",
            "capitalExpenditures": "5038000",
            "operatingCashflow": "61763000",
            "grossProfit": "204387000",
            "totalRevenue": "326194000",
            "sentiment": 0,
            "surprise": "0.04",
            "closePrice": "11.065768038517"
        },
        {
            "fiscalDateEnding": "2012-06-30",
            "totalCurrentAssets": "790876000",
            "cashAndShortTermInvestments": "559747000",
            "totalCurrentLiabilities": "476794000",
            "currentDebt": "41374000",
            "netIncome": "7971000",
            "capitalExpenditures": "4447000",
            "operatingCashflow": "79846000",
            "grossProfit": "201105000",
            "totalRevenue": "305624000",
            "sentiment": 0,
            "surprise": "0",
            "closePrice": "10.131834411471"
        },
        {
            "fiscalDateEnding": "2012-03-31",
            "totalCurrentAssets": "767962000",
            "cashAndShortTermInvestments": "508906000",
            "totalCurrentLiabilities": "484100000",
            "currentDebt": "41852000",
            "netIncome": "34774000",
            "capitalExpenditures": "4694000",
            "operatingCashflow": "96598000",
            "grossProfit": "185951000",
            "totalRevenue": "292347000",
            "sentiment": 0,
            "surprise": "-0.04",
            "closePrice": "10.9604297762957"
        },
        {
            "fiscalDateEnding": "2011-12-31",
            "totalCurrentAssets": "657963000",
            "cashAndShortTermInvestments": "413911000",
            "totalCurrentLiabilities": "428414000",
            "currentDebt": "41665000",
            "netIncome": "47443000",
            "capitalExpenditures": "8785000",
            "operatingCashflow": "44698000",
            "grossProfit": "215761000",
            "totalRevenue": "321456000",
            "sentiment": 0,
            "surprise": "0.04",
            "closePrice": "10.7922495289798"
        },
        {
            "fiscalDateEnding": "2011-09-30",
            "totalCurrentAssets": "344706000",
            "cashAndShortTermInvestments": "119294000",
            "totalCurrentLiabilities": "471638000",
            "currentDebt": "63388000",
            "netIncome": "34986000",
            "capitalExpenditures": "7902000",
            "operatingCashflow": "45348000",
            "grossProfit": "186638000",
            "totalRevenue": "288046000",
            "sentiment": 0,
            "surprise": "0.02",
            "closePrice": "11.0629787075859"
        },
        {
            "fiscalDateEnding": "2011-06-30",
            "totalCurrentAssets": "515158000",
            "cashAndShortTermInvestments": "284140000",
            "totalCurrentLiabilities": "415373000",
            "currentDebt": "15545000",
            "netIncome": "28592000",
            "capitalExpenditures": "10126000",
            "operatingCashflow": "51957000",
            "grossProfit": "190392000",
            "totalRevenue": "285453000",
            "sentiment": 0,
            "surprise": "-0.02",
            "closePrice": "11.7869741624947"
        },
        {
            "fiscalDateEnding": "2011-03-31",
            "totalCurrentAssets": "467000000",
            "cashAndShortTermInvestments": "237747000",
            "totalCurrentLiabilities": "435690000",
            "currentDebt": "15787000",
            "netIncome": "35830000",
            "capitalExpenditures": "11954000",
            "operatingCashflow": "82327000",
            "grossProfit": "174979000",
            "totalRevenue": "262957000",
            "sentiment": 0,
            "surprise": "-0.01",
            "closePrice": "13.1631808204091"
        },
        {
            "fiscalDateEnding": "2010-12-31",
            "totalCurrentAssets": "544779000",
            "cashAndShortTermInvestments": "340783000",
            "totalCurrentLiabilities": "379530000",
            "currentDebt": "15450000",
            "netIncome": "37110000",
            "capitalExpenditures": "7639000",
            "operatingCashflow": "40003000",
            "grossProfit": "182905000",
            "totalRevenue": "267488000",
            "sentiment": 0,
            "surprise": "0.03",
            "closePrice": "10.4189714190835"
        },
        {
            "fiscalDateEnding": "2010-09-30",
            "totalCurrentAssets": "557906000",
            "cashAndShortTermInvestments": "384692000",
            "totalCurrentLiabilities": "398217000",
            "currentDebt": "15393000",
            "netIncome": "21671000",
            "capitalExpenditures": "6943000",
            "operatingCashflow": "48934000",
            "grossProfit": "144007000",
            "totalRevenue": "217405000",
            "sentiment": 0,
            "surprise": "0.01",
            "closePrice": "9.32579981153008"
        },
        {
            "fiscalDateEnding": "2010-06-30",
            "totalCurrentAssets": "544172000",
            "cashAndShortTermInvestments": "326192000",
            "totalCurrentLiabilities": "422892000",
            "currentDebt": "15486000",
            "netIncome": "53167000",
            "capitalExpenditures": "4045000",
            "operatingCashflow": "65220000",
            "grossProfit": "163608000",
            "totalRevenue": "240034000",
            "sentiment": 0,
            "surprise": "0.03",
            "closePrice": "7.63989538111932"
        },
        {
            "fiscalDateEnding": "2010-03-31",
            "totalCurrentAssets": "506804000",
            "cashAndShortTermInvestments": "321328000",
            "totalCurrentLiabilities": "358293000",
            "currentDebt": "15782000",
            "netIncome": "13114000",
            "capitalExpenditures": "3505000",
            "operatingCashflow": "78001000",
            "grossProfit": "141898000",
            "totalRevenue": "212777000",
            "sentiment": 0,
            "surprise": "-0.01",
            "closePrice": "9.64575247715548"
        },
        {
            "fiscalDateEnding": "2009-12-31",
            "totalCurrentAssets": "452240000",
            "cashAndShortTermInvestments": "256044000",
            "totalCurrentLiabilities": "327143000",
            "currentDebt": "3508000",
            "netIncome": "21201000",
            "capitalExpenditures": "4099000",
            "operatingCashflow": "32468000",
            "grossProfit": "170084000",
            "totalRevenue": "247790000",
            "sentiment": 0,
            "surprise": "0.05",
            "closePrice": "8.31671832763459"
        },
        {
            "fiscalDateEnding": "2009-09-30",
            "totalCurrentAssets": "423801000",
            "cashAndShortTermInvestments": "231958000",
            "totalCurrentLiabilities": "347937000",
            "currentDebt": "3489000",
            "netIncome": "1730000",
            "capitalExpenditures": "7665000",
            "operatingCashflow": "4502000",
            "grossProfit": "139902000",
            "totalRevenue": "211422000",
            "sentiment": 0,
            "surprise": "-0.01",
            "closePrice": "8.13213025131224"
        },
        {
            "fiscalDateEnding": "2009-06-30",
            "totalCurrentAssets": "434910000",
            "cashAndShortTermInvestments": "275819000",
            "totalCurrentLiabilities": "320702000",
            "currentDebt": "3449000",
            "netIncome": "19481000",
            "capitalExpenditures": "5842000",
            "operatingCashflow": "38627000",
            "grossProfit": "138485000",
            "totalRevenue": "203356000",
            "sentiment": 0,
            "surprise": "0.01",
            "closePrice": "7.71783256889987"
        },
        {
            "fiscalDateEnding": "2009-03-31",
            "totalCurrentAssets": "388852000",
            "cashAndShortTermInvestments": "237048000",
            "totalCurrentLiabilities": "318475000",
            "currentDebt": "3407000",
            "netIncome": "22035000",
            "capitalExpenditures": "4214000",
            "operatingCashflow": "72887000",
            "grossProfit": "128322000",
            "totalRevenue": "192035000",
            "sentiment": 0,
            "surprise": "0",
            "closePrice": "6.33547297510807"
        }
    ]
}