{
    "PANW": [
        {
            "fiscalDateEnding": "2024-01-31",
            "totalCurrentAssets": "6446700000",
            "cashAndShortTermInvestments": "3371000000",
            "totalCurrentLiabilities": "7765500000",
            "currentDebt": "1821800000",
            "netIncome": "1746900000",
            "capitalExpenditures": "35200000",
            "operatingCashflow": "690000000",
            "grossProfit": "1476000000",
            "totalRevenue": "1965800000",
            "sentiment": 0.18026610412278693,
            "surprise": "0.16",
            "closePrice": "366.09"
        },
        {
            "fiscalDateEnding": "2023-10-31",
            "totalCurrentAssets": "6477600000",
            "cashAndShortTermInvestments": "3893800000",
            "totalCurrentLiabilities": "7513400000",
            "currentDebt": "1946700000",
            "netIncome": "194200000",
            "capitalExpenditures": "36800000",
            "operatingCashflow": "1526000000",
            "grossProfit": "1405300000",
            "totalRevenue": "1880300000",
            "sentiment": 0.20605753492582,
            "surprise": "0.22",
            "closePrice": "344.18"
        },
        {
            "fiscalDateEnding": "2023-07-31",
            "totalCurrentAssets": "6048000000",
            "cashAndShortTermInvestments": "2390000000",
            "totalCurrentLiabilities": "7737500000",
            "currentDebt": "1991500000",
            "netIncome": "227700000",
            "capitalExpenditures": "37200000",
            "operatingCashflow": "414100000",
            "grossProfit": "1446500000",
            "totalRevenue": "1944800000",
            "sentiment": 0.23640607416619147,
            "surprise": "0.16",
            "closePrice": "209.69"
        },
        {
            "fiscalDateEnding": "2023-04-30",
            "totalCurrentAssets": "6413600000",
            "cashAndShortTermInvestments": "3958200000",
            "totalCurrentLiabilities": "8641200000",
            "currentDebt": "3682100000",
            "netIncome": "107800000",
            "capitalExpenditures": "31200000",
            "operatingCashflow": "432100000",
            "grossProfit": "1246100000",
            "totalRevenue": "1710900000",
            "sentiment": 0.20806513310602842,
            "surprise": "0.17",
            "closePrice": "189.74"
        },
        {
            "fiscalDateEnding": "2023-01-31",
            "totalCurrentAssets": "5405800000",
            "cashAndShortTermInvestments": "3346900000",
            "totalCurrentLiabilities": "8475100000",
            "currentDebt": "3680300000",
            "netIncome": "84200000",
            "capitalExpenditures": "38300000",
            "operatingCashflow": "694600000",
            "grossProfit": "1188900000",
            "totalRevenue": "1640900000",
            "sentiment": 0.22852921840564303,
            "surprise": "0.27",
            "closePrice": "166.89"
        },
        {
            "fiscalDateEnding": "2022-10-31",
            "totalCurrentAssets": "5733500000",
            "cashAndShortTermInvestments": "3803700000",
            "totalCurrentLiabilities": "8195100000",
            "currentDebt": "3678600000",
            "netIncome": "20000000",
            "capitalExpenditures": "39600000",
            "operatingCashflow": "1236700000",
            "grossProfit": "1101500000",
            "totalRevenue": "1561000000",
            "sentiment": 0.21832217538934498,
            "surprise": "0.14",
            "closePrice": "156.56"
        },
        {
            "fiscalDateEnding": "2022-07-31",
            "totalCurrentAssets": "6414900000",
            "cashAndShortTermInvestments": "3634500000",
            "totalCurrentLiabilities": "8306300000",
            "currentDebt": "3676800000",
            "netIncome": "3300000",
            "capitalExpenditures": "39200000",
            "operatingCashflow": "523700000",
            "grossProfit": "1058200000",
            "totalRevenue": "1545400000",
            "sentiment": 0.07269953748047789,
            "surprise": "0.04",
            "closePrice": "169.35"
        },
        {
            "fiscalDateEnding": "2022-04-30",
            "totalCurrentAssets": "5697600000",
            "cashAndShortTermInvestments": "3874600000",
            "totalCurrentLiabilities": "7677200000",
            "currentDebt": "3675700000",
            "netIncome": "-73200000",
            "capitalExpenditures": "38300000",
            "operatingCashflow": "389500000",
            "grossProfit": "946200000",
            "totalRevenue": "1379900000",
            "sentiment": 0.00700049503919338,
            "surprise": "0.04",
            "closePrice": "145.456666666667"
        },
        {
            "fiscalDateEnding": "2022-01-31",
            "totalCurrentAssets": "4868600000",
            "cashAndShortTermInvestments": "3340300000",
            "totalCurrentLiabilities": "7406400000",
            "currentDebt": "3673900000",
            "netIncome": "-93500000",
            "capitalExpenditures": "80700000",
            "operatingCashflow": "482600000",
            "grossProfit": "911600000",
            "totalRevenue": "1310100000",
            "sentiment": 0,
            "surprise": "0.03",
            "closePrice": "158.503333333333"
        },
        {
            "fiscalDateEnding": "2021-10-31",
            "totalCurrentAssets": "4839100000",
            "cashAndShortTermInvestments": "3461400000",
            "totalCurrentLiabilities": "7144400000",
            "currentDebt": "3672100000",
            "netIncome": "-103600000",
            "capitalExpenditures": "34600000",
            "operatingCashflow": "588900000",
            "grossProfit": "866800000",
            "totalRevenue": "1240500000",
            "sentiment": 0,
            "surprise": "0.03",
            "closePrice": "173.33"
        },
        {
            "fiscalDateEnding": "2021-07-31",
            "totalCurrentAssets": "4647300000",
            "cashAndShortTermInvestments": "2901100000",
            "totalCurrentLiabilities": "5116700000",
            "currentDebt": "1557900000",
            "netIncome": "-119300000",
            "capitalExpenditures": "27400000",
            "operatingCashflow": "325800000",
            "grossProfit": "860400000",
            "totalRevenue": "1175000000",
            "sentiment": 0,
            "surprise": "0.05",
            "closePrice": "124.19"
        },
        {
            "fiscalDateEnding": "2021-04-30",
            "totalCurrentAssets": "4140900000",
            "cashAndShortTermInvestments": "2945400000",
            "totalCurrentLiabilities": "3007300000",
            "currentDebt": "None",
            "netIncome": "-145100000",
            "capitalExpenditures": "26900000",
            "operatingCashflow": "277800000",
            "grossProfit": "743300000",
            "totalRevenue": "1032000000",
            "sentiment": 0,
            "surprise": "0.03",
            "closePrice": "114.196666666667"
        },
        {
            "fiscalDateEnding": "2021-01-31",
            "totalCurrentAssets": "4275800000",
            "cashAndShortTermInvestments": "3171200000",
            "totalCurrentLiabilities": "4376300000",
            "currentDebt": "1525600000",
            "netIncome": "-142300000",
            "capitalExpenditures": "32100000",
            "operatingCashflow": "364500000",
            "grossProfit": "709300000",
            "totalRevenue": "972500000",
            "sentiment": 0,
            "surprise": "0.04",
            "closePrice": "128.116666666667"
        },
        {
            "fiscalDateEnding": "2020-10-31",
            "totalCurrentAssets": "4300900000",
            "cashAndShortTermInvestments": "3217600000",
            "totalCurrentLiabilities": "2635100000",
            "currentDebt": "None",
            "netIncome": "-92200000",
            "capitalExpenditures": "29600000",
            "operatingCashflow": "534900000",
            "grossProfit": "668200000",
            "totalRevenue": "907900000",
            "sentiment": 0,
            "surprise": "0.1",
            "closePrice": "92.8333333333333"
        },
        {
            "fiscalDateEnding": "2020-07-31",
            "totalCurrentAssets": "5129200000",
            "cashAndShortTermInvestments": "3747800000",
            "totalCurrentLiabilities": "2691700000",
            "currentDebt": "57900000",
            "netIncome": "-58900000",
            "capitalExpenditures": "31800000",
            "operatingCashflow": "333700000",
            "grossProfit": "660000000",
            "totalRevenue": "919000000",
            "sentiment": 0,
            "surprise": "0.03",
            "closePrice": "89.0233333333333"
        },
        {
            "fiscalDateEnding": "2020-04-30",
            "totalCurrentAssets": "3014000000",
            "cashAndShortTermInvestments": "2038800000",
            "totalCurrentLiabilities": "2335700000",
            "currentDebt": "57300000",
            "netIncome": "-74800000",
            "capitalExpenditures": "86300000",
            "operatingCashflow": "169900000",
            "grossProfit": "611100000",
            "totalRevenue": "850200000",
            "sentiment": 0,
            "surprise": "0.08",
            "closePrice": "76.5"
        },
        {
            "fiscalDateEnding": "2020-01-31",
            "totalCurrentAssets": "3978200000",
            "cashAndShortTermInvestments": "3133900000",
            "totalCurrentLiabilities": "2239500000",
            "currentDebt": "None",
            "netIncome": "-73700000",
            "capitalExpenditures": "49100000",
            "operatingCashflow": "306900000",
            "grossProfit": "583600000",
            "totalRevenue": "795300000",
            "sentiment": 0,
            "surprise": "0.03",
            "closePrice": "79.11"
        },
        {
            "fiscalDateEnding": "2019-10-31",
            "totalCurrentAssets": "3649800000",
            "cashAndShortTermInvestments": "2861200000",
            "totalCurrentLiabilities": "2051600000",
            "currentDebt": "None",
            "netIncome": "-59600000",
            "capitalExpenditures": "47200000",
            "operatingCashflow": "225200000",
            "grossProfit": "554200000",
            "totalRevenue": "753400000",
            "sentiment": 0,
            "surprise": "0.01",
            "closePrice": "83.4266666666667"
        },
        {
            "fiscalDateEnding": "2019-07-31",
            "totalCurrentAssets": "3664800000",
            "cashAndShortTermInvestments": "2803100000",
            "totalCurrentLiabilities": "2053300000",
            "currentDebt": "None",
            "netIncome": "-20800000",
            "capitalExpenditures": "53100000",
            "operatingCashflow": "231500000",
            "grossProfit": "588400000",
            "totalRevenue": "785800000",
            "sentiment": 0,
            "surprise": "0.02",
            "closePrice": "66.83"
        },
        {
            "fiscalDateEnding": "2019-04-30",
            "totalCurrentAssets": "3717500000",
            "cashAndShortTermInvestments": "3048100000",
            "totalCurrentLiabilities": "1998800000",
            "currentDebt": "None",
            "netIncome": "-20200000",
            "capitalExpenditures": "20300000",
            "operatingCashflow": "296400000",
            "grossProfit": "521700000",
            "totalRevenue": "705900000",
            "sentiment": 0,
            "surprise": "0.02",
            "closePrice": "71.7733333333333"
        },
        {
            "fiscalDateEnding": "2019-01-31",
            "totalCurrentAssets": "3487500000",
            "cashAndShortTermInvestments": "2830000000",
            "totalCurrentLiabilities": "1868200000",
            "currentDebt": "None",
            "netIncome": "-2600000",
            "capitalExpenditures": "23500000",
            "operatingCashflow": "275400000",
            "grossProfit": "508600000",
            "totalRevenue": "689400000",
            "sentiment": 0,
            "surprise": "0.09",
            "closePrice": "78.5166666666667"
        },
        {
            "fiscalDateEnding": "2018-10-31",
            "totalCurrentAssets": "3815200000",
            "cashAndShortTermInvestments": "3203800000",
            "totalCurrentLiabilities": "1815700000",
            "currentDebt": "None",
            "netIncome": "-38300000",
            "capitalExpenditures": "34300000",
            "operatingCashflow": "252300000",
            "grossProfit": "472500000",
            "totalRevenue": "631100000",
            "sentiment": 0,
            "surprise": "0.04",
            "closePrice": "58.6833333333333"
        },
        {
            "fiscalDateEnding": "2018-07-31",
            "totalCurrentAssets": "4138500000",
            "cashAndShortTermInvestments": "3403400000",
            "totalCurrentLiabilities": "2101700000",
            "currentDebt": "None",
            "netIncome": "7000000",
            "capitalExpenditures": "25400000",
            "operatingCashflow": "277600000",
            "grossProfit": "474000000",
            "totalRevenue": "677300000",
            "sentiment": 0,
            "surprise": "0.04",
            "closePrice": "73.4566666666667"
        },
        {
            "fiscalDateEnding": "2018-04-30",
            "totalCurrentAssets": "2205500000",
            "cashAndShortTermInvestments": "1621200000",
            "totalCurrentLiabilities": "1943100000",
            "currentDebt": "None",
            "netIncome": "-40400000",
            "capitalExpenditures": "28800000",
            "operatingCashflow": "241900000",
            "grossProfit": "407800000",
            "totalRevenue": "560600000",
            "sentiment": 0,
            "surprise": "0.01",
            "closePrice": "69.3633333333333"
        },
        {
            "fiscalDateEnding": "2018-01-31",
            "totalCurrentAssets": "2210200000",
            "cashAndShortTermInvestments": "1635700000",
            "totalCurrentLiabilities": "1856400000",
            "currentDebt": "None",
            "netIncome": "-25600000",
            "capitalExpenditures": "25600000",
            "operatingCashflow": "244600000",
            "grossProfit": "386200000",
            "totalRevenue": "536000000",
            "sentiment": 0,
            "surprise": "0.03",
            "closePrice": "56.44"
        },
        {
            "fiscalDateEnding": "2017-10-31",
            "totalCurrentAssets": "2039500000",
            "cashAndShortTermInvestments": "1503200000",
            "totalCurrentLiabilities": "1743000000",
            "currentDebt": "None",
            "netIncome": "-63200000",
            "capitalExpenditures": "32200000",
            "operatingCashflow": "274000000",
            "grossProfit": "360500000",
            "totalRevenue": "499200000",
            "sentiment": 0,
            "surprise": "0.02",
            "closePrice": "47.51"
        },
        {
            "fiscalDateEnding": "2017-07-31",
            "totalCurrentAssets": "1976300000",
            "cashAndShortTermInvestments": "1375000000",
            "totalCurrentLiabilities": "1201300000",
            "currentDebt": "None",
            "netIncome": "-38200000",
            "capitalExpenditures": "49200000",
            "operatingCashflow": "239800000",
            "grossProfit": "370600000",
            "totalRevenue": "527400000",
            "sentiment": 0,
            "surprise": "0.05",
            "closePrice": "44.23"
        },
        {
            "fiscalDateEnding": "2017-04-30",
            "totalCurrentAssets": "1895200000",
            "cashAndShortTermInvestments": "1372000000",
            "totalCurrentLiabilities": "1054700000",
            "currentDebt": "None",
            "netIncome": "-60900000",
            "capitalExpenditures": "48600000",
            "operatingCashflow": "211200000",
            "grossProfit": "308100000",
            "totalRevenue": "425600000",
            "sentiment": 0,
            "surprise": "0.02",
            "closePrice": "39.53"
        },
        {
            "fiscalDateEnding": "2017-01-31",
            "totalCurrentAssets": "1880400000",
            "cashAndShortTermInvestments": "1354400000",
            "totalCurrentLiabilities": "993600000",
            "currentDebt": "None",
            "netIncome": "-60600000",
            "capitalExpenditures": "44700000",
            "operatingCashflow": "214300000",
            "grossProfit": "309400000",
            "totalRevenue": "416500000",
            "sentiment": 0,
            "surprise": "0",
            "closePrice": "50.6333333333333"
        },
        {
            "fiscalDateEnding": "2016-10-31",
            "totalCurrentAssets": "1865900000",
            "cashAndShortTermInvestments": "1390000000",
            "totalCurrentLiabilities": "1400900000",
            "currentDebt": "None",
            "netIncome": "-56900000",
            "capitalExpenditures": "20900000",
            "operatingCashflow": "203500000",
            "grossProfit": "296900000",
            "totalRevenue": "392100000",
            "sentiment": 0,
            "surprise": "0.01",
            "closePrice": "53.6866666666667"
        },
        {
            "fiscalDateEnding": "2016-07-31",
            "totalCurrentAssets": "1774000000",
            "cashAndShortTermInvestments": "1285600000",
            "totalCurrentLiabilities": "846800000",
            "currentDebt": "None",
            "netIncome": "-31400000",
            "capitalExpenditures": "16300000",
            "operatingCashflow": "187300000",
            "grossProfit": "299100000",
            "totalRevenue": "418200000",
            "sentiment": 0,
            "surprise": "0",
            "closePrice": "47.8166666666667"
        },
        {
            "fiscalDateEnding": "2016-04-30",
            "totalCurrentAssets": "1446200000",
            "cashAndShortTermInvestments": "1087500000",
            "totalCurrentLiabilities": "1239000000",
            "currentDebt": "None",
            "netIncome": "-64100000",
            "capitalExpenditures": "19300000",
            "operatingCashflow": "170300000",
            "grossProfit": "250900000",
            "totalRevenue": "340000000",
            "sentiment": 0,
            "surprise": "0",
            "closePrice": "49.3933333333333"
        },
        {
            "fiscalDateEnding": "2016-01-31",
            "totalCurrentAssets": "1307100000",
            "cashAndShortTermInvestments": "964600000",
            "totalCurrentLiabilities": "1186400000",
            "currentDebt": "None",
            "netIncome": "-57300000",
            "capitalExpenditures": "17400000",
            "operatingCashflow": "154300000",
            "grossProfit": "240500000",
            "totalRevenue": "328900000",
            "sentiment": 0,
            "surprise": "0",
            "closePrice": "46.7633333333333"
        },
        {
            "fiscalDateEnding": "2015-10-31",
            "totalCurrentAssets": "1039900000",
            "cashAndShortTermInvestments": "761300000",
            "totalCurrentLiabilities": "1078200000",
            "currentDebt": "None",
            "netIncome": "-39900000",
            "capitalExpenditures": "19500000",
            "operatingCashflow": "146700000",
            "grossProfit": "218000000",
            "totalRevenue": "291400000",
            "sentiment": 0,
            "surprise": "0.01",
            "closePrice": "57.34"
        },
        {
            "fiscalDateEnding": "2015-07-31",
            "totalCurrentAssets": "1074000000",
            "cashAndShortTermInvestments": "788979000",
            "totalCurrentLiabilities": "1032200000",
            "currentDebt": "None",
            "netIncome": "-46000000",
            "capitalExpenditures": "11900000",
            "operatingCashflow": "113800000",
            "grossProfit": "209600000",
            "totalRevenue": "300586000",
            "sentiment": 0,
            "surprise": "0.01",
            "closePrice": "55.0566666666667"
        },
        {
            "fiscalDateEnding": "2015-04-30",
            "totalCurrentAssets": "1040509000",
            "cashAndShortTermInvestments": "822973000",
            "totalCurrentLiabilities": "944007000",
            "currentDebt": "None",
            "netIncome": "-45900000",
            "capitalExpenditures": "9800000",
            "operatingCashflow": "87200000",
            "grossProfit": "169800000",
            "totalRevenue": "228541000",
            "sentiment": 0,
            "surprise": "0.01",
            "closePrice": "53.55"
        },
        {
            "fiscalDateEnding": "2015-01-31",
            "totalCurrentAssets": "861504000",
            "cashAndShortTermInvestments": "675057000",
            "totalCurrentLiabilities": "415074000",
            "currentDebt": "None",
            "netIncome": "-43000000",
            "capitalExpenditures": "6200000",
            "operatingCashflow": "76900000",
            "grossProfit": "158300000",
            "totalRevenue": "212116000",
            "sentiment": 0,
            "surprise": "0",
            "closePrice": "48.66"
        },
        {
            "fiscalDateEnding": "2014-10-31",
            "totalCurrentAssets": "933567000",
            "cashAndShortTermInvestments": "771499000",
            "totalCurrentLiabilities": "360966000",
            "currentDebt": "None",
            "netIncome": "-30100000",
            "capitalExpenditures": "5900000",
            "operatingCashflow": "74900000",
            "grossProfit": "138900000",
            "totalRevenue": "186857000",
            "sentiment": 0,
            "surprise": "0.01",
            "closePrice": "37.7533333333333"
        },
        {
            "fiscalDateEnding": "2014-07-31",
            "totalCurrentAssets": "958326000",
            "cashAndShortTermInvestments": "772502000",
            "totalCurrentLiabilities": "348171000",
            "currentDebt": "None",
            "netIncome": "-32058000",
            "capitalExpenditures": "4721000",
            "operatingCashflow": "-26156000",
            "grossProfit": "129624000",
            "totalRevenue": "178252000",
            "sentiment": 0,
            "surprise": "0",
            "closePrice": "29.76"
        },
        {
            "fiscalDateEnding": "2014-04-30",
            "totalCurrentAssets": "516445000",
            "cashAndShortTermInvestments": "367970000",
            "totalCurrentLiabilities": "435351000",
            "currentDebt": "None",
            "netIncome": "-146587000",
            "capitalExpenditures": "5896000",
            "operatingCashflow": "34279000",
            "grossProfit": "110990000",
            "totalRevenue": "150700000",
            "sentiment": 0,
            "surprise": "0.01",
            "closePrice": "23.17"
        },
        {
            "fiscalDateEnding": "2014-01-31",
            "totalCurrentAssets": "555287000",
            "cashAndShortTermInvestments": "438212000",
            "totalCurrentLiabilities": "262809000",
            "currentDebt": "None",
            "netIncome": "-39946000",
            "capitalExpenditures": "9803000",
            "operatingCashflow": "41396000",
            "grossProfit": "103564000",
            "totalRevenue": "141068000",
            "sentiment": 0,
            "surprise": "0",
            "closePrice": "25.5933333333333"
        },
        {
            "fiscalDateEnding": "2013-10-31",
            "totalCurrentAssets": "552332000",
            "cashAndShortTermInvestments": "436733000",
            "totalCurrentLiabilities": "228329000",
            "currentDebt": "None",
            "netIncome": "-7861000",
            "capitalExpenditures": "15680000",
            "operatingCashflow": "38881000",
            "grossProfit": "94373000",
            "totalRevenue": "128180000",
            "sentiment": 0,
            "surprise": "0.01",
            "closePrice": "15.3666666666667"
        },
        {
            "fiscalDateEnding": "2013-07-31",
            "totalCurrentAssets": "529699000",
            "cashAndShortTermInvestments": "419621000",
            "totalCurrentLiabilities": "206102000",
            "currentDebt": "None",
            "netIncome": "-15836000",
            "capitalExpenditures": "5847000",
            "operatingCashflow": "41730000",
            "grossProfit": "82127000",
            "totalRevenue": "112385000",
            "sentiment": 0,
            "surprise": "0",
            "closePrice": "15.6133333333333"
        },
        {
            "fiscalDateEnding": "2013-04-30",
            "totalCurrentAssets": "472724000",
            "cashAndShortTermInvestments": "361697000",
            "totalCurrentLiabilities": "182018000",
            "currentDebt": "None",
            "netIncome": "-7282000",
            "capitalExpenditures": "6359000",
            "operatingCashflow": "15206000",
            "grossProfit": "73599000",
            "totalRevenue": "101289000",
            "sentiment": 0,
            "surprise": "0",
            "closePrice": "18.13"
        },
        {
            "fiscalDateEnding": "2013-01-31",
            "totalCurrentAssets": "426674000",
            "cashAndShortTermInvestments": "337444000",
            "totalCurrentLiabilities": "168996000",
            "currentDebt": "None",
            "netIncome": "-2613000",
            "capitalExpenditures": "6221000",
            "operatingCashflow": "34507000",
            "grossProfit": "68881000",
            "totalRevenue": "96499000",
            "sentiment": 0,
            "surprise": "0.01",
            "closePrice": "20.3766666666667"
        },
        {
            "fiscalDateEnding": "2012-10-31",
            "totalCurrentAssets": "394739000",
            "cashAndShortTermInvestments": "321557000",
            "totalCurrentLiabilities": "142616000",
            "currentDebt": "None",
            "netIncome": "-3515000",
            "capitalExpenditures": "4015000",
            "operatingCashflow": "23076000",
            "grossProfit": "61744000",
            "totalRevenue": "85934000",
            "sentiment": 0,
            "surprise": "0",
            "closePrice": "17.1"
        }
    ]
}