{
    "PAR": [
        {
            "fiscalDateEnding": "2023-12-31",
            "totalCurrentAssets": "180599000",
            "cashAndShortTermInvestments": "74563000",
            "totalCurrentLiabilities": "80232000",
            "currentDebt": "None",
            "netIncome": "-18629000",
            "capitalExpenditures": "2089000",
            "operatingCashflow": "1413000",
            "grossProfit": "26401000",
            "totalRevenue": "105294000",
            "sentiment": 0.33364205873826513,
            "surprise": "-0.07",
            "closePrice": "42.06"
        },
        {
            "fiscalDateEnding": "2023-09-30",
            "totalCurrentAssets": "188761000",
            "cashAndShortTermInvestments": "79853000",
            "totalCurrentLiabilities": "87248000",
            "currentDebt": "13638000",
            "netIncome": "-15516000",
            "capitalExpenditures": "2943000",
            "operatingCashflow": "-5693000",
            "grossProfit": "28186000",
            "totalRevenue": "105384000",
            "sentiment": 0.3032125888280631,
            "surprise": "0.14",
            "closePrice": "31.6"
        },
        {
            "fiscalDateEnding": "2023-06-30",
            "totalCurrentAssets": "192780000",
            "cashAndShortTermInvestments": "85387000",
            "totalCurrentLiabilities": "83501000",
            "currentDebt": "13589000",
            "netIncome": "-19702000",
            "capitalExpenditures": "3836000",
            "operatingCashflow": "3953000",
            "grossProfit": "20530000",
            "totalRevenue": "98809000",
            "sentiment": 0.18031863387916006,
            "surprise": "-0.18",
            "closePrice": "35.98"
        },
        {
            "fiscalDateEnding": "2023-03-31",
            "totalCurrentAssets": "206871000",
            "cashAndShortTermInvestments": "89412000",
            "totalCurrentLiabilities": "64802000",
            "currentDebt": "None",
            "netIncome": "-15905000",
            "capitalExpenditures": "2167000",
            "operatingCashflow": "-16748000",
            "grossProfit": "23193000",
            "totalRevenue": "98770000",
            "sentiment": 0.3317775308052733,
            "surprise": "-0.12",
            "closePrice": "30.42"
        },
        {
            "fiscalDateEnding": "2022-12-31",
            "totalCurrentAssets": "223949000",
            "cashAndShortTermInvestments": "110618000",
            "totalCurrentLiabilities": "67824000",
            "currentDebt": "None",
            "netIncome": "-13481000",
            "capitalExpenditures": "2194000",
            "operatingCashflow": "-9491000",
            "grossProfit": "26151000",
            "totalRevenue": "96093000",
            "sentiment": 0.0496055949545447,
            "surprise": "0.19",
            "closePrice": "34.59"
        },
        {
            "fiscalDateEnding": "2022-09-30",
            "totalCurrentAssets": "233256000",
            "cashAndShortTermInvestments": "125534000",
            "totalCurrentLiabilities": "65759000",
            "currentDebt": "180000",
            "netIncome": "-21340000",
            "capitalExpenditures": "1633000",
            "operatingCashflow": "-1990000",
            "grossProfit": "21408000",
            "totalRevenue": "90627000",
            "sentiment": 0.35252892749702464,
            "surprise": "-0.03",
            "closePrice": "20.38"
        },
        {
            "fiscalDateEnding": "2022-06-30",
            "totalCurrentAssets": "261229000",
            "cashAndShortTermInvestments": "150600000",
            "totalCurrentLiabilities": "61555000",
            "currentDebt": "358000",
            "netIncome": "-18848000",
            "capitalExpenditures": "2002000",
            "operatingCashflow": "-10391000",
            "grossProfit": "21121000",
            "totalRevenue": "82642000",
            "sentiment": -0.07492328805964503,
            "surprise": "-0.01",
            "closePrice": "40.19"
        },
        {
            "fiscalDateEnding": "2022-03-31",
            "totalCurrentAssets": "270087000",
            "cashAndShortTermInvestments": "163207000",
            "totalCurrentLiabilities": "58337000",
            "currentDebt": "533000",
            "netIncome": "-15650000",
            "capitalExpenditures": "1848000",
            "operatingCashflow": "-21198000",
            "grossProfit": "20613000",
            "totalRevenue": "77822000",
            "sentiment": 0,
            "surprise": "0.16",
            "closePrice": "29.43"
        },
        {
            "fiscalDateEnding": "2021-12-31",
            "totalCurrentAssets": "283007000",
            "cashAndShortTermInvestments": "188419000",
            "totalCurrentLiabilities": "60517000",
            "currentDebt": "705000",
            "netIncome": "-25639000",
            "capitalExpenditures": "1888000",
            "operatingCashflow": "-9537000",
            "grossProfit": "18604000",
            "totalRevenue": "76155000",
            "sentiment": 0,
            "surprise": "0.02",
            "closePrice": "41.39"
        },
        {
            "fiscalDateEnding": "2021-09-30",
            "totalCurrentAssets": "296294000",
            "cashAndShortTermInvestments": "200293000",
            "totalCurrentLiabilities": "60465000",
            "currentDebt": "695000",
            "netIncome": "-31933000",
            "capitalExpenditures": "1961000",
            "operatingCashflow": "-10561000",
            "grossProfit": "18214000",
            "totalRevenue": "60538000",
            "sentiment": 0,
            "surprise": "0.19",
            "closePrice": "65.24"
        },
        {
            "fiscalDateEnding": "2021-06-30",
            "totalCurrentAssets": "177005000",
            "cashAndShortTermInvestments": "85218000",
            "totalCurrentLiabilities": "60353000",
            "currentDebt": "685000",
            "netIncome": "-9956000",
            "capitalExpenditures": "3498000",
            "operatingCashflow": "-29624000",
            "grossProfit": "15103000",
            "totalRevenue": "64013000",
            "sentiment": 0,
            "surprise": "-0.03",
            "closePrice": "61.85"
        },
        {
            "fiscalDateEnding": "2021-03-31",
            "totalCurrentAssets": "245094000",
            "cashAndShortTermInvestments": "173122000",
            "totalCurrentLiabilities": "45140000",
            "currentDebt": "676000",
            "netIncome": "-8271000",
            "capitalExpenditures": "1669000",
            "operatingCashflow": "-3434000",
            "grossProfit": "10200000",
            "totalRevenue": "52307000",
            "sentiment": 0,
            "surprise": "-0.18",
            "closePrice": "73.39"
        },
        {
            "fiscalDateEnding": "2020-12-31",
            "totalCurrentAssets": "248929000",
            "cashAndShortTermInvestments": "180686000",
            "totalCurrentLiabilities": "39959000",
            "currentDebt": "666000",
            "netIncome": "-12965000",
            "capitalExpenditures": "2170000",
            "operatingCashflow": "-5854000",
            "grossProfit": "7528000",
            "totalRevenue": "56747000",
            "sentiment": 0,
            "surprise": "-0.37",
            "closePrice": "74.57"
        },
        {
            "fiscalDateEnding": "2020-09-30",
            "totalCurrentAssets": "126412000",
            "cashAndShortTermInvestments": "55755000",
            "totalCurrentLiabilities": "41507000",
            "currentDebt": "657000",
            "netIncome": "-3711000",
            "capitalExpenditures": "2015000",
            "operatingCashflow": "-747000",
            "grossProfit": "11671000",
            "totalRevenue": "52612000",
            "sentiment": 0,
            "surprise": "0",
            "closePrice": "43.27"
        },
        {
            "fiscalDateEnding": "2020-06-30",
            "totalCurrentAssets": "127170000",
            "cashAndShortTermInvestments": "58775000",
            "totalCurrentLiabilities": "37327000",
            "currentDebt": "647000",
            "netIncome": "-8976000",
            "capitalExpenditures": "3006000",
            "operatingCashflow": "1481000",
            "grossProfit": "9079000",
            "totalRevenue": "43580000",
            "sentiment": 0,
            "surprise": "-0.1",
            "closePrice": "34.59"
        },
        {
            "fiscalDateEnding": "2020-03-31",
            "totalCurrentAssets": "133438000",
            "cashAndShortTermInvestments": "60089000",
            "totalCurrentLiabilities": "38362000",
            "currentDebt": "639000",
            "netIncome": "-10910000",
            "capitalExpenditures": "2040000",
            "operatingCashflow": "-15123000",
            "grossProfit": "11047000",
            "totalRevenue": "44637000",
            "sentiment": 0,
            "surprise": "-0.33",
            "closePrice": "19.77"
        },
        {
            "fiscalDateEnding": "2019-12-31",
            "totalCurrentAssets": "93563000",
            "cashAndShortTermInvestments": "28036000",
            "totalCurrentLiabilities": "42104000",
            "currentDebt": "630000",
            "netIncome": "-5831000",
            "capitalExpenditures": "1895000",
            "operatingCashflow": "-6509000",
            "grossProfit": "10561000",
            "totalRevenue": "51547000",
            "sentiment": 0,
            "surprise": "-0.21",
            "closePrice": "15.38"
        },
        {
            "fiscalDateEnding": "2019-09-30",
            "totalCurrentAssets": "103126000",
            "cashAndShortTermInvestments": "46947000",
            "totalCurrentLiabilities": "31959000",
            "currentDebt": "None",
            "netIncome": "-5902000",
            "capitalExpenditures": "1318000",
            "operatingCashflow": "-3079000",
            "grossProfit": "8996000",
            "totalRevenue": "43792000",
            "sentiment": 0,
            "surprise": "-0.15",
            "closePrice": "25.38"
        },
        {
            "fiscalDateEnding": "2019-06-30",
            "totalCurrentAssets": "114114000",
            "cashAndShortTermInvestments": "58661000",
            "totalCurrentLiabilities": "30333000",
            "currentDebt": "None",
            "netIncome": "-1109000",
            "capitalExpenditures": "1394000",
            "operatingCashflow": "-3331000",
            "grossProfit": "8331000",
            "totalRevenue": "43003000",
            "sentiment": 0,
            "surprise": "-0.06",
            "closePrice": "24.685466722478"
        },
        {
            "fiscalDateEnding": "2019-03-31",
            "totalCurrentAssets": "61191000",
            "cashAndShortTermInvestments": "4142000",
            "totalCurrentLiabilities": "51381000",
            "currentDebt": "16139000",
            "netIncome": "-2729000",
            "capitalExpenditures": "1923000",
            "operatingCashflow": "-3210000",
            "grossProfit": "9523000",
            "totalRevenue": "44536000",
            "sentiment": 0,
            "surprise": "0.02",
            "closePrice": "25.4553453327752"
        },
        {
            "fiscalDateEnding": "2018-12-31",
            "totalCurrentAssets": "55692000",
            "cashAndShortTermInvestments": "3485000",
            "totalCurrentLiabilities": "40917000",
            "currentDebt": "7819000",
            "netIncome": "-6163000",
            "capitalExpenditures": "1773000",
            "operatingCashflow": "-1873000",
            "grossProfit": "5774000",
            "totalRevenue": "47317000",
            "sentiment": 0,
            "surprise": "-0.07",
            "closePrice": "24.7446881540393"
        },
        {
            "fiscalDateEnding": "2018-09-30",
            "totalCurrentAssets": "62699000",
            "cashAndShortTermInvestments": "5817000",
            "totalCurrentLiabilities": "42687000",
            "currentDebt": "204000",
            "netIncome": "-16704000",
            "capitalExpenditures": "2232000",
            "operatingCashflow": "-2565000",
            "grossProfit": "8538000",
            "totalRevenue": "46220000",
            "sentiment": 0,
            "surprise": "None",
            "closePrice": "19.1087819171201"
        },
        {
            "fiscalDateEnding": "2018-06-30",
            "totalCurrentAssets": "73023000",
            "cashAndShortTermInvestments": "8678000",
            "totalCurrentLiabilities": "50260000",
            "currentDebt": "183000",
            "netIncome": "-1323000",
            "capitalExpenditures": "2165000",
            "operatingCashflow": "3132000",
            "grossProfit": "11360000",
            "totalRevenue": "52493000",
            "sentiment": 0,
            "surprise": "None",
            "closePrice": "18.0329259104228"
        },
        {
            "fiscalDateEnding": "2018-03-31",
            "totalCurrentAssets": "69378000",
            "cashAndShortTermInvestments": "5762000",
            "totalCurrentLiabilities": "42141000",
            "currentDebt": "199000",
            "netIncome": "68000",
            "capitalExpenditures": "1670000",
            "operatingCashflow": "-2543000",
            "grossProfit": "11847000",
            "totalRevenue": "55620000",
            "sentiment": 0,
            "surprise": "None",
            "closePrice": "14.2526245290917"
        },
        {
            "fiscalDateEnding": "2017-12-31",
            "totalCurrentAssets": "62632000",
            "cashAndShortTermInvestments": "6600000",
            "totalCurrentLiabilities": "35919000",
            "currentDebt": "195000",
            "netIncome": "-5293000",
            "capitalExpenditures": "1634000",
            "operatingCashflow": "7627000",
            "grossProfit": "12146000",
            "totalRevenue": "55843000",
            "sentiment": 0,
            "surprise": "None",
            "closePrice": "10.6302469652574"
        },
        {
            "fiscalDateEnding": "2017-09-30",
            "totalCurrentAssets": "60473000",
            "cashAndShortTermInvestments": "1173000",
            "totalCurrentLiabilities": "33320000",
            "currentDebt": "195000",
            "netIncome": "-1517000",
            "capitalExpenditures": "1578000",
            "operatingCashflow": "-1642000",
            "grossProfit": "9228000",
            "totalRevenue": "48899000",
            "sentiment": 0,
            "surprise": "None",
            "closePrice": "8.87334449560486"
        },
        {
            "fiscalDateEnding": "2017-06-30",
            "totalCurrentAssets": "70180000",
            "cashAndShortTermInvestments": "3282000",
            "totalCurrentLiabilities": "41030000",
            "currentDebt": "191000",
            "netIncome": "1977000",
            "capitalExpenditures": "2296000",
            "operatingCashflow": "-4441000",
            "grossProfit": "14566000",
            "totalRevenue": "62248000",
            "sentiment": 0,
            "surprise": "None",
            "closePrice": "9.49516952699874"
        },
        {
            "fiscalDateEnding": "2017-03-31",
            "totalCurrentAssets": "73117000",
            "cashAndShortTermInvestments": "5470000",
            "totalCurrentLiabilities": "46245000",
            "currentDebt": "189000",
            "netIncome": "1447000",
            "capitalExpenditures": "3350000",
            "operatingCashflow": "-1230000",
            "grossProfit": "15072000",
            "totalRevenue": "65833000",
            "sentiment": 0,
            "surprise": "None",
            "closePrice": "8.28113017999163"
        },
        {
            "fiscalDateEnding": "2016-12-31",
            "totalCurrentAssets": "82024000",
            "cashAndShortTermInvestments": "9055000",
            "totalCurrentLiabilities": "46840000",
            "currentDebt": "187000",
            "netIncome": "1175000",
            "capitalExpenditures": "2399000",
            "operatingCashflow": "13813000",
            "grossProfit": "12546000",
            "totalRevenue": "60575000",
            "sentiment": 0,
            "surprise": "None",
            "closePrice": "6.59825449979071"
        },
        {
            "fiscalDateEnding": "2016-09-30",
            "totalCurrentAssets": "82016000",
            "cashAndShortTermInvestments": "2883000",
            "totalCurrentLiabilities": "46951000",
            "currentDebt": "170000",
            "netIncome": "518000",
            "capitalExpenditures": "1515000",
            "operatingCashflow": "-3558000",
            "grossProfit": "12600000",
            "totalRevenue": "61480000",
            "sentiment": 0,
            "surprise": "None",
            "closePrice": "4.93511929677689"
        },
        {
            "fiscalDateEnding": "2016-06-30",
            "totalCurrentAssets": "76065000",
            "cashAndShortTermInvestments": "5374000",
            "totalCurrentLiabilities": "41642000",
            "currentDebt": "2156000",
            "netIncome": "74000",
            "capitalExpenditures": "1223000",
            "operatingCashflow": "1847000",
            "grossProfit": "10445000",
            "totalRevenue": "52661000",
            "sentiment": 0,
            "surprise": "None",
            "closePrice": "5.05356215989954"
        },
        {
            "fiscalDateEnding": "2016-03-31",
            "totalCurrentAssets": "72583000",
            "cashAndShortTermInvestments": "5770000",
            "totalCurrentLiabilities": "41339000",
            "currentDebt": "2130000",
            "netIncome": "15000",
            "capitalExpenditures": "981000",
            "operatingCashflow": "-1106000",
            "grossProfit": "10609000",
            "totalRevenue": "55334000",
            "sentiment": 0,
            "surprise": "None",
            "closePrice": "6.08993721222269"
        },
        {
            "fiscalDateEnding": "2015-12-31",
            "totalCurrentAssets": "69602000",
            "cashAndShortTermInvestments": "8024000",
            "totalCurrentLiabilities": "38742000",
            "currentDebt": "2103000",
            "netIncome": "882000",
            "capitalExpenditures": "869000",
            "operatingCashflow": "-1111000",
            "grossProfit": "11646000",
            "totalRevenue": "56812000",
            "sentiment": 0,
            "surprise": "0",
            "closePrice": "5.3397990791126"
        },
        {
            "fiscalDateEnding": "2015-09-30",
            "totalCurrentAssets": "84862000",
            "cashAndShortTermInvestments": "2057000",
            "totalCurrentLiabilities": "51582000",
            "currentDebt": "2075000",
            "netIncome": "-1489000",
            "capitalExpenditures": "1152000",
            "operatingCashflow": "2259000",
            "grossProfit": "11720000",
            "totalRevenue": "57979000",
            "sentiment": 0,
            "surprise": "None",
            "closePrice": "6.11954792800335"
        },
        {
            "fiscalDateEnding": "2015-06-30",
            "totalCurrentAssets": "74474000",
            "cashAndShortTermInvestments": "5136000",
            "totalCurrentLiabilities": "55026000",
            "currentDebt": "3176000",
            "netIncome": "101000",
            "capitalExpenditures": "1144000",
            "operatingCashflow": "-1352000",
            "grossProfit": "11693000",
            "totalRevenue": "63207000",
            "sentiment": 0,
            "surprise": "None",
            "closePrice": "4.20472164085391"
        },
        {
            "fiscalDateEnding": "2015-03-31",
            "totalCurrentAssets": "76492000",
            "cashAndShortTermInvestments": "5968000",
            "totalCurrentLiabilities": "56648000",
            "currentDebt": "3174000",
            "netIncome": "-385000",
            "capitalExpenditures": "688000",
            "operatingCashflow": "798000",
            "grossProfit": "9998000",
            "totalRevenue": "59538000",
            "sentiment": 0,
            "surprise": "None",
            "closePrice": "4.06653830054416"
        },
        {
            "fiscalDateEnding": "2014-12-31",
            "totalCurrentAssets": "96118000",
            "cashAndShortTermInvestments": "10167000",
            "totalCurrentLiabilities": "51754000",
            "currentDebt": "3173000",
            "netIncome": "-2034000",
            "capitalExpenditures": "823000",
            "operatingCashflow": "3245000",
            "grossProfit": "10816000",
            "totalRevenue": "63508000",
            "sentiment": 0,
            "surprise": "None",
            "closePrice": "4.59943248221013"
        },
        {
            "fiscalDateEnding": "2014-09-30",
            "totalCurrentAssets": "76766000",
            "cashAndShortTermInvestments": "10269000",
            "totalCurrentLiabilities": "53903000",
            "currentDebt": "3171000",
            "netIncome": "-109000",
            "capitalExpenditures": "773000",
            "operatingCashflow": "-2755000",
            "grossProfit": "11153000",
            "totalRevenue": "56270000",
            "sentiment": 0,
            "surprise": "None",
            "closePrice": "5.03382168271243"
        },
        {
            "fiscalDateEnding": "2014-06-30",
            "totalCurrentAssets": "74910000",
            "cashAndShortTermInvestments": "12953000",
            "totalCurrentLiabilities": "44249000",
            "currentDebt": "169000",
            "netIncome": "-519000",
            "capitalExpenditures": "1116000",
            "operatingCashflow": "3862000",
            "grossProfit": "12261000",
            "totalRevenue": "57377000",
            "sentiment": 0,
            "surprise": "None",
            "closePrice": "3.84939305148598"
        },
        {
            "fiscalDateEnding": "2014-03-31",
            "totalCurrentAssets": "75146000",
            "cashAndShortTermInvestments": "10296000",
            "totalCurrentLiabilities": "43891000",
            "currentDebt": "153000",
            "netIncome": "-989000",
            "capitalExpenditures": "1585000",
            "operatingCashflow": "1909000",
            "grossProfit": "12013000",
            "totalRevenue": "56524000",
            "sentiment": 0,
            "surprise": "-0.08",
            "closePrice": "4.88576810380913"
        },
        {
            "fiscalDateEnding": "2013-12-31",
            "totalCurrentAssets": "81994000",
            "cashAndShortTermInvestments": "10015000",
            "totalCurrentLiabilities": "40156000",
            "currentDebt": "166000",
            "netIncome": "245000",
            "capitalExpenditures": "1810000",
            "operatingCashflow": "1798000",
            "grossProfit": "13851000",
            "totalRevenue": "60748000",
            "sentiment": 0,
            "surprise": "-0.04",
            "closePrice": "5.05356215989954"
        },
        {
            "fiscalDateEnding": "2013-09-30",
            "totalCurrentAssets": "79977000",
            "cashAndShortTermInvestments": "10102000",
            "totalCurrentLiabilities": "35821000",
            "currentDebt": "164000",
            "netIncome": "440000",
            "capitalExpenditures": "1875000",
            "operatingCashflow": "2283000",
            "grossProfit": "12355000",
            "totalRevenue": "55522000",
            "sentiment": 0,
            "surprise": "-0.01",
            "closePrice": "5.37928003348681"
        },
        {
            "fiscalDateEnding": "2013-06-30",
            "totalCurrentAssets": "84272000",
            "cashAndShortTermInvestments": "9587000",
            "totalCurrentLiabilities": "40910000",
            "currentDebt": "161000",
            "netIncome": "57000",
            "capitalExpenditures": "1258000",
            "operatingCashflow": "-3159000",
            "grossProfit": "13459000",
            "totalRevenue": "59503000",
            "sentiment": 0,
            "surprise": "-0.05",
            "closePrice": "4.14550020929259"
        },
        {
            "fiscalDateEnding": "2013-03-31",
            "totalCurrentAssets": "84864000",
            "cashAndShortTermInvestments": "14121000",
            "totalCurrentLiabilities": "41602000",
            "currentDebt": "161000",
            "netIncome": "-384000",
            "capitalExpenditures": "845000",
            "operatingCashflow": "-4152000",
            "grossProfit": "13170000",
            "totalRevenue": "66661000",
            "sentiment": 0,
            "surprise": "-0.04",
            "closePrice": "4.14550020929259"
        },
        {
            "fiscalDateEnding": "2012-12-31",
            "totalCurrentAssets": "82432000",
            "cashAndShortTermInvestments": "19475000",
            "totalCurrentLiabilities": "46688000",
            "currentDebt": "159000",
            "netIncome": "-3613000",
            "capitalExpenditures": "1092000",
            "operatingCashflow": "2126000",
            "grossProfit": "9878000",
            "totalRevenue": "67965000",
            "sentiment": 0,
            "surprise": "0",
            "closePrice": "4.46134784428631"
        },
        {
            "fiscalDateEnding": "2012-09-30",
            "totalCurrentAssets": "84452000",
            "cashAndShortTermInvestments": "18206000",
            "totalCurrentLiabilities": "41384000",
            "currentDebt": "157000",
            "netIncome": "1354000",
            "capitalExpenditures": "1078000",
            "operatingCashflow": "3605000",
            "grossProfit": "14012000",
            "totalRevenue": "61030000",
            "sentiment": 0,
            "surprise": "0.01",
            "closePrice": "4.954859773964"
        },
        {
            "fiscalDateEnding": "2012-06-30",
            "totalCurrentAssets": "86142000",
            "cashAndShortTermInvestments": "17145000",
            "totalCurrentLiabilities": "43921000",
            "currentDebt": "599000",
            "netIncome": "-521000",
            "capitalExpenditures": "1988000",
            "operatingCashflow": "2421000",
            "grossProfit": "11987000",
            "totalRevenue": "62064000",
            "sentiment": 0,
            "surprise": "-0.05",
            "closePrice": "5.04369192130599"
        },
        {
            "fiscalDateEnding": "2012-03-31",
            "totalCurrentAssets": "82273000",
            "cashAndShortTermInvestments": "16452000",
            "totalCurrentLiabilities": "39520000",
            "currentDebt": "1045000",
            "netIncome": "2465000",
            "capitalExpenditures": "1173000",
            "operatingCashflow": "5206000",
            "grossProfit": "15068000",
            "totalRevenue": "55572000",
            "sentiment": 0,
            "surprise": "0.13",
            "closePrice": "4.98447048974466"
        },
        {
            "fiscalDateEnding": "2011-12-31",
            "totalCurrentAssets": "77010000",
            "cashAndShortTermInvestments": "7742000",
            "totalCurrentLiabilities": "38565000",
            "currentDebt": "1494000",
            "netIncome": "710000",
            "capitalExpenditures": "586000",
            "operatingCashflow": "7113000",
            "grossProfit": "14031000",
            "totalRevenue": "55479000",
            "sentiment": 0,
            "surprise": "-0.03",
            "closePrice": "4.87589786521557"
        },
        {
            "fiscalDateEnding": "2011-09-30",
            "totalCurrentAssets": "82958000",
            "cashAndShortTermInvestments": "3351000",
            "totalCurrentLiabilities": "43566000",
            "currentDebt": "1977000",
            "netIncome": "1202000",
            "capitalExpenditures": "2106000",
            "operatingCashflow": "3820000",
            "grossProfit": "15085000",
            "totalRevenue": "59716000",
            "sentiment": 0,
            "surprise": "0.01",
            "closePrice": "3.6519882796149"
        },
        {
            "fiscalDateEnding": "2011-06-30",
            "totalCurrentAssets": "90377000",
            "cashAndShortTermInvestments": "3688000",
            "totalCurrentLiabilities": "50603000",
            "currentDebt": "1865000",
            "netIncome": "-17848000",
            "capitalExpenditures": "2592000",
            "operatingCashflow": "4188000",
            "grossProfit": "6857000",
            "totalRevenue": "58218000",
            "sentiment": 0,
            "surprise": "0.06",
            "closePrice": "3.41510255336961"
        }
    ]
}