{
    "PATH": [
        {
            "fiscalDateEnding": "2024-01-31",
            "totalCurrentAssets": "2580412000",
            "cashAndShortTermInvestments": "1879823000",
            "totalCurrentLiabilities": "711691000",
            "currentDebt": "None",
            "netIncome": "33916000",
            "capitalExpenditures": "3784000",
            "operatingCashflow": "145602000",
            "grossProfit": "351903000",
            "totalRevenue": "405253000",
            "sentiment": 0.22580704107574967,
            "surprise": "0.06",
            "closePrice": "24.43"
        },
        {
            "fiscalDateEnding": "2023-10-31",
            "totalCurrentAssets": "2429653000",
            "cashAndShortTermInvestments": "1817177000",
            "totalCurrentLiabilities": "627685000",
            "currentDebt": "None",
            "netIncome": "-31537000",
            "capitalExpenditures": "682000",
            "operatingCashflow": "41854000",
            "grossProfit": "276001000",
            "totalRevenue": "325921000",
            "sentiment": 0.13750784608274963,
            "surprise": "0.05",
            "closePrice": "19.76"
        },
        {
            "fiscalDateEnding": "2023-07-31",
            "totalCurrentAssets": "2303596000",
            "cashAndShortTermInvestments": "1829568000",
            "totalCurrentLiabilities": "518142000",
            "currentDebt": "None",
            "netIncome": "-60361000",
            "capitalExpenditures": "1006000",
            "operatingCashflow": "44285000",
            "grossProfit": "238323000",
            "totalRevenue": "287310000",
            "sentiment": 0.26599896101448045,
            "surprise": "0.06",
            "closePrice": "16.22"
        },
        {
            "fiscalDateEnding": "2023-04-30",
            "totalCurrentAssets": "2257274000",
            "cashAndShortTermInvestments": "1780647000",
            "totalCurrentLiabilities": "503389000",
            "currentDebt": "None",
            "netIncome": "-31901000",
            "capitalExpenditures": "1870000",
            "operatingCashflow": "67341000",
            "grossProfit": "245921000",
            "totalRevenue": "289588000",
            "sentiment": 0.3435172313744444,
            "surprise": "0.09",
            "closePrice": "16.34"
        },
        {
            "fiscalDateEnding": "2023-01-31",
            "totalCurrentAssets": "2344407000",
            "cashAndShortTermInvestments": "1756893000",
            "totalCurrentLiabilities": "626452000",
            "currentDebt": "None",
            "netIncome": "-27689000",
            "capitalExpenditures": "2201000",
            "operatingCashflow": "93957000",
            "grossProfit": "260858000",
            "totalRevenue": "308549000",
            "sentiment": 0.25445277832421953,
            "surprise": "0.09",
            "closePrice": "14.64"
        },
        {
            "fiscalDateEnding": "2022-10-31",
            "totalCurrentAssets": "2159245000",
            "cashAndShortTermInvestments": "1676757000",
            "totalCurrentLiabilities": "476643000",
            "currentDebt": "None",
            "netIncome": "-57724000",
            "capitalExpenditures": "5316000",
            "operatingCashflow": "-27317000",
            "grossProfit": "219976000",
            "totalRevenue": "262744000",
            "sentiment": 0.12274237759572942,
            "surprise": "0.08",
            "closePrice": "12.92"
        },
        {
            "fiscalDateEnding": "2022-07-31",
            "totalCurrentAssets": "2108476000",
            "cashAndShortTermInvestments": "1721544000",
            "totalCurrentLiabilities": "460072000",
            "currentDebt": "None",
            "netIncome": "-120378000",
            "capitalExpenditures": "6606000",
            "operatingCashflow": "-23737000",
            "grossProfit": "197646000",
            "totalRevenue": "242222000",
            "sentiment": 0.006744790013987754,
            "surprise": "0.09",
            "closePrice": "15.59"
        },
        {
            "fiscalDateEnding": "2022-04-30",
            "totalCurrentAssets": "2145018000",
            "cashAndShortTermInvestments": "1793966000",
            "totalCurrentLiabilities": "438243000",
            "currentDebt": "None",
            "netIncome": "-122561000",
            "capitalExpenditures": "9692000",
            "operatingCashflow": "-52884000",
            "grossProfit": "200050000",
            "totalRevenue": "245066000",
            "sentiment": -0.08361912339857934,
            "surprise": "0.02",
            "closePrice": "16.83"
        },
        {
            "fiscalDateEnding": "2022-01-31",
            "totalCurrentAssets": "2277301000",
            "cashAndShortTermInvestments": "1865140000",
            "totalCurrentLiabilities": "527501000",
            "currentDebt": "None",
            "netIncome": "-63110000",
            "capitalExpenditures": "3160000",
            "operatingCashflow": "-6014000",
            "grossProfit": "248534000",
            "totalRevenue": "289698000",
            "sentiment": 0,
            "surprise": "0.02",
            "closePrice": "29.04"
        },
        {
            "fiscalDateEnding": "2021-10-31",
            "totalCurrentAssets": "2207219000",
            "cashAndShortTermInvestments": "1878426000",
            "totalCurrentLiabilities": "467289000",
            "currentDebt": "None",
            "netIncome": "-122787000",
            "capitalExpenditures": "5488000",
            "operatingCashflow": "-25426000",
            "grossProfit": "177716000",
            "totalRevenue": "220816000",
            "sentiment": 0,
            "surprise": "-0.194",
            "closePrice": "47.71"
        },
        {
            "fiscalDateEnding": "2021-07-31",
            "totalCurrentAssets": "2159092000",
            "cashAndShortTermInvestments": "1896564000",
            "totalCurrentLiabilities": "374544000",
            "currentDebt": "None",
            "netIncome": "-100026000",
            "capitalExpenditures": "1802000",
            "operatingCashflow": "-6001000",
            "grossProfit": "159927000",
            "totalRevenue": "195521000",
            "sentiment": 0,
            "surprise": "0.06",
            "closePrice": "62.46"
        },
        {
            "fiscalDateEnding": "2021-04-30",
            "totalCurrentAssets": "2119904000",
            "cashAndShortTermInvestments": "1879530000",
            "totalCurrentLiabilities": "328590000",
            "currentDebt": "None",
            "netIncome": "-239663000",
            "capitalExpenditures": "2610000",
            "operatingCashflow": "-17522000",
            "grossProfit": "137207000",
            "totalRevenue": "186217000",
            "sentiment": 0,
            "surprise": "0.07",
            "closePrice": "76.0"
        }
    ]
}