{
    "PAY": [
        {
            "fiscalDateEnding": "2023-12-31",
            "totalCurrentAssets": "270348000",
            "cashAndShortTermInvestments": "179361000",
            "totalCurrentLiabilities": "62788000",
            "currentDebt": "None",
            "netIncome": "9402000",
            "capitalExpenditures": "8449000",
            "operatingCashflow": "24441000",
            "grossProfit": "49492000",
            "totalRevenue": "164800000",
            "sentiment": 0.12968280944751917,
            "surprise": "0.04",
            "closePrice": "16.35"
        },
        {
            "fiscalDateEnding": "2023-09-30",
            "totalCurrentAssets": "255068000",
            "cashAndShortTermInvestments": "162062000",
            "totalCurrentLiabilities": "59534000",
            "currentDebt": "None",
            "netIncome": "6377000",
            "capitalExpenditures": "8886000",
            "operatingCashflow": "13143000",
            "grossProfit": "46910000",
            "totalRevenue": "152423000",
            "sentiment": 0.29477256540449,
            "surprise": "0.05",
            "closePrice": "15.09"
        },
        {
            "fiscalDateEnding": "2023-06-30",
            "totalCurrentAssets": "241021000",
            "cashAndShortTermInvestments": "159068000",
            "totalCurrentLiabilities": "51261000",
            "currentDebt": "None",
            "netIncome": "5839000",
            "capitalExpenditures": "8678000",
            "operatingCashflow": "26481000",
            "grossProfit": "45862000",
            "totalRevenue": "148939000",
            "sentiment": 0.21488166067458295,
            "surprise": "0.05",
            "closePrice": "10.7"
        },
        {
            "fiscalDateEnding": "2023-03-31",
            "totalCurrentAssets": "232627000",
            "cashAndShortTermInvestments": "143637000",
            "totalCurrentLiabilities": "51411000",
            "currentDebt": "None",
            "netIncome": "704000",
            "capitalExpenditures": "8286000",
            "operatingCashflow": "4763000",
            "grossProfit": "40078000",
            "totalRevenue": "148328000",
            "sentiment": 0.14961140320475835,
            "surprise": "0.01",
            "closePrice": "8.04"
        },
        {
            "fiscalDateEnding": "2022-12-31",
            "totalCurrentAssets": "228961000",
            "cashAndShortTermInvestments": "147334000",
            "totalCurrentLiabilities": "51496000",
            "currentDebt": "None",
            "netIncome": "957000",
            "capitalExpenditures": "7600000",
            "operatingCashflow": "14724000",
            "grossProfit": "41139000",
            "totalRevenue": "132176000",
            "sentiment": 0.3127345185373633,
            "surprise": "0.0146",
            "closePrice": "8.06"
        },
        {
            "fiscalDateEnding": "2022-09-30",
            "totalCurrentAssets": "303641000",
            "cashAndShortTermInvestments": "148314000",
            "totalCurrentLiabilities": "125097000",
            "currentDebt": "None",
            "netIncome": "-737000",
            "capitalExpenditures": "7800000",
            "operatingCashflow": "-1949000",
            "grossProfit": "37857000",
            "totalRevenue": "128152000",
            "sentiment": 0.26689286405469087,
            "surprise": "0.0075",
            "closePrice": "8.85"
        },
        {
            "fiscalDateEnding": "2022-06-30",
            "totalCurrentAssets": "281840000",
            "cashAndShortTermInvestments": "158335000",
            "totalCurrentLiabilities": "105054000",
            "currentDebt": "None",
            "netIncome": "-2451000",
            "capitalExpenditures": "7700000",
            "operatingCashflow": "3844000",
            "grossProfit": "35828000",
            "totalRevenue": "119969000",
            "sentiment": 0.07304839967858562,
            "surprise": "-0.0302",
            "closePrice": "18.11"
        },
        {
            "fiscalDateEnding": "2022-03-31",
            "totalCurrentAssets": "268028000",
            "cashAndShortTermInvestments": "163384000",
            "totalCurrentLiabilities": "83000000",
            "currentDebt": "None",
            "netIncome": "1718000",
            "capitalExpenditures": "7261000",
            "operatingCashflow": "3248000",
            "grossProfit": "34854000",
            "totalRevenue": "116704000",
            "sentiment": -0.04232331401869159,
            "surprise": "0.02",
            "closePrice": "17.21"
        },
        {
            "fiscalDateEnding": "2021-12-31",
            "totalCurrentAssets": "256436000",
            "cashAndShortTermInvestments": "168386000",
            "totalCurrentLiabilities": "74433000",
            "currentDebt": "None",
            "netIncome": "4665000",
            "capitalExpenditures": "5954000",
            "operatingCashflow": "136000",
            "grossProfit": "33741000",
            "totalRevenue": "108131000",
            "sentiment": 0,
            "surprise": "0.01",
            "closePrice": "30.31"
        },
        {
            "fiscalDateEnding": "2021-09-30",
            "totalCurrentAssets": "263629000",
            "cashAndShortTermInvestments": "177506000",
            "totalCurrentLiabilities": "84142000",
            "currentDebt": "None",
            "netIncome": "422000",
            "capitalExpenditures": "4800000",
            "operatingCashflow": "6600000",
            "grossProfit": "31164000",
            "totalRevenue": "101676000",
            "sentiment": 0,
            "surprise": "0",
            "closePrice": "27.84"
        },
        {
            "fiscalDateEnding": "2021-06-30",
            "totalCurrentAssets": "306854000",
            "cashAndShortTermInvestments": "266390000",
            "totalCurrentLiabilities": "37114000",
            "currentDebt": "None",
            "netIncome": "575000",
            "capitalExpenditures": "4400000",
            "operatingCashflow": "5580000",
            "grossProfit": "28928000",
            "totalRevenue": "93495000",
            "sentiment": 0,
            "surprise": "0.01",
            "closePrice": "29.88"
        }
    ]
}