{
    "PAYC": [
        {
            "fiscalDateEnding": "2023-12-31",
            "totalCurrentAssets": "2813426000",
            "cashAndShortTermInvestments": "294025000",
            "totalCurrentLiabilities": "2534643000",
            "currentDebt": "None",
            "netIncome": "81757000",
            "capitalExpenditures": "61122000",
            "operatingCashflow": "134468000",
            "grossProfit": "359584000",
            "totalRevenue": "434273000",
            "sentiment": 0.07063061116528645,
            "surprise": "0.15",
            "closePrice": "198.626833220797"
        },
        {
            "fiscalDateEnding": "2023-09-30",
            "totalCurrentAssets": "2562966000",
            "cashAndShortTermInvestments": "484028000",
            "totalCurrentLiabilities": "2069910000",
            "currentDebt": "None",
            "netIncome": "75219000",
            "capitalExpenditures": "52287000",
            "operatingCashflow": "98578000",
            "grossProfit": "337140000",
            "totalRevenue": "406081000",
            "sentiment": 0.2147498463857569,
            "surprise": "0.16",
            "closePrice": "243.961222186269"
        },
        {
            "fiscalDateEnding": "2023-06-30",
            "totalCurrentAssets": "2708194000",
            "cashAndShortTermInvestments": "536545000",
            "totalCurrentLiabilities": "2186727000",
            "currentDebt": "None",
            "netIncome": "64516000",
            "capitalExpenditures": "42804000",
            "operatingCashflow": "105888000",
            "grossProfit": "333109000",
            "totalRevenue": "400537000",
            "sentiment": 0.28709143449766295,
            "surprise": "0.03",
            "closePrice": "368.770272049873"
        },
        {
            "fiscalDateEnding": "2023-03-31",
            "totalCurrentAssets": "3054691000",
            "cashAndShortTermInvestments": "505590000",
            "totalCurrentLiabilities": "2565098000",
            "currentDebt": "None",
            "netIncome": "119296000",
            "capitalExpenditures": "40618000",
            "operatingCashflow": "146103000",
            "grossProfit": "385581000",
            "totalRevenue": "450813000",
            "sentiment": 0.14531248969510613,
            "surprise": "0.11",
            "closePrice": "286.802085738127"
        },
        {
            "fiscalDateEnding": "2022-12-31",
            "totalCurrentAssets": "2764172000",
            "cashAndShortTermInvestments": "400730000",
            "totalCurrentLiabilities": "2377037000",
            "currentDebt": "None",
            "netIncome": "79951000",
            "capitalExpenditures": "44757000",
            "operatingCashflow": "128456000",
            "grossProfit": "310738000",
            "totalRevenue": "369809000",
            "sentiment": 0.18989941322977627,
            "surprise": "0.24",
            "closePrice": "342.19586001212"
        },
        {
            "fiscalDateEnding": "2022-09-30",
            "totalCurrentAssets": "2228362000",
            "cashAndShortTermInvestments": "317163000",
            "totalCurrentLiabilities": "1897755000",
            "currentDebt": "None",
            "netIncome": "52153000",
            "capitalExpenditures": "24320000",
            "operatingCashflow": "67689000",
            "grossProfit": "278045000",
            "totalRevenue": "333149000",
            "sentiment": 0.21433270187334993,
            "surprise": "0.09",
            "closePrice": "340.398070314506"
        },
        {
            "fiscalDateEnding": "2022-06-30",
            "totalCurrentAssets": "3847992000",
            "cashAndShortTermInvestments": "279039000",
            "totalCurrentLiabilities": "3568472000",
            "currentDebt": "None",
            "netIncome": "57355000",
            "capitalExpenditures": "33247000",
            "operatingCashflow": "51727000",
            "grossProfit": "266488000",
            "totalRevenue": "316570000",
            "sentiment": 0.07378033367753507,
            "surprise": "0.14",
            "closePrice": "335.580788528082"
        },
        {
            "fiscalDateEnding": "2022-03-31",
            "totalCurrentAssets": "4434296000",
            "cashAndShortTermInvestments": "360594000",
            "totalCurrentLiabilities": "4112531000",
            "currentDebt": "1775000",
            "netIncome": "91930000",
            "capitalExpenditures": "34474000",
            "operatingCashflow": "117231000",
            "grossProfit": "305909000",
            "totalRevenue": "354393000",
            "sentiment": -0.018356119496460023,
            "surprise": "0.15",
            "closePrice": "286.514042084918"
        },
        {
            "fiscalDateEnding": "2021-12-31",
            "totalCurrentAssets": "2252038000",
            "cashAndShortTermInvestments": "277978000",
            "totalCurrentLiabilities": "1990410000",
            "currentDebt": "1775000",
            "netIncome": "48687000",
            "capitalExpenditures": "37974000",
            "operatingCashflow": "89725000",
            "grossProfit": "238511000",
            "totalRevenue": "285034000",
            "sentiment": 0,
            "surprise": "0.03",
            "closePrice": "332.750014694822"
        },
        {
            "fiscalDateEnding": "2021-09-30",
            "totalCurrentAssets": "3313182000",
            "cashAndShortTermInvestments": "230926000",
            "totalCurrentLiabilities": "3086273000",
            "currentDebt": "1775000",
            "netIncome": "30379000",
            "capitalExpenditures": "25486000",
            "operatingCashflow": "83194000",
            "grossProfit": "213114000",
            "totalRevenue": "255794000",
            "sentiment": 0,
            "surprise": "0.02",
            "closePrice": "549.497897464603"
        },
        {
            "fiscalDateEnding": "2021-06-30",
            "totalCurrentAssets": "2356522000",
            "cashAndShortTermInvestments": "202362000",
            "totalCurrentLiabilities": "2145208000",
            "currentDebt": "1775000",
            "netIncome": "52278000",
            "capitalExpenditures": "37402000",
            "operatingCashflow": "56986000",
            "grossProfit": "205436000",
            "totalRevenue": "241846000",
            "sentiment": 0,
            "surprise": "0.13",
            "closePrice": "397.341320791967"
        },
        {
            "fiscalDateEnding": "2021-03-31",
            "totalCurrentAssets": "2624207000",
            "cashAndShortTermInvestments": "215093000",
            "totalCurrentLiabilities": "2425574000",
            "currentDebt": "1775000",
            "netIncome": "64616000",
            "capitalExpenditures": "25330000",
            "operatingCashflow": "89457000",
            "grossProfit": "235808000",
            "totalRevenue": "272081000",
            "sentiment": 0,
            "surprise": "0.05",
            "closePrice": "351.909883903094"
        },
        {
            "fiscalDateEnding": "2020-12-31",
            "totalCurrentAssets": "1864605000",
            "cashAndShortTermInvestments": "151710000",
            "totalCurrentLiabilities": "1718030000",
            "currentDebt": "1775000",
            "netIncome": "24367000",
            "capitalExpenditures": "20600000",
            "operatingCashflow": "52879000",
            "grossProfit": "220947000",
            "totalRevenue": "220947000",
            "sentiment": 0,
            "surprise": "0.05",
            "closePrice": "422.828217831067"
        },
        {
            "fiscalDateEnding": "2020-09-30",
            "totalCurrentAssets": "1778316000",
            "cashAndShortTermInvestments": "156398000",
            "totalCurrentLiabilities": "1627801000",
            "currentDebt": "1775000",
            "netIncome": "27482000",
            "capitalExpenditures": "21044000",
            "operatingCashflow": "66816000",
            "grossProfit": "165220000",
            "totalRevenue": "196132000",
            "sentiment": 0,
            "surprise": "0.15",
            "closePrice": "394.748927913087"
        },
        {
            "fiscalDateEnding": "2020-06-30",
            "totalCurrentAssets": "1240058000",
            "cashAndShortTermInvestments": "113518000",
            "totalCurrentLiabilities": "1117251000",
            "currentDebt": "1775000",
            "netIncome": "28589000",
            "capitalExpenditures": "26732000",
            "operatingCashflow": "25482000",
            "grossProfit": "152026000",
            "totalRevenue": "181584000",
            "sentiment": 0,
            "surprise": "0",
            "closePrice": "283.574010314235"
        },
        {
            "fiscalDateEnding": "2020-03-31",
            "totalCurrentAssets": "1651561000",
            "cashAndShortTermInvestments": "181827000",
            "totalCurrentLiabilities": "1497915000",
            "currentDebt": "1775000",
            "netIncome": "63015000",
            "capitalExpenditures": "25726000",
            "operatingCashflow": "82030000",
            "grossProfit": "212306000",
            "totalRevenue": "242352000",
            "sentiment": 0,
            "surprise": "0.07",
            "closePrice": "235.093283717255"
        },
        {
            "fiscalDateEnding": "2019-12-31",
            "totalCurrentAssets": "1871100000",
            "cashAndShortTermInvestments": "133667000",
            "totalCurrentLiabilities": "1753522000",
            "currentDebt": "12075000",
            "netIncome": "45380000",
            "capitalExpenditures": "21854000",
            "operatingCashflow": "47844000",
            "grossProfit": "193409000",
            "totalRevenue": "193409000",
            "sentiment": 0,
            "surprise": "0.09",
            "closePrice": "320.324407447778"
        },
        {
            "fiscalDateEnding": "2019-09-30",
            "totalCurrentAssets": "1012975000",
            "cashAndShortTermInvestments": "108127000",
            "totalCurrentLiabilities": "918478000",
            "currentDebt": "11375000",
            "netIncome": "39152000",
            "capitalExpenditures": "36375000",
            "operatingCashflow": "53651000",
            "grossProfit": "148354000",
            "totalRevenue": "174746000",
            "sentiment": 0,
            "surprise": "0.03",
            "closePrice": "207.749001741945"
        },
        {
            "fiscalDateEnding": "2019-06-30",
            "totalCurrentAssets": "1287986000",
            "cashAndShortTermInvestments": "94814000",
            "totalCurrentLiabilities": "1201278000",
            "currentDebt": "11075000",
            "netIncome": "48762000",
            "capitalExpenditures": "19816000",
            "operatingCashflow": "42342000",
            "grossProfit": "143816000",
            "totalRevenue": "169055000",
            "sentiment": 0,
            "surprise": "0.05",
            "closePrice": "227.077724126236"
        },
        {
            "fiscalDateEnding": "2019-03-31",
            "totalCurrentAssets": "1549484000",
            "cashAndShortTermInvestments": "91307000",
            "totalCurrentLiabilities": "1483710000",
            "currentDebt": "1775000",
            "netIncome": "47282000",
            "capitalExpenditures": "14889000",
            "operatingCashflow": "80426000",
            "grossProfit": "169809000",
            "totalRevenue": "199127000",
            "sentiment": 0,
            "surprise": "0.08",
            "closePrice": "201.163727877205"
        },
        {
            "fiscalDateEnding": "2018-12-31",
            "totalCurrentAssets": "1064622000",
            "cashAndShortTermInvestments": "45718000",
            "totalCurrentLiabilities": "1028682000",
            "currentDebt": "1775000",
            "netIncome": "31414000",
            "capitalExpenditures": "15642000",
            "operatingCashflow": "38968000",
            "grossProfit": "126230000",
            "totalRevenue": "150332000",
            "sentiment": 0,
            "surprise": "0.05",
            "closePrice": "155.901144164351"
        },
        {
            "fiscalDateEnding": "2018-09-30",
            "totalCurrentAssets": "1037534000",
            "cashAndShortTermInvestments": "85048000",
            "totalCurrentLiabilities": "958149000",
            "currentDebt": "1775000",
            "netIncome": "28769000",
            "capitalExpenditures": "12391000",
            "operatingCashflow": "45985000",
            "grossProfit": "111163000",
            "totalRevenue": "133288000",
            "sentiment": 0,
            "surprise": "0.01",
            "closePrice": "128.715782825295"
        },
        {
            "fiscalDateEnding": "2018-06-30",
            "totalCurrentAssets": "1002032000",
            "cashAndShortTermInvestments": "54630000",
            "totalCurrentLiabilities": "947056000",
            "currentDebt": "1775000",
            "netIncome": "35722000",
            "capitalExpenditures": "13165000",
            "operatingCashflow": "42377000",
            "grossProfit": "107869000",
            "totalRevenue": "128800000",
            "sentiment": 0,
            "surprise": "0.11",
            "closePrice": "105.533235011865"
        },
        {
            "fiscalDateEnding": "2018-03-31",
            "totalCurrentAssets": "1205019000",
            "cashAndShortTermInvestments": "68121000",
            "totalCurrentLiabilities": "1141342000",
            "currentDebt": "1331000",
            "netIncome": "41160000",
            "capitalExpenditures": "18708000",
            "operatingCashflow": "57487000",
            "grossProfit": "130311000",
            "totalRevenue": "153916000",
            "sentiment": 0,
            "surprise": "0.05",
            "closePrice": "111.830465223396"
        },
        {
            "fiscalDateEnding": "2017-12-31",
            "totalCurrentAssets": "1176265000",
            "cashAndShortTermInvestments": "46077000",
            "totalCurrentLiabilities": "1140152000",
            "currentDebt": "888000",
            "netIncome": "48866000",
            "capitalExpenditures": "16463000",
            "operatingCashflow": "38100000",
            "grossProfit": "94845000",
            "totalRevenue": "114025000",
            "sentiment": 0,
            "surprise": "0.05",
            "closePrice": "86.0257269117894"
        },
        {
            "fiscalDateEnding": "2017-09-30",
            "totalCurrentAssets": "876490000",
            "cashAndShortTermInvestments": "66610000",
            "totalCurrentLiabilities": "837612000",
            "currentDebt": "1152000",
            "netIncome": "20910000",
            "capitalExpenditures": "21017000",
            "operatingCashflow": "36756000",
            "grossProfit": "83461000",
            "totalRevenue": "101287000",
            "sentiment": 0,
            "surprise": "0.1",
            "closePrice": "81.6454768750616"
        },
        {
            "fiscalDateEnding": "2017-06-30",
            "totalCurrentAssets": "866739000",
            "cashAndShortTermInvestments": "68117000",
            "totalCurrentLiabilities": "828452000",
            "currentDebt": "1139000",
            "netIncome": "20016000",
            "capitalExpenditures": "12773000",
            "operatingCashflow": "67085000",
            "grossProfit": "80351000",
            "totalRevenue": "98227000",
            "sentiment": 0,
            "surprise": "0.06",
            "closePrice": "70.709750592891"
        },
        {
            "fiscalDateEnding": "2017-03-31",
            "totalCurrentAssets": "1051654000",
            "cashAndShortTermInvestments": "92915000",
            "totalCurrentLiabilities": "1005429000",
            "currentDebt": "1126000",
            "netIncome": "33694000",
            "capitalExpenditures": "9136000",
            "operatingCashflow": "41472000",
            "grossProfit": "102362000",
            "totalRevenue": "119508000",
            "sentiment": 0,
            "surprise": "0.06",
            "closePrice": "60.1117306627583"
        },
        {
            "fiscalDateEnding": "2016-12-31",
            "totalCurrentAssets": "925583000",
            "cashAndShortTermInvestments": "60158000",
            "totalCurrentLiabilities": "898894000",
            "currentDebt": "1113000",
            "netIncome": "35214000",
            "capitalExpenditures": "11675000",
            "operatingCashflow": "-146365000",
            "grossProfit": "72328000",
            "totalRevenue": "87810000",
            "sentiment": 0,
            "surprise": "0.05",
            "closePrice": "44.954674980113"
        },
        {
            "fiscalDateEnding": "2016-09-30",
            "totalCurrentAssets": "677678000",
            "cashAndShortTermInvestments": "74496000",
            "totalCurrentLiabilities": "628894000",
            "currentDebt": "1090000",
            "netIncome": "6198000",
            "capitalExpenditures": "7790000",
            "operatingCashflow": "5898000",
            "grossProfit": "62577000",
            "totalRevenue": "77325000",
            "sentiment": 0,
            "surprise": "0.04",
            "closePrice": "51.6492067822774"
        },
        {
            "fiscalDateEnding": "2016-06-30",
            "totalCurrentAssets": "1122559000",
            "cashAndShortTermInvestments": "80893000",
            "totalCurrentLiabilities": "1072497000",
            "currentDebt": "4814000",
            "netIncome": "10421000",
            "capitalExpenditures": "15977000",
            "operatingCashflow": "10121000",
            "grossProfit": "62015000",
            "totalRevenue": "73880000",
            "sentiment": 0,
            "surprise": "0.08",
            "closePrice": "47.0206432514041"
        },
        {
            "fiscalDateEnding": "2016-03-31",
            "totalCurrentAssets": "1205803000",
            "cashAndShortTermInvestments": "72075000",
            "totalCurrentLiabilities": "1161793000",
            "currentDebt": "900000",
            "netIncome": "18588000",
            "capitalExpenditures": "8363000",
            "operatingCashflow": "-373502000",
            "grossProfit": "78155000",
            "totalRevenue": "90126000",
            "sentiment": 0,
            "surprise": "0.13",
            "closePrice": "38.0217622235688"
        },
        {
            "fiscalDateEnding": "2015-12-31",
            "totalCurrentAssets": "761138000",
            "cashAndShortTermInvestments": "50714000",
            "totalCurrentLiabilities": "727534000",
            "currentDebt": "886000",
            "netIncome": "5157000",
            "capitalExpenditures": "6399000",
            "operatingCashflow": "5157000",
            "grossProfit": "54856000",
            "totalRevenue": "65118000",
            "sentiment": 0,
            "surprise": "0.02",
            "closePrice": "22.3482144731008"
        },
        {
            "fiscalDateEnding": "2015-09-30",
            "totalCurrentAssets": "671220000",
            "cashAndShortTermInvestments": "48547000",
            "totalCurrentLiabilities": "641576000",
            "currentDebt": "875000",
            "netIncome": "3847000",
            "capitalExpenditures": "5228000",
            "operatingCashflow": "3447000",
            "grossProfit": "46431000",
            "totalRevenue": "55340000",
            "sentiment": 0,
            "surprise": "0.01",
            "closePrice": "38.8858931831954"
        },
        {
            "fiscalDateEnding": "2015-06-30",
            "totalCurrentAssets": "591947000",
            "cashAndShortTermInvestments": "42667000",
            "totalCurrentLiabilities": "565495000",
            "currentDebt": "861000",
            "netIncome": "5946000",
            "capitalExpenditures": "2420000",
            "operatingCashflow": "5546000",
            "grossProfit": "40952000",
            "totalRevenue": "48973000",
            "sentiment": 0,
            "surprise": "0.04",
            "closePrice": "31.8337899494614"
        },
        {
            "fiscalDateEnding": "2015-03-31",
            "totalCurrentAssets": "633551000",
            "cashAndShortTermInvestments": "35673000",
            "totalCurrentLiabilities": "613004000",
            "currentDebt": "862000",
            "netIncome": "5995000",
            "capitalExpenditures": "2502000",
            "operatingCashflow": "91487000",
            "grossProfit": "46941000",
            "totalRevenue": "55222000",
            "sentiment": 0,
            "surprise": "0.04",
            "closePrice": "32.8270439260436"
        },
        {
            "fiscalDateEnding": "2014-12-31",
            "totalCurrentAssets": "691948000",
            "cashAndShortTermInvestments": "25144000",
            "totalCurrentLiabilities": "678772000",
            "currentDebt": "855000",
            "netIncome": "2506000",
            "capitalExpenditures": "2322000",
            "operatingCashflow": "2506000",
            "grossProfit": "36445000",
            "totalRevenue": "44040000",
            "sentiment": 0,
            "surprise": "0.02",
            "closePrice": "31.4861510576576"
        },
        {
            "fiscalDateEnding": "2014-09-30",
            "totalCurrentAssets": "418331000",
            "cashAndShortTermInvestments": "18473000",
            "totalCurrentLiabilities": "407892000",
            "currentDebt": "845000",
            "netIncome": "2690000",
            "capitalExpenditures": "2670000",
            "operatingCashflow": "2390000",
            "grossProfit": "30162000",
            "totalRevenue": "36598000",
            "sentiment": 0,
            "surprise": "0.01",
            "closePrice": "17.6103930048034"
        },
        {
            "fiscalDateEnding": "2014-06-30",
            "totalCurrentAssets": "336492000",
            "cashAndShortTermInvestments": "13968000",
            "totalCurrentLiabilities": "329398000",
            "currentDebt": "893000",
            "netIncome": "-593000",
            "capitalExpenditures": "4118000",
            "operatingCashflow": "-71893000",
            "grossProfit": "26941000",
            "totalRevenue": "33306000",
            "sentiment": 0,
            "surprise": "0.01",
            "closePrice": "12.4057421675124"
        },
        {
            "fiscalDateEnding": "2014-03-31",
            "totalCurrentAssets": "430951000",
            "cashAndShortTermInvestments": "13125000",
            "totalCurrentLiabilities": "438269000",
            "currentDebt": "13941000",
            "netIncome": "1060000",
            "capitalExpenditures": "5160000",
            "operatingCashflow": "1731000",
            "grossProfit": "30063000",
            "totalRevenue": "36985000",
            "sentiment": 0,
            "surprise": "0",
            "closePrice": "13.716837416601"
        }
    ]
}