{
    "PAYO": [
        {
            "fiscalDateEnding": "2023-12-31",
            "totalCurrentAssets": "7108723000",
            "cashAndShortTermInvestments": "617022000",
            "totalCurrentLiabilities": "6541975000",
            "currentDebt": "None",
            "netIncome": "27021000",
            "capitalExpenditures": "18134000",
            "operatingCashflow": "58161000",
            "grossProfit": "135870000",
            "totalRevenue": "224320000",
            "sentiment": 0.17568791808151887,
            "surprise": "0.01",
            "closePrice": "4.47"
        },
        {
            "fiscalDateEnding": "2023-09-30",
            "totalCurrentAssets": "6061282000",
            "cashAndShortTermInvestments": "590565000",
            "totalCurrentLiabilities": "5510812000",
            "currentDebt": "None",
            "netIncome": "12825000",
            "capitalExpenditures": "14315000",
            "operatingCashflow": "41409000",
            "grossProfit": "129126000",
            "totalRevenue": "208035000",
            "sentiment": 0.3552017668816493,
            "surprise": "-0.02",
            "closePrice": "5.6"
        },
        {
            "fiscalDateEnding": "2023-06-30",
            "totalCurrentAssets": "6208927000",
            "cashAndShortTermInvestments": "581053000",
            "totalCurrentLiabilities": "5658445000",
            "currentDebt": "None",
            "netIncome": "45549000",
            "capitalExpenditures": "5991000",
            "operatingCashflow": "56017000",
            "grossProfit": "132275000",
            "totalRevenue": "206734000",
            "sentiment": 0.07264185131876263,
            "surprise": "0.08",
            "closePrice": "5.65"
        },
        {
            "fiscalDateEnding": "2023-03-31",
            "totalCurrentAssets": "6118766000",
            "cashAndShortTermInvestments": "544542000",
            "totalCurrentLiabilities": "5586092000",
            "currentDebt": "None",
            "netIncome": "7938000",
            "capitalExpenditures": "9352000",
            "operatingCashflow": "3902000",
            "grossProfit": "115166000",
            "totalRevenue": "192014000",
            "sentiment": 0.3567971201169564,
            "surprise": "-0.01",
            "closePrice": "5.06"
        },
        {
            "fiscalDateEnding": "2022-12-31",
            "totalCurrentAssets": "6471104000",
            "cashAndShortTermInvestments": "543299000",
            "totalCurrentLiabilities": "5977512000",
            "currentDebt": "None",
            "netIncome": "-10151000",
            "capitalExpenditures": "11492000",
            "operatingCashflow": "39634000",
            "grossProfit": "100939000",
            "totalRevenue": "183558000",
            "sentiment": 0.31647856637735217,
            "surprise": "0.02",
            "closePrice": "5.8"
        },
        {
            "fiscalDateEnding": "2022-09-30",
            "totalCurrentAssets": "5640215000",
            "cashAndShortTermInvestments": "507939000",
            "totalCurrentLiabilities": "5153354000",
            "currentDebt": "None",
            "netIncome": "-26452000",
            "capitalExpenditures": "4476000",
            "operatingCashflow": "15452000",
            "grossProfit": "92940000",
            "totalRevenue": "158917000",
            "sentiment": 0.3181258752098895,
            "surprise": "-0.06",
            "closePrice": "6.81"
        },
        {
            "fiscalDateEnding": "2022-06-30",
            "totalCurrentAssets": "5719888000",
            "cashAndShortTermInvestments": "492002000",
            "totalCurrentLiabilities": "5240859000",
            "currentDebt": "None",
            "netIncome": "4422000",
            "capitalExpenditures": "6363000",
            "operatingCashflow": "26502000",
            "grossProfit": "88162000",
            "totalRevenue": "148190000",
            "sentiment": -0.01624012024054253,
            "surprise": "0.07",
            "closePrice": "5.68"
        },
        {
            "fiscalDateEnding": "2022-03-31",
            "totalCurrentAssets": "5185537000",
            "cashAndShortTermInvestments": "465734000",
            "totalCurrentLiabilities": "4716349000",
            "currentDebt": "None",
            "netIncome": "20211000",
            "capitalExpenditures": "6502000",
            "operatingCashflow": "2372000",
            "grossProfit": "83634000",
            "totalRevenue": "136958000",
            "sentiment": -0.061463829733775954,
            "surprise": "0.11",
            "closePrice": "3.6"
        },
        {
            "fiscalDateEnding": "2021-12-31",
            "totalCurrentAssets": "4962723000",
            "cashAndShortTermInvestments": "465926000",
            "totalCurrentLiabilities": "4497828000",
            "currentDebt": "None",
            "netIncome": "-18902000",
            "capitalExpenditures": "7409000",
            "operatingCashflow": "-5785000",
            "grossProfit": "104154000",
            "totalRevenue": "139219000",
            "sentiment": 0,
            "surprise": "-0.04",
            "closePrice": "4.24"
        },
        {
            "fiscalDateEnding": "2021-09-30",
            "totalCurrentAssets": "4246479000",
            "cashAndShortTermInvestments": "448955000",
            "totalCurrentLiabilities": "3800997000",
            "currentDebt": "None",
            "netIncome": "837000",
            "capitalExpenditures": "4800000",
            "operatingCashflow": "-5908000",
            "grossProfit": "74384000",
            "totalRevenue": "122651000",
            "sentiment": 0,
            "surprise": "0.0422",
            "closePrice": "7.49"
        },
        {
            "fiscalDateEnding": "2021-06-30",
            "totalCurrentAssets": "4215939000",
            "cashAndShortTermInvestments": "498706000",
            "totalCurrentLiabilities": "3772335000",
            "currentDebt": "None",
            "netIncome": "-12414000",
            "capitalExpenditures": "4542000",
            "operatingCashflow": "33164000",
            "grossProfit": "62393000",
            "totalRevenue": "110927000",
            "sentiment": 0,
            "surprise": "-0.51",
            "closePrice": "10.14"
        }
    ]
}