{
    "PCOR": [
        {
            "fiscalDateEnding": "2023-12-31",
            "totalCurrentAssets": "955734000",
            "cashAndShortTermInvestments": "677951000",
            "totalCurrentLiabilities": "642430000",
            "currentDebt": "2019000",
            "netIncome": "-29519000",
            "capitalExpenditures": "19575000",
            "operatingCashflow": "40743000",
            "grossProfit": "212210000",
            "totalRevenue": "260041000",
            "sentiment": 0.24281400830839675,
            "surprise": "0.1",
            "closePrice": "74.59"
        },
        {
            "fiscalDateEnding": "2023-09-30",
            "totalCurrentAssets": "841946000",
            "cashAndShortTermInvestments": "626480000",
            "totalCurrentLiabilities": "561555000",
            "currentDebt": "None",
            "netIncome": "-43847000",
            "capitalExpenditures": "11215000",
            "operatingCashflow": "33674000",
            "grossProfit": "203782000",
            "totalRevenue": "247907000",
            "sentiment": 0.257213421144418,
            "surprise": "0.14",
            "closePrice": "60.17"
        },
        {
            "fiscalDateEnding": "2023-06-30",
            "totalCurrentAssets": "797906000",
            "cashAndShortTermInvestments": "602963000",
            "totalCurrentLiabilities": "519885000",
            "currentDebt": "None",
            "netIncome": "-52881000",
            "capitalExpenditures": "11921000",
            "operatingCashflow": "-11677000",
            "grossProfit": "186232000",
            "totalRevenue": "228536000",
            "sentiment": 0.16330926065487789,
            "surprise": "0.11",
            "closePrice": "72.39"
        },
        {
            "fiscalDateEnding": "2023-03-31",
            "totalCurrentAssets": "774994000",
            "cashAndShortTermInvestments": "602809000",
            "totalCurrentLiabilities": "514686000",
            "currentDebt": "None",
            "netIncome": "-63447000",
            "capitalExpenditures": "10124000",
            "operatingCashflow": "29275000",
            "grossProfit": "173324000",
            "totalRevenue": "213526000",
            "sentiment": 0.263439531401221,
            "surprise": "0.13",
            "closePrice": "53.18"
        },
        {
            "fiscalDateEnding": "2022-12-31",
            "totalCurrentAssets": "799219000",
            "cashAndShortTermInvestments": "582205000",
            "totalCurrentLiabilities": "531638000",
            "currentDebt": "1854000",
            "netIncome": "-71184000",
            "capitalExpenditures": "10977000",
            "operatingCashflow": "22692000",
            "grossProfit": "161483000",
            "totalRevenue": "202053000",
            "sentiment": 0.00161319954641338,
            "surprise": "0.06",
            "closePrice": "63.41"
        },
        {
            "fiscalDateEnding": "2022-09-30",
            "totalCurrentAssets": "735372000",
            "cashAndShortTermInvestments": "558052000",
            "totalCurrentLiabilities": "458903000",
            "currentDebt": "None",
            "netIncome": "-71205000",
            "capitalExpenditures": "12768000",
            "operatingCashflow": "6587000",
            "grossProfit": "148650000",
            "totalRevenue": "186429000",
            "sentiment": 0.31833918947100953,
            "surprise": "0.08",
            "closePrice": "50.22"
        },
        {
            "fiscalDateEnding": "2022-06-30",
            "totalCurrentAssets": "715831000",
            "cashAndShortTermInvestments": "563224000",
            "totalCurrentLiabilities": "419358000",
            "currentDebt": "None",
            "netIncome": "-73123000",
            "capitalExpenditures": "10528000",
            "operatingCashflow": "-26955000",
            "grossProfit": "135470000",
            "totalRevenue": "172205000",
            "sentiment": 0.047403496840676816,
            "surprise": "-0.02",
            "closePrice": "56.64"
        },
        {
            "fiscalDateEnding": "2022-03-31",
            "totalCurrentAssets": "725779000",
            "cashAndShortTermInvestments": "586914000",
            "totalCurrentLiabilities": "408616000",
            "currentDebt": "None",
            "netIncome": "-71419000",
            "capitalExpenditures": "15157000",
            "operatingCashflow": "10284000",
            "grossProfit": "126184000",
            "totalRevenue": "159516000",
            "sentiment": -0.025543642770684587,
            "surprise": "0.02",
            "closePrice": "54.27"
        },
        {
            "fiscalDateEnding": "2021-12-31",
            "totalCurrentAssets": "752288000",
            "cashAndShortTermInvestments": "586108000",
            "totalCurrentLiabilities": "403704000",
            "currentDebt": "1684000",
            "netIncome": "-50972000",
            "capitalExpenditures": "9051000",
            "operatingCashflow": "-3575000",
            "grossProfit": "116336000",
            "totalRevenue": "146103000",
            "sentiment": 0,
            "surprise": "0",
            "closePrice": "62.88"
        },
        {
            "fiscalDateEnding": "2021-09-30",
            "totalCurrentAssets": "1186444000",
            "cashAndShortTermInvestments": "1072098000",
            "totalCurrentLiabilities": "317499000",
            "currentDebt": "None",
            "netIncome": "-50742000",
            "capitalExpenditures": "8670000",
            "operatingCashflow": "15138000",
            "grossProfit": "109297000",
            "totalRevenue": "131990000",
            "sentiment": 0,
            "surprise": "0.02",
            "closePrice": "96.83"
        },
        {
            "fiscalDateEnding": "2021-06-30",
            "totalCurrentAssets": "1165861000",
            "cashAndShortTermInvestments": "1060512000",
            "totalCurrentLiabilities": "287581000",
            "currentDebt": "None",
            "netIncome": "-149719000",
            "capitalExpenditures": "5324000",
            "operatingCashflow": "-3129000",
            "grossProfit": "97297000",
            "totalRevenue": "122790000",
            "sentiment": 0,
            "surprise": "0.06",
            "closePrice": "98.14"
        }
    ]
}