{
    "PCTY": [
        {
            "fiscalDateEnding": "2023-12-31",
            "totalCurrentAssets": "3806698000",
            "cashAndShortTermInvestments": "366904000",
            "totalCurrentLiabilities": "3422865000",
            "currentDebt": "None",
            "netIncome": "38116000",
            "capitalExpenditures": "17978000",
            "operatingCashflow": "75070000",
            "grossProfit": "218962000",
            "totalRevenue": "326361000",
            "sentiment": 0.2903410834891191,
            "surprise": "0.21",
            "closePrice": "171.91"
        },
        {
            "fiscalDateEnding": "2023-09-30",
            "totalCurrentAssets": "2982904000",
            "cashAndShortTermInvestments": "305031000",
            "totalCurrentLiabilities": "2672231000",
            "currentDebt": "None",
            "netIncome": "34517000",
            "capitalExpenditures": "17647000",
            "operatingCashflow": "62142000",
            "grossProfit": "216119000",
            "totalRevenue": "317586000",
            "sentiment": 0.3441339483218339,
            "surprise": "0.26",
            "closePrice": "171.86"
        },
        {
            "fiscalDateEnding": "2023-06-30",
            "totalCurrentAssets": "3048437000",
            "cashAndShortTermInvestments": "288767000",
            "totalCurrentLiabilities": "2774795000",
            "currentDebt": "None",
            "netIncome": "37254000",
            "capitalExpenditures": "27419000",
            "operatingCashflow": "76616000",
            "grossProfit": "211747000",
            "totalRevenue": "308453000",
            "sentiment": 0.3112411398827751,
            "surprise": "0.17",
            "closePrice": "212.7"
        },
        {
            "fiscalDateEnding": "2023-03-31",
            "totalCurrentAssets": "3566010000",
            "cashAndShortTermInvestments": "233692000",
            "totalCurrentLiabilities": "3354664000",
            "currentDebt": "None",
            "netIncome": "57616000",
            "capitalExpenditures": "13092000",
            "operatingCashflow": "127350000",
            "grossProfit": "244143000",
            "totalRevenue": "339857000",
            "sentiment": 0.3258807770898083,
            "surprise": "0.21",
            "closePrice": "183.67"
        },
        {
            "fiscalDateEnding": "2022-12-31",
            "totalCurrentAssets": "3309022000",
            "cashAndShortTermInvestments": "120053000",
            "totalCurrentLiabilities": "3189103000",
            "currentDebt": "None",
            "netIncome": "15600000",
            "capitalExpenditures": "13003000",
            "operatingCashflow": "62370000",
            "grossProfit": "182932000",
            "totalRevenue": "273008000",
            "sentiment": 0.25272422940715833,
            "surprise": "0.39",
            "closePrice": "226.04"
        },
        {
            "fiscalDateEnding": "2022-09-30",
            "totalCurrentAssets": "2479620000",
            "cashAndShortTermInvestments": "65484000",
            "totalCurrentLiabilities": "2411579000",
            "currentDebt": "None",
            "netIncome": "30352000",
            "capitalExpenditures": "13400000",
            "operatingCashflow": "16387000",
            "grossProfit": "168737000",
            "totalRevenue": "253280000",
            "sentiment": 0.3186166998442442,
            "surprise": "0.33",
            "closePrice": "210.95"
        },
        {
            "fiscalDateEnding": "2022-06-30",
            "totalCurrentAssets": "4231683000",
            "cashAndShortTermInvestments": "139756000",
            "totalCurrentLiabilities": "4120534000",
            "currentDebt": "None",
            "netIncome": "15146000",
            "capitalExpenditures": "10944000",
            "operatingCashflow": "49659000",
            "grossProfit": "151553000",
            "totalRevenue": "228947000",
            "sentiment": 0.0652101802873158,
            "surprise": "0.26",
            "closePrice": "226.46"
        },
        {
            "fiscalDateEnding": "2022-03-31",
            "totalCurrentAssets": "4516991000",
            "cashAndShortTermInvestments": "96465000",
            "totalCurrentLiabilities": "4438438000",
            "currentDebt": "None",
            "netIncome": "34846000",
            "capitalExpenditures": "13146000",
            "operatingCashflow": "78536000",
            "grossProfit": "170432000",
            "totalRevenue": "245970000",
            "sentiment": 0.3967890397904199,
            "surprise": "0.31",
            "closePrice": "188.87"
        },
        {
            "fiscalDateEnding": "2021-12-31",
            "totalCurrentAssets": "2087086000",
            "cashAndShortTermInvestments": "84104000",
            "totalCurrentLiabilities": "2006170000",
            "currentDebt": "None",
            "netIncome": "9853000",
            "capitalExpenditures": "16115000",
            "operatingCashflow": "30990000",
            "grossProfit": "125216000",
            "totalRevenue": "196037000",
            "sentiment": 0,
            "surprise": "0.24",
            "closePrice": "197.06"
        },
        {
            "fiscalDateEnding": "2021-09-30",
            "totalCurrentAssets": "3332027000",
            "cashAndShortTermInvestments": "69582000",
            "totalCurrentLiabilities": "3273447000",
            "currentDebt": "None",
            "netIncome": "30932000",
            "capitalExpenditures": "12379000",
            "operatingCashflow": "-4132000",
            "grossProfit": "118448000",
            "totalRevenue": "181697000",
            "sentiment": 0,
            "surprise": "0.21",
            "closePrice": "291.0"
        },
        {
            "fiscalDateEnding": "2021-06-30",
            "totalCurrentAssets": "2032883000",
            "cashAndShortTermInvestments": "206743000",
            "totalCurrentLiabilities": "1867016000",
            "currentDebt": "None",
            "netIncome": "11883000",
            "capitalExpenditures": "8236000",
            "operatingCashflow": "39090000",
            "grossProfit": "108401000",
            "totalRevenue": "167451000",
            "sentiment": 0,
            "surprise": "0.16",
            "closePrice": "219.28"
        },
        {
            "fiscalDateEnding": "2021-03-31",
            "totalCurrentAssets": "2298320000",
            "cashAndShortTermInvestments": "182276000",
            "totalCurrentLiabilities": "2138372000",
            "currentDebt": "None",
            "netIncome": "36834000",
            "capitalExpenditures": "8942000",
            "operatingCashflow": "66088000",
            "grossProfit": "128727000",
            "totalRevenue": "186053000",
            "sentiment": 0,
            "surprise": "0.21",
            "closePrice": "171.07"
        },
        {
            "fiscalDateEnding": "2020-12-31",
            "totalCurrentAssets": "2495817000",
            "cashAndShortTermInvestments": "232333000",
            "totalCurrentLiabilities": "2271261000",
            "currentDebt": "None",
            "netIncome": "9642000",
            "capitalExpenditures": "10948000",
            "operatingCashflow": "21239000",
            "grossProfit": "92787000",
            "totalRevenue": "146329000",
            "sentiment": 0,
            "surprise": "0.14",
            "closePrice": "213.06"
        },
        {
            "fiscalDateEnding": "2020-09-30",
            "totalCurrentAssets": "1673041000",
            "cashAndShortTermInvestments": "240068000",
            "totalCurrentLiabilities": "1444527000",
            "currentDebt": "None",
            "netIncome": "12460000",
            "capitalExpenditures": "9929000",
            "operatingCashflow": "-1567000",
            "grossProfit": "86414000",
            "totalRevenue": "135794000",
            "sentiment": 0,
            "surprise": "0.23",
            "closePrice": "191.02"
        },
        {
            "fiscalDateEnding": "2020-06-30",
            "totalCurrentAssets": "1663154000",
            "cashAndShortTermInvestments": "285407000",
            "totalCurrentLiabilities": "1408940000",
            "currentDebt": "8083000",
            "netIncome": "4950000",
            "capitalExpenditures": "8502000",
            "operatingCashflow": "25860000",
            "grossProfit": "84714000",
            "totalRevenue": "130589000",
            "sentiment": 0,
            "surprise": "0.19",
            "closePrice": "134.41"
        },
        {
            "fiscalDateEnding": "2020-03-31",
            "totalCurrentAssets": "1957993000",
            "cashAndShortTermInvestments": "180633000",
            "totalCurrentLiabilities": "1796804000",
            "currentDebt": "7955000",
            "netIncome": "40132000",
            "capitalExpenditures": "9254000",
            "operatingCashflow": "50717000",
            "grossProfit": "123565000",
            "totalRevenue": "171646000",
            "sentiment": 0,
            "surprise": "0.13",
            "closePrice": "121.47"
        },
        {
            "fiscalDateEnding": "2019-12-31",
            "totalCurrentAssets": "2034417000",
            "cashAndShortTermInvestments": "145749000",
            "totalCurrentLiabilities": "1911861000",
            "currentDebt": "7694000",
            "netIncome": "5467000",
            "capitalExpenditures": "9790000",
            "operatingCashflow": "27813000",
            "grossProfit": "86950000",
            "totalRevenue": "132374000",
            "sentiment": 0,
            "surprise": "0.07",
            "closePrice": "149.76"
        },
        {
            "fiscalDateEnding": "2019-09-30",
            "totalCurrentAssets": "1325736000",
            "cashAndShortTermInvestments": "129659000",
            "totalCurrentLiabilities": "1211084000",
            "currentDebt": "7731000",
            "netIncome": "13906000",
            "capitalExpenditures": "14747000",
            "operatingCashflow": "8265000",
            "grossProfit": "84090000",
            "totalRevenue": "126720000",
            "sentiment": 0,
            "surprise": "0.09",
            "closePrice": "103.76"
        },
        {
            "fiscalDateEnding": "2019-06-30",
            "totalCurrentAssets": "1596189000",
            "cashAndShortTermInvestments": "161790000",
            "totalCurrentLiabilities": "1456048000",
            "currentDebt": "1482000",
            "netIncome": "10241000",
            "capitalExpenditures": "7095000",
            "operatingCashflow": "35873000",
            "grossProfit": "80279000",
            "totalRevenue": "120373000",
            "sentiment": 0,
            "surprise": "0.09",
            "closePrice": "101.39"
        },
        {
            "fiscalDateEnding": "2019-03-31",
            "totalCurrentAssets": "1908148000",
            "cashAndShortTermInvestments": "139015000",
            "totalCurrentLiabilities": "1776049000",
            "currentDebt": "None",
            "netIncome": "28026000",
            "capitalExpenditures": "7370000",
            "operatingCashflow": "44863000",
            "grossProfit": "99807000",
            "totalRevenue": "139552000",
            "sentiment": 0,
            "surprise": "0.01",
            "closePrice": "95.94"
        },
        {
            "fiscalDateEnding": "2018-12-31",
            "totalCurrentAssets": "1397306000",
            "cashAndShortTermInvestments": "104048000",
            "totalCurrentLiabilities": "1305478000",
            "currentDebt": "None",
            "netIncome": "5704000",
            "capitalExpenditures": "9528000",
            "operatingCashflow": "26952000",
            "grossProfit": "69134000",
            "totalRevenue": "107204000",
            "sentiment": 0,
            "surprise": "0.01",
            "closePrice": "80.65"
        },
        {
            "fiscalDateEnding": "2018-09-30",
            "totalCurrentAssets": "1286470000",
            "cashAndShortTermInvestments": "84887000",
            "totalCurrentLiabilities": "1207393000",
            "currentDebt": "None",
            "netIncome": "9852000",
            "capitalExpenditures": "7429000",
            "operatingCashflow": "7344000",
            "grossProfit": "64562000",
            "totalRevenue": "100504000",
            "sentiment": 0,
            "surprise": "0",
            "closePrice": "66.16"
        },
        {
            "fiscalDateEnding": "2018-06-30",
            "totalCurrentAssets": "1378240000",
            "cashAndShortTermInvestments": "137193000",
            "totalCurrentLiabilities": "1270845000",
            "currentDebt": "None",
            "netIncome": "-1553000",
            "capitalExpenditures": "16498000",
            "operatingCashflow": "28523000",
            "grossProfit": "57870000",
            "totalRevenue": "96616000",
            "sentiment": 0,
            "surprise": "-0.01",
            "closePrice": "64.05"
        },
        {
            "fiscalDateEnding": "2018-03-31",
            "totalCurrentAssets": "1497357000",
            "cashAndShortTermInvestments": "129530000",
            "totalCurrentLiabilities": "1385367000",
            "currentDebt": "None",
            "netIncome": "39177000",
            "capitalExpenditures": "5672000",
            "operatingCashflow": "35175000",
            "grossProfit": "74755000",
            "totalRevenue": "113407000",
            "sentiment": 0,
            "surprise": "0.39",
            "closePrice": "54.4"
        },
        {
            "fiscalDateEnding": "2017-12-31",
            "totalCurrentAssets": "1466924000",
            "cashAndShortTermInvestments": "111027000",
            "totalCurrentLiabilities": "1376624000",
            "currentDebt": "None",
            "netIncome": "431000",
            "capitalExpenditures": "8700000",
            "operatingCashflow": "25965000",
            "grossProfit": "49164000",
            "totalRevenue": "86004000",
            "sentiment": 0,
            "surprise": "0.04",
            "closePrice": "45.93"
        },
        {
            "fiscalDateEnding": "2017-09-30",
            "totalCurrentAssets": "1055447000",
            "cashAndShortTermInvestments": "97399000",
            "totalCurrentLiabilities": "970581000",
            "currentDebt": "None",
            "netIncome": "543000",
            "capitalExpenditures": "6444000",
            "operatingCashflow": "8203000",
            "grossProfit": "46541000",
            "totalRevenue": "81500000",
            "sentiment": 0,
            "surprise": "0.04",
            "closePrice": "51.59"
        },
        {
            "fiscalDateEnding": "2017-06-30",
            "totalCurrentAssets": "1062846000",
            "cashAndShortTermInvestments": "103468000",
            "totalCurrentLiabilities": "974806000",
            "currentDebt": "None",
            "netIncome": "-3844000",
            "capitalExpenditures": "10990000",
            "operatingCashflow": "18645000",
            "grossProfit": "42898000",
            "totalRevenue": "76061000",
            "sentiment": 0,
            "surprise": "0.08",
            "closePrice": "43.35"
        },
        {
            "fiscalDateEnding": "2017-03-31",
            "totalCurrentAssets": "1287062000",
            "cashAndShortTermInvestments": "101450000",
            "totalCurrentLiabilities": "1199110000",
            "currentDebt": "None",
            "netIncome": "14801000",
            "capitalExpenditures": "7672000",
            "operatingCashflow": "27945000",
            "grossProfit": "58191000",
            "totalRevenue": "90273000",
            "sentiment": 0,
            "surprise": "0.17",
            "closePrice": "40.67"
        },
        {
            "fiscalDateEnding": "2016-12-31",
            "totalCurrentAssets": "1188086000",
            "cashAndShortTermInvestments": "82257000",
            "totalCurrentLiabilities": "1117701000",
            "currentDebt": "None",
            "netIncome": "-1671000",
            "capitalExpenditures": "10478000",
            "operatingCashflow": "13507000",
            "grossProfit": "38271000",
            "totalRevenue": "68654000",
            "sentiment": 0,
            "surprise": "0.08",
            "closePrice": "29.92"
        },
        {
            "fiscalDateEnding": "2016-09-30",
            "totalCurrentAssets": "857135000",
            "cashAndShortTermInvestments": "77998000",
            "totalCurrentLiabilities": "791992000",
            "currentDebt": "None",
            "netIncome": "-2568000",
            "capitalExpenditures": "5839000",
            "operatingCashflow": "1883000",
            "grossProfit": "36663000",
            "totalRevenue": "65022000",
            "sentiment": 0,
            "surprise": "0.05",
            "closePrice": "40.68"
        },
        {
            "fiscalDateEnding": "2016-06-30",
            "totalCurrentAssets": "1335208000",
            "cashAndShortTermInvestments": "86496000",
            "totalCurrentLiabilities": "1266222000",
            "currentDebt": "None",
            "netIncome": "-5412000",
            "capitalExpenditures": "6921000",
            "operatingCashflow": "807120000",
            "grossProfit": "33258000",
            "totalRevenue": "59839000",
            "sentiment": 0,
            "surprise": "0.03",
            "closePrice": "46.36"
        },
        {
            "fiscalDateEnding": "2016-03-31",
            "totalCurrentAssets": "1521854000",
            "cashAndShortTermInvestments": "89707000",
            "totalCurrentLiabilities": "1448791000",
            "currentDebt": "None",
            "netIncome": "6161000",
            "capitalExpenditures": "6913000",
            "operatingCashflow": "7996000",
            "grossProfit": "43361000",
            "totalRevenue": "70570000",
            "sentiment": 0,
            "surprise": "0.07",
            "closePrice": "37.82"
        },
        {
            "fiscalDateEnding": "2015-12-31",
            "totalCurrentAssets": "969547000",
            "cashAndShortTermInvestments": "79024000",
            "totalCurrentLiabilities": "904022000",
            "currentDebt": "None",
            "netIncome": "-1165000",
            "capitalExpenditures": "7009000",
            "operatingCashflow": "467000",
            "grossProfit": "31084000",
            "totalRevenue": "55184000",
            "sentiment": 0,
            "surprise": "0.11",
            "closePrice": "34.05"
        },
        {
            "fiscalDateEnding": "2015-09-30",
            "totalCurrentAssets": "628071000",
            "cashAndShortTermInvestments": "78691000",
            "totalCurrentLiabilities": "561740000",
            "currentDebt": "None",
            "netIncome": "-3435000",
            "capitalExpenditures": "3631000",
            "operatingCashflow": "54388000",
            "grossProfit": "24913000",
            "totalRevenue": "45108000",
            "sentiment": 0,
            "surprise": "0.09",
            "closePrice": "36.97"
        },
        {
            "fiscalDateEnding": "2015-06-30",
            "totalCurrentAssets": "678783000",
            "cashAndShortTermInvestments": "81258000",
            "totalCurrentLiabilities": "609487000",
            "currentDebt": "None",
            "netIncome": "-4429000",
            "capitalExpenditures": "4360000",
            "operatingCashflow": "305251000",
            "grossProfit": "21888000",
            "totalRevenue": "40004000",
            "sentiment": 0,
            "surprise": "0.03",
            "closePrice": "37.08"
        },
        {
            "fiscalDateEnding": "2015-03-31",
            "totalCurrentAssets": "831441000",
            "cashAndShortTermInvestments": "93227000",
            "totalCurrentLiabilities": "749723000",
            "currentDebt": "None",
            "netIncome": "1752000",
            "capitalExpenditures": "3131000",
            "operatingCashflow": "3004000",
            "grossProfit": "27990000",
            "totalRevenue": "47272000",
            "sentiment": 0,
            "surprise": "0.06",
            "closePrice": "28.49"
        },
        {
            "fiscalDateEnding": "2014-12-31",
            "totalCurrentAssets": "952311000",
            "cashAndShortTermInvestments": "89480000",
            "totalCurrentLiabilities": "873651000",
            "currentDebt": "None",
            "netIncome": "-6420000",
            "capitalExpenditures": "2333000",
            "operatingCashflow": "-5066000",
            "grossProfit": "16267000",
            "totalRevenue": "34313000",
            "sentiment": 0,
            "surprise": "0.03",
            "closePrice": "24.74"
        },
        {
            "fiscalDateEnding": "2014-09-30",
            "totalCurrentAssets": "509645000",
            "cashAndShortTermInvestments": "72843000",
            "totalCurrentLiabilities": "445132000",
            "currentDebt": "None",
            "netIncome": "-4875000",
            "capitalExpenditures": "3411000",
            "operatingCashflow": "-15456000",
            "grossProfit": "15657000",
            "totalRevenue": "31109000",
            "sentiment": 0,
            "surprise": "0.05",
            "closePrice": "25.3"
        },
        {
            "fiscalDateEnding": "2014-06-30",
            "totalCurrentAssets": "500265000",
            "cashAndShortTermInvestments": "78848000",
            "totalCurrentLiabilities": "433128000",
            "currentDebt": "None",
            "netIncome": "-6704000",
            "capitalExpenditures": "3143000",
            "operatingCashflow": "-6306000",
            "grossProfit": "13543000",
            "totalRevenue": "28647000",
            "sentiment": 0,
            "surprise": "0",
            "closePrice": "22.17"
        },
        {
            "fiscalDateEnding": "2014-03-31",
            "totalCurrentAssets": "635312000",
            "cashAndShortTermInvestments": "88944000",
            "totalCurrentLiabilities": "555383000",
            "currentDebt": "None",
            "netIncome": "1150000",
            "capitalExpenditures": "3227000",
            "operatingCashflow": "2190000",
            "grossProfit": "18841000",
            "totalRevenue": "33766000",
            "sentiment": 0,
            "surprise": "0.1",
            "closePrice": "15.5"
        }
    ]
}