{
    "PD": [
        {
            "fiscalDateEnding": "2024-01-31",
            "totalCurrentAssets": "703198000",
            "cashAndShortTermInvestments": "571189000",
            "totalCurrentLiabilities": "281655000",
            "currentDebt": "None",
            "netIncome": "-28152000",
            "capitalExpenditures": "2543000",
            "operatingCashflow": "22155000",
            "grossProfit": "90759000",
            "totalRevenue": "108530000",
            "sentiment": 0.24357316049615313,
            "surprise": "0.02",
            "closePrice": "22.93"
        },
        {
            "fiscalDateEnding": "2023-10-31",
            "totalCurrentAssets": "681054000",
            "cashAndShortTermInvestments": "575313000",
            "totalCurrentLiabilities": "247927000",
            "currentDebt": "None",
            "netIncome": "-12766000",
            "capitalExpenditures": "1686000",
            "operatingCashflow": "16917000",
            "grossProfit": "89015000",
            "totalRevenue": "111236000",
            "sentiment": 0.10349083955584308,
            "surprise": "0.07",
            "closePrice": "21.8"
        },
        {
            "fiscalDateEnding": "2023-07-31",
            "totalCurrentAssets": "602888000",
            "cashAndShortTermInvestments": "504477000",
            "totalCurrentLiabilities": "239575000",
            "currentDebt": "None",
            "netIncome": "-22053000",
            "capitalExpenditures": "2012000",
            "operatingCashflow": "10750000",
            "grossProfit": "87783000",
            "totalRevenue": "106220000",
            "sentiment": 0.20675291699008813,
            "surprise": "0.09",
            "closePrice": "25.76"
        },
        {
            "fiscalDateEnding": "2023-04-30",
            "totalCurrentAssets": "590226000",
            "cashAndShortTermInvestments": "495132000",
            "totalCurrentLiabilities": "245328000",
            "currentDebt": "None",
            "netIncome": "-12218000",
            "capitalExpenditures": "1307000",
            "operatingCashflow": "22152000",
            "grossProfit": "85310000",
            "totalRevenue": "101912000",
            "sentiment": 0.14930225933957159,
            "surprise": "0.12",
            "closePrice": "27.75"
        },
        {
            "fiscalDateEnding": "2023-01-31",
            "totalCurrentAssets": "600336000",
            "cashAndShortTermInvestments": "476967000",
            "totalCurrentLiabilities": "271077000",
            "currentDebt": "None",
            "netIncome": "-24562000",
            "capitalExpenditures": "1993000",
            "operatingCashflow": "17572000",
            "grossProfit": "82622000",
            "totalRevenue": "99605000",
            "sentiment": 0.2593369175415962,
            "surprise": "0.06",
            "closePrice": "27.84"
        },
        {
            "fiscalDateEnding": "2022-10-31",
            "totalCurrentAssets": "563617000",
            "cashAndShortTermInvestments": "459437000",
            "totalCurrentLiabilities": "237349000",
            "currentDebt": "None",
            "netIncome": "-32542000",
            "capitalExpenditures": "1803000",
            "operatingCashflow": "-448000",
            "grossProfit": "76196000",
            "totalRevenue": "92843000",
            "sentiment": 0.16909555982833457,
            "surprise": "0.08",
            "closePrice": "22.52"
        },
        {
            "fiscalDateEnding": "2022-07-31",
            "totalCurrentAssets": "559584000",
            "cashAndShortTermInvestments": "470795000",
            "totalCurrentLiabilities": "226064000",
            "currentDebt": "None",
            "netIncome": "-38499000",
            "capitalExpenditures": "3672000",
            "operatingCashflow": "2841000",
            "grossProfit": "71886000",
            "totalRevenue": "88866000",
            "sentiment": -0.13241820029588008,
            "surprise": "0.04",
            "closePrice": "24.1"
        },
        {
            "fiscalDateEnding": "2022-04-30",
            "totalCurrentAssets": "557917000",
            "cashAndShortTermInvestments": "467459000",
            "totalCurrentLiabilities": "219918000",
            "currentDebt": "None",
            "netIncome": "-32820000",
            "capitalExpenditures": "2850000",
            "operatingCashflow": "-2985000",
            "grossProfit": "69655000",
            "totalRevenue": "84046000",
            "sentiment": -0.055478499442149325,
            "surprise": "0.04",
            "closePrice": "27.43"
        },
        {
            "fiscalDateEnding": "2022-01-31",
            "totalCurrentAssets": "645084000",
            "cashAndShortTermInvestments": "736927000",
            "totalCurrentLiabilities": "226990000",
            "currentDebt": "None",
            "netIncome": "-28895000",
            "capitalExpenditures": "2733000",
            "operatingCashflow": "1345000",
            "grossProfit": "64581000",
            "totalRevenue": "76056000",
            "sentiment": 0,
            "surprise": "0.02",
            "closePrice": "26.85"
        },
        {
            "fiscalDateEnding": "2021-10-31",
            "totalCurrentAssets": "626156000",
            "cashAndShortTermInvestments": "730828000",
            "totalCurrentLiabilities": "195891000",
            "currentDebt": "None",
            "netIncome": "-26341000",
            "capitalExpenditures": "869000",
            "operatingCashflow": "2650000",
            "grossProfit": "59721000",
            "totalRevenue": "70410000",
            "sentiment": 0,
            "surprise": "0.02",
            "closePrice": "33.49"
        },
        {
            "fiscalDateEnding": "2021-07-31",
            "totalCurrentAssets": "623782000",
            "cashAndShortTermInvestments": "739117000",
            "totalCurrentLiabilities": "179206000",
            "currentDebt": "None",
            "netIncome": "-29661000",
            "capitalExpenditures": "1279000",
            "operatingCashflow": "-11595000",
            "grossProfit": "55560000",
            "totalRevenue": "66158000",
            "sentiment": 0,
            "surprise": "0.02",
            "closePrice": "44.3"
        },
        {
            "fiscalDateEnding": "2021-04-30",
            "totalCurrentAssets": "619694000",
            "cashAndShortTermInvestments": "787897000",
            "totalCurrentLiabilities": "165262000",
            "currentDebt": "None",
            "netIncome": "-22558000",
            "capitalExpenditures": "1929000",
            "operatingCashflow": "1579000",
            "grossProfit": "53173000",
            "totalRevenue": "62274000",
            "sentiment": 0,
            "surprise": "0.01",
            "closePrice": "40.63"
        },
        {
            "fiscalDateEnding": "2021-01-31",
            "totalCurrentAssets": "638314000",
            "cashAndShortTermInvestments": "781390000",
            "totalCurrentLiabilities": "172694000",
            "currentDebt": "None",
            "netIncome": "-22148000",
            "capitalExpenditures": "1118000",
            "operatingCashflow": "3389000",
            "grossProfit": "49883000",
            "totalRevenue": "55060000",
            "sentiment": 0,
            "surprise": "0.04",
            "closePrice": "40.85"
        },
        {
            "fiscalDateEnding": "2020-10-31",
            "totalCurrentAssets": "620893000",
            "cashAndShortTermInvestments": "775859000",
            "totalCurrentLiabilities": "150814000",
            "currentDebt": "None",
            "netIncome": "-20608000",
            "capitalExpenditures": "327000",
            "operatingCashflow": "4844000",
            "grossProfit": "46087000",
            "totalRevenue": "49639000",
            "sentiment": 0,
            "surprise": "0.01",
            "closePrice": "32.36"
        },
        {
            "fiscalDateEnding": "2020-07-31",
            "totalCurrentAssets": "661275000",
            "cashAndShortTermInvestments": "826502000",
            "totalCurrentLiabilities": "129771000",
            "currentDebt": "None",
            "netIncome": "-14688000",
            "capitalExpenditures": "690000",
            "operatingCashflow": "2047000",
            "grossProfit": "44077000",
            "totalRevenue": "49106000",
            "sentiment": 0,
            "surprise": "0.03",
            "closePrice": "34.99"
        },
        {
            "fiscalDateEnding": "2020-04-30",
            "totalCurrentAssets": "407312000",
            "cashAndShortTermInvestments": "562159000",
            "totalCurrentLiabilities": "122191000",
            "currentDebt": "None",
            "netIncome": "-11459000",
            "capitalExpenditures": "2713000",
            "operatingCashflow": "-185000",
            "grossProfit": "42823000",
            "totalRevenue": "51139000",
            "sentiment": 0,
            "surprise": "0.05",
            "closePrice": "26.92"
        },
        {
            "fiscalDateEnding": "2020-01-31",
            "totalCurrentAssets": "404991000",
            "cashAndShortTermInvestments": "578774000",
            "totalCurrentLiabilities": "115032000",
            "currentDebt": "None",
            "netIncome": "-10440000",
            "capitalExpenditures": "1984000",
            "operatingCashflow": "1802000",
            "grossProfit": "39573000",
            "totalRevenue": "42043000",
            "sentiment": 0,
            "surprise": "0.03",
            "closePrice": "14.92"
        },
        {
            "fiscalDateEnding": "2019-10-31",
            "totalCurrentAssets": "393532000",
            "cashAndShortTermInvestments": "346091000",
            "totalCurrentLiabilities": "106332000",
            "currentDebt": "None",
            "netIncome": "-15265000",
            "capitalExpenditures": "1171000",
            "operatingCashflow": "3432000",
            "grossProfit": "36116000",
            "totalRevenue": "44377000",
            "sentiment": 0,
            "surprise": "-0.01",
            "closePrice": "24.99"
        },
        {
            "fiscalDateEnding": "2019-07-31",
            "totalCurrentAssets": "393693000",
            "cashAndShortTermInvestments": "341121000",
            "totalCurrentLiabilities": "100500000",
            "currentDebt": "None",
            "netIncome": "-12570000",
            "capitalExpenditures": "829000",
            "operatingCashflow": "2159000",
            "grossProfit": "34255000",
            "totalRevenue": "42328000",
            "sentiment": 0,
            "surprise": "0.03",
            "closePrice": "36.6"
        },
        {
            "fiscalDateEnding": "2019-04-30",
            "totalCurrentAssets": "383560000",
            "cashAndShortTermInvestments": "338038000",
            "totalCurrentLiabilities": "88756000",
            "currentDebt": "None",
            "netIncome": "-12064000",
            "capitalExpenditures": "1190000",
            "operatingCashflow": "-7566000",
            "grossProfit": "31828000",
            "totalRevenue": "38203000",
            "sentiment": 0,
            "surprise": "0.02",
            "closePrice": "47.56"
        }
    ]
}