{
    "PDFS": [
        {
            "fiscalDateEnding": "2023-12-31",
            "totalCurrentAssets": "197848000",
            "cashAndShortTermInvestments": "135522000",
            "totalCurrentLiabilities": "50843000",
            "currentDebt": "None",
            "netIncome": "887000",
            "capitalExpenditures": "2662000",
            "operatingCashflow": "2029000",
            "grossProfit": "27931000",
            "totalRevenue": "41125000",
            "sentiment": 0.3101116301827007,
            "surprise": "0",
            "closePrice": "34.96"
        },
        {
            "fiscalDateEnding": "2023-09-30",
            "totalCurrentAssets": "194324000",
            "cashAndShortTermInvestments": "135364000",
            "totalCurrentLiabilities": "49918000",
            "currentDebt": "None",
            "netIncome": "-4972000",
            "capitalExpenditures": "3030000",
            "operatingCashflow": "19186000",
            "grossProfit": "28068000",
            "totalRevenue": "42350000",
            "sentiment": 0.38693523691482684,
            "surprise": "0.05",
            "closePrice": "28.7"
        },
        {
            "fiscalDateEnding": "2023-06-30",
            "totalCurrentAssets": "204353000",
            "cashAndShortTermInvestments": "124038000",
            "totalCurrentLiabilities": "52077000",
            "currentDebt": "None",
            "netIncome": "6835000",
            "capitalExpenditures": "2792000",
            "operatingCashflow": "-5633000",
            "grossProfit": "29232000",
            "totalRevenue": "41601000",
            "sentiment": 0.19693912602592809,
            "surprise": "0.04",
            "closePrice": "41.76"
        },
        {
            "fiscalDateEnding": "2023-03-31",
            "totalCurrentAssets": "193141000",
            "cashAndShortTermInvestments": "133528000",
            "totalCurrentLiabilities": "54262000",
            "currentDebt": "None",
            "netIncome": "355000",
            "capitalExpenditures": "2902000",
            "operatingCashflow": "-982000",
            "grossProfit": "28855000",
            "totalRevenue": "40759000",
            "sentiment": 0.306793616720878,
            "surprise": "0.05",
            "closePrice": "37.98"
        },
        {
            "fiscalDateEnding": "2022-12-31",
            "totalCurrentAssets": "193408000",
            "cashAndShortTermInvestments": "139181000",
            "totalCurrentLiabilities": "58200000",
            "currentDebt": "None",
            "netIncome": "483000",
            "capitalExpenditures": "1758000",
            "operatingCashflow": "24275000",
            "grossProfit": "28732000",
            "totalRevenue": "40523000",
            "sentiment": 0.3905591091369548,
            "surprise": "0.08",
            "closePrice": "34.02"
        },
        {
            "fiscalDateEnding": "2022-09-30",
            "totalCurrentAssets": "180529000",
            "cashAndShortTermInvestments": "116085000",
            "totalCurrentLiabilities": "52402000",
            "currentDebt": "None",
            "netIncome": "1385000",
            "capitalExpenditures": "2347000",
            "operatingCashflow": "1403000",
            "grossProfit": "27315000",
            "totalRevenue": "39860000",
            "sentiment": 0.2849694279479674,
            "surprise": "0.11",
            "closePrice": "25.09"
        },
        {
            "fiscalDateEnding": "2022-06-30",
            "totalCurrentAssets": "163775000",
            "cashAndShortTermInvestments": "117250000",
            "totalCurrentLiabilities": "41794000",
            "currentDebt": "None",
            "netIncome": "-1147000",
            "capitalExpenditures": "2689000",
            "operatingCashflow": "3624000",
            "grossProfit": "22626000",
            "totalRevenue": "34668000",
            "sentiment": 0.06720072584529843,
            "surprise": "0.04",
            "closePrice": "27.38"
        },
        {
            "fiscalDateEnding": "2022-03-31",
            "totalCurrentAssets": "180852000",
            "cashAndShortTermInvestments": "134242000",
            "totalCurrentLiabilities": "42569000",
            "currentDebt": "None",
            "netIncome": "-4150000",
            "capitalExpenditures": "1765000",
            "operatingCashflow": "2996000",
            "grossProfit": "21969000",
            "totalRevenue": "33498000",
            "sentiment": 0.11506821335741707,
            "surprise": "0.03",
            "closePrice": "22.89"
        },
        {
            "fiscalDateEnding": "2021-12-31",
            "totalCurrentAssets": "188507000",
            "cashAndShortTermInvestments": "140226000",
            "totalCurrentLiabilities": "43826000",
            "currentDebt": "None",
            "netIncome": "-7000000",
            "capitalExpenditures": "959000",
            "operatingCashflow": "416000",
            "grossProfit": "18211000",
            "totalRevenue": "29886000",
            "sentiment": 0,
            "surprise": "0.04",
            "closePrice": "30.47"
        },
        {
            "fiscalDateEnding": "2021-09-30",
            "totalCurrentAssets": "185209000",
            "cashAndShortTermInvestments": "141230000",
            "totalCurrentLiabilities": "41139000",
            "currentDebt": "None",
            "netIncome": "-2407000",
            "capitalExpenditures": "1592000",
            "operatingCashflow": "4022000",
            "grossProfit": "18485000",
            "totalRevenue": "29555000",
            "sentiment": 0,
            "surprise": "0.035",
            "closePrice": "25.26"
        },
        {
            "fiscalDateEnding": "2021-06-30",
            "totalCurrentAssets": "182037000",
            "cashAndShortTermInvestments": "139194000",
            "totalCurrentLiabilities": "40170000",
            "currentDebt": "None",
            "netIncome": "-4484000",
            "capitalExpenditures": "535000",
            "operatingCashflow": "8130000",
            "grossProfit": "16634000",
            "totalRevenue": "27419000",
            "sentiment": 0,
            "surprise": "0",
            "closePrice": "18.56"
        },
        {
            "fiscalDateEnding": "2021-03-31",
            "totalCurrentAssets": "178446000",
            "cashAndShortTermInvestments": "132286000",
            "totalCurrentLiabilities": "35101000",
            "currentDebt": "None",
            "netIncome": "-7597000",
            "capitalExpenditures": "586000",
            "operatingCashflow": "-8325000",
            "grossProfit": "13532000",
            "totalRevenue": "24195000",
            "sentiment": 0,
            "surprise": "-0.02",
            "closePrice": "18.67"
        },
        {
            "fiscalDateEnding": "2020-12-31",
            "totalCurrentAssets": "193380000",
            "cashAndShortTermInvestments": "145296000",
            "totalCurrentLiabilities": "42205000",
            "currentDebt": "None",
            "netIncome": "-33449000",
            "capitalExpenditures": "1219000",
            "operatingCashflow": "10907000",
            "grossProfit": "12528000",
            "totalRevenue": "22367000",
            "sentiment": 0,
            "surprise": "-0.07",
            "closePrice": "21.27"
        },
        {
            "fiscalDateEnding": "2020-09-30",
            "totalCurrentAssets": "218067000",
            "cashAndShortTermInvestments": "168369000",
            "totalCurrentLiabilities": "32876000",
            "currentDebt": "None",
            "netIncome": "-2734000",
            "capitalExpenditures": "846000",
            "operatingCashflow": "246000",
            "grossProfit": "13619000",
            "totalRevenue": "23112000",
            "sentiment": 0,
            "surprise": "-0.1171",
            "closePrice": "21.18"
        },
        {
            "fiscalDateEnding": "2020-06-30",
            "totalCurrentAssets": "140734000",
            "cashAndShortTermInvestments": "103441000",
            "totalCurrentLiabilities": "21880000",
            "currentDebt": "None",
            "netIncome": "-3652000",
            "capitalExpenditures": "1872000",
            "operatingCashflow": "5250000",
            "grossProfit": "12463000",
            "totalRevenue": "21409000",
            "sentiment": 0,
            "surprise": "-0.02",
            "closePrice": "26.18"
        },
        {
            "fiscalDateEnding": "2020-03-31",
            "totalCurrentAssets": "149376000",
            "cashAndShortTermInvestments": "100385000",
            "totalCurrentLiabilities": "27064000",
            "currentDebt": "None",
            "netIncome": "-528000",
            "capitalExpenditures": "2068000",
            "operatingCashflow": "5380000",
            "grossProfit": "12671000",
            "totalRevenue": "21158000",
            "sentiment": 0,
            "surprise": "-0.0461",
            "closePrice": "15.33"
        },
        {
            "fiscalDateEnding": "2019-12-31",
            "totalCurrentAssets": "147576000",
            "cashAndShortTermInvestments": "97605000",
            "totalCurrentLiabilities": "27996000",
            "currentDebt": "1867000",
            "netIncome": "-1330000",
            "capitalExpenditures": "3661000",
            "operatingCashflow": "1579000",
            "grossProfit": "13503000",
            "totalRevenue": "22562000",
            "sentiment": 0,
            "surprise": "-0.02",
            "closePrice": "17.65"
        },
        {
            "fiscalDateEnding": "2019-09-30",
            "totalCurrentAssets": "142841000",
            "cashAndShortTermInvestments": "100259000",
            "totalCurrentLiabilities": "20625000",
            "currentDebt": "1826000",
            "netIncome": "-687000",
            "capitalExpenditures": "2837000",
            "operatingCashflow": "18045000",
            "grossProfit": "13199000",
            "totalRevenue": "21914000",
            "sentiment": 0,
            "surprise": "0",
            "closePrice": "16.16"
        },
        {
            "fiscalDateEnding": "2019-06-30",
            "totalCurrentAssets": "148041000",
            "cashAndShortTermInvestments": "86817000",
            "totalCurrentLiabilities": "21364000",
            "currentDebt": "1875000",
            "netIncome": "-710000",
            "capitalExpenditures": "1697000",
            "operatingCashflow": "5117000",
            "grossProfit": "12736000",
            "totalRevenue": "20568000",
            "sentiment": 0,
            "surprise": "-0.02",
            "closePrice": "13.41"
        },
        {
            "fiscalDateEnding": "2019-03-31",
            "totalCurrentAssets": "153488000",
            "cashAndShortTermInvestments": "90415000",
            "totalCurrentLiabilities": "22242000",
            "currentDebt": "1914000",
            "netIncome": "-2691000",
            "capitalExpenditures": "2357000",
            "operatingCashflow": "-151000",
            "grossProfit": "12674000",
            "totalRevenue": "20541000",
            "sentiment": 0,
            "surprise": "0.02",
            "closePrice": "13.09"
        },
        {
            "fiscalDateEnding": "2018-12-31",
            "totalCurrentAssets": "157221000",
            "cashAndShortTermInvestments": "96089000",
            "totalCurrentLiabilities": "19528000",
            "currentDebt": "None",
            "netIncome": "-3114000",
            "capitalExpenditures": "4369000",
            "operatingCashflow": "4295000",
            "grossProfit": "10004000",
            "totalRevenue": "19725000",
            "sentiment": 0,
            "surprise": "0.01",
            "closePrice": "10.71"
        },
        {
            "fiscalDateEnding": "2018-09-30",
            "totalCurrentAssets": "160422000",
            "cashAndShortTermInvestments": "96788000",
            "totalCurrentLiabilities": "20670000",
            "currentDebt": "None",
            "netIncome": "-2082000",
            "capitalExpenditures": "3937000",
            "operatingCashflow": "-676000",
            "grossProfit": "9530000",
            "totalRevenue": "20213000",
            "sentiment": 0,
            "surprise": "-0.02",
            "closePrice": "8.44"
        },
        {
            "fiscalDateEnding": "2018-06-30",
            "totalCurrentAssets": "163495000",
            "cashAndShortTermInvestments": "100916000",
            "totalCurrentLiabilities": "19802000",
            "currentDebt": "None",
            "netIncome": "-2096000",
            "capitalExpenditures": "2363000",
            "operatingCashflow": "6467000",
            "grossProfit": "10202000",
            "totalRevenue": "21119000",
            "sentiment": 0,
            "surprise": "-0.04",
            "closePrice": "11.03"
        },
        {
            "fiscalDateEnding": "2018-03-31",
            "totalCurrentAssets": "166612000",
            "cashAndShortTermInvestments": "98522000",
            "totalCurrentLiabilities": "18535000",
            "currentDebt": "None",
            "netIncome": "-424000",
            "capitalExpenditures": "2447000",
            "operatingCashflow": "3252000",
            "grossProfit": "13255000",
            "totalRevenue": "24737000",
            "sentiment": 0,
            "surprise": "-0.03",
            "closePrice": "12.16"
        },
        {
            "fiscalDateEnding": "2017-12-31",
            "totalCurrentAssets": "163900000",
            "cashAndShortTermInvestments": "101267000",
            "totalCurrentLiabilities": "19637000",
            "currentDebt": "None",
            "netIncome": "-2634000",
            "capitalExpenditures": "3313000",
            "operatingCashflow": "4284000",
            "grossProfit": "14495000",
            "totalRevenue": "26776000",
            "sentiment": 0,
            "surprise": "0.02",
            "closePrice": "13.61"
        },
        {
            "fiscalDateEnding": "2017-09-30",
            "totalCurrentAssets": "160284000",
            "cashAndShortTermInvestments": "100750000",
            "totalCurrentLiabilities": "18407000",
            "currentDebt": "None",
            "netIncome": "590000",
            "capitalExpenditures": "1978000",
            "operatingCashflow": "5280000",
            "grossProfit": "14086000",
            "totalRevenue": "26517000",
            "sentiment": 0,
            "surprise": "-0.01",
            "closePrice": "15.76"
        },
        {
            "fiscalDateEnding": "2017-06-30",
            "totalCurrentAssets": "171849000",
            "cashAndShortTermInvestments": "109007000",
            "totalCurrentLiabilities": "19530000",
            "currentDebt": "None",
            "netIncome": "189000",
            "capitalExpenditures": "2651000",
            "operatingCashflow": "1397000",
            "grossProfit": "12910000",
            "totalRevenue": "24289000",
            "sentiment": 0,
            "surprise": "-0.05",
            "closePrice": "18.67"
        },
        {
            "fiscalDateEnding": "2017-03-31",
            "totalCurrentAssets": "171755000",
            "cashAndShortTermInvestments": "114926000",
            "totalCurrentLiabilities": "19314000",
            "currentDebt": "None",
            "netIncome": "517000",
            "capitalExpenditures": "2313000",
            "operatingCashflow": "-416000",
            "grossProfit": "12858000",
            "totalRevenue": "24289000",
            "sentiment": 0,
            "surprise": "-0.06",
            "closePrice": "23.14"
        },
        {
            "fiscalDateEnding": "2016-12-31",
            "totalCurrentAssets": "170279000",
            "cashAndShortTermInvestments": "116787000",
            "totalCurrentLiabilities": "18522000",
            "currentDebt": "None",
            "netIncome": "2925000",
            "capitalExpenditures": "2422000",
            "operatingCashflow": "171000",
            "grossProfit": "16297000",
            "totalRevenue": "28433000",
            "sentiment": 0,
            "surprise": "0",
            "closePrice": "22.54"
        },
        {
            "fiscalDateEnding": "2016-09-30",
            "totalCurrentAssets": "167720000",
            "cashAndShortTermInvestments": "118534000",
            "totalCurrentLiabilities": "17686000",
            "currentDebt": "None",
            "netIncome": "1984000",
            "capitalExpenditures": "3809000",
            "operatingCashflow": "-231000",
            "grossProfit": "15807000",
            "totalRevenue": "27259000",
            "sentiment": 0,
            "surprise": "0",
            "closePrice": "19.25"
        },
        {
            "fiscalDateEnding": "2016-06-30",
            "totalCurrentAssets": "161736000",
            "cashAndShortTermInvestments": "122222000",
            "totalCurrentLiabilities": "16595000",
            "currentDebt": "None",
            "netIncome": "2133000",
            "capitalExpenditures": "3271000",
            "operatingCashflow": "2214000",
            "grossProfit": "16034000",
            "totalRevenue": "26688000",
            "sentiment": 0,
            "surprise": "-0.01",
            "closePrice": "16.03"
        },
        {
            "fiscalDateEnding": "2016-03-31",
            "totalCurrentAssets": "162200000",
            "cashAndShortTermInvestments": "129398000",
            "totalCurrentLiabilities": "14630000",
            "currentDebt": "None",
            "netIncome": "2061000",
            "capitalExpenditures": "1780000",
            "operatingCashflow": "7412000",
            "grossProfit": "14875000",
            "totalRevenue": "25081000",
            "sentiment": 0,
            "surprise": "0",
            "closePrice": "13.41"
        },
        {
            "fiscalDateEnding": "2015-12-31",
            "totalCurrentAssets": "163251000",
            "cashAndShortTermInvestments": "126158000",
            "totalCurrentLiabilities": "14456000",
            "currentDebt": "None",
            "netIncome": "2797000",
            "capitalExpenditures": "1152000",
            "operatingCashflow": "8263000",
            "grossProfit": "13992000",
            "totalRevenue": "24072000",
            "sentiment": 0,
            "surprise": "0.04",
            "closePrice": "9.0"
        },
        {
            "fiscalDateEnding": "2015-09-30",
            "totalCurrentAssets": "165341000",
            "cashAndShortTermInvestments": "126259000",
            "totalCurrentLiabilities": "13811000",
            "currentDebt": "None",
            "netIncome": "1494000",
            "capitalExpenditures": "1644000",
            "operatingCashflow": "5280000",
            "grossProfit": "13626000",
            "totalRevenue": "23878000",
            "sentiment": 0,
            "surprise": "-0.01",
            "closePrice": "10.68"
        },
        {
            "fiscalDateEnding": "2015-06-30",
            "totalCurrentAssets": "170642000",
            "cashAndShortTermInvestments": "131699000",
            "totalCurrentLiabilities": "14142000",
            "currentDebt": "None",
            "netIncome": "2149000",
            "capitalExpenditures": "1243000",
            "operatingCashflow": "1174000",
            "grossProfit": "13322000",
            "totalRevenue": "23210000",
            "sentiment": 0,
            "surprise": "0",
            "closePrice": "13.02"
        },
        {
            "fiscalDateEnding": "2015-03-31",
            "totalCurrentAssets": "167291000",
            "cashAndShortTermInvestments": "131880000",
            "totalCurrentLiabilities": "12076000",
            "currentDebt": "None",
            "netIncome": "5967000",
            "capitalExpenditures": "1145000",
            "operatingCashflow": "15619000",
            "grossProfit": "18013000",
            "totalRevenue": "26817000",
            "sentiment": 0,
            "surprise": "-0.06",
            "closePrice": "18.07"
        },
        {
            "fiscalDateEnding": "2014-12-31",
            "totalCurrentAssets": "159420000",
            "cashAndShortTermInvestments": "115464000",
            "totalCurrentLiabilities": "12388000",
            "currentDebt": "None",
            "netIncome": "5750000",
            "capitalExpenditures": "684000",
            "operatingCashflow": "-729000",
            "grossProfit": "16513000",
            "totalRevenue": "26061000",
            "sentiment": 0,
            "surprise": "0.05",
            "closePrice": "17.39"
        },
        {
            "fiscalDateEnding": "2014-09-30",
            "totalCurrentAssets": "150400000",
            "cashAndShortTermInvestments": "116121000",
            "totalCurrentLiabilities": "10374000",
            "currentDebt": "None",
            "netIncome": "1761000",
            "capitalExpenditures": "1328000",
            "operatingCashflow": "9464000",
            "grossProfit": "10792000",
            "totalRevenue": "22406000",
            "sentiment": 0,
            "surprise": "0.06",
            "closePrice": "11.88"
        },
        {
            "fiscalDateEnding": "2014-06-30",
            "totalCurrentAssets": "147116000",
            "cashAndShortTermInvestments": "106909000",
            "totalCurrentLiabilities": "12195000",
            "currentDebt": "None",
            "netIncome": "4696000",
            "capitalExpenditures": "1017000",
            "operatingCashflow": "6265000",
            "grossProfit": "15763000",
            "totalRevenue": "24610000",
            "sentiment": 0,
            "surprise": "-0.04",
            "closePrice": "20.3"
        },
        {
            "fiscalDateEnding": "2014-03-31",
            "totalCurrentAssets": "141804000",
            "cashAndShortTermInvestments": "100994000",
            "totalCurrentLiabilities": "15048000",
            "currentDebt": "None",
            "netIncome": "6255000",
            "capitalExpenditures": "929000",
            "operatingCashflow": "12089000",
            "grossProfit": "17381000",
            "totalRevenue": "27086000",
            "sentiment": 0,
            "surprise": "0.01",
            "closePrice": "18.82"
        },
        {
            "fiscalDateEnding": "2013-12-31",
            "totalCurrentAssets": "133783000",
            "cashAndShortTermInvestments": "89371000",
            "totalCurrentLiabilities": "12868000",
            "currentDebt": "None",
            "netIncome": "6822000",
            "capitalExpenditures": "1256000",
            "operatingCashflow": "4476000",
            "grossProfit": "17513000",
            "totalRevenue": "27078000",
            "sentiment": 0,
            "surprise": "0.03",
            "closePrice": "21.9"
        },
        {
            "fiscalDateEnding": "2013-09-30",
            "totalCurrentAssets": "121913000",
            "cashAndShortTermInvestments": "85233000",
            "totalCurrentLiabilities": "11543000",
            "currentDebt": "None",
            "netIncome": "4824000",
            "capitalExpenditures": "835000",
            "operatingCashflow": "6583000",
            "grossProfit": "14982000",
            "totalRevenue": "25489000",
            "sentiment": 0,
            "surprise": "0",
            "closePrice": "22.276"
        },
        {
            "fiscalDateEnding": "2013-06-30",
            "totalCurrentAssets": "113832000",
            "cashAndShortTermInvestments": "76767000",
            "totalCurrentLiabilities": "13377000",
            "currentDebt": "None",
            "netIncome": "4552000",
            "capitalExpenditures": "1326000",
            "operatingCashflow": "13954000",
            "grossProfit": "15035000",
            "totalRevenue": "24776000",
            "sentiment": 0,
            "surprise": "0.01",
            "closePrice": "20.15"
        },
        {
            "fiscalDateEnding": "2013-03-31",
            "totalCurrentAssets": "108000000",
            "cashAndShortTermInvestments": "63183000",
            "totalCurrentLiabilities": "13662000",
            "currentDebt": "None",
            "netIncome": "4731000",
            "capitalExpenditures": "1211000",
            "operatingCashflow": "350000",
            "grossProfit": "14453000",
            "totalRevenue": "24110000",
            "sentiment": 0,
            "surprise": "-0.02",
            "closePrice": "15.62"
        },
        {
            "fiscalDateEnding": "2012-12-31",
            "totalCurrentAssets": "102598000",
            "cashAndShortTermInvestments": "61637000",
            "totalCurrentLiabilities": "19698000",
            "currentDebt": "None",
            "netIncome": "23899000",
            "capitalExpenditures": "268000",
            "operatingCashflow": "10112000",
            "grossProfit": "14409000",
            "totalRevenue": "23815000",
            "sentiment": 0,
            "surprise": "0.02",
            "closePrice": "15.87"
        },
        {
            "fiscalDateEnding": "2012-09-30",
            "totalCurrentAssets": "88879000",
            "cashAndShortTermInvestments": "51432000",
            "totalCurrentLiabilities": "14999000",
            "currentDebt": "None",
            "netIncome": "4993000",
            "capitalExpenditures": "1427000",
            "operatingCashflow": "-812000",
            "grossProfit": "13094000",
            "totalRevenue": "22551000",
            "sentiment": 0,
            "surprise": "0.01",
            "closePrice": "13.5"
        },
        {
            "fiscalDateEnding": "2012-06-30",
            "totalCurrentAssets": "80736000",
            "cashAndShortTermInvestments": "50960000",
            "totalCurrentLiabilities": "14787000",
            "currentDebt": "None",
            "netIncome": "4820000",
            "capitalExpenditures": "512000",
            "operatingCashflow": "6869000",
            "grossProfit": "13625000",
            "totalRevenue": "22531000",
            "sentiment": 0,
            "surprise": "0.05",
            "closePrice": "10.19"
        },
        {
            "fiscalDateEnding": "2012-03-31",
            "totalCurrentAssets": "75888000",
            "cashAndShortTermInvestments": "45531000",
            "totalCurrentLiabilities": "14832000",
            "currentDebt": "None",
            "netIncome": "3499000",
            "capitalExpenditures": "127000",
            "operatingCashflow": "-1413000",
            "grossProfit": "11915000",
            "totalRevenue": "20643000",
            "sentiment": 0,
            "surprise": "0.04",
            "closePrice": "8.7"
        },
        {
            "fiscalDateEnding": "2011-12-31",
            "totalCurrentAssets": "70621000",
            "cashAndShortTermInvestments": "46041000",
            "totalCurrentLiabilities": "13385000",
            "currentDebt": "None",
            "netIncome": "2113000",
            "capitalExpenditures": "52000",
            "operatingCashflow": "2187000",
            "grossProfit": "9372000",
            "totalRevenue": "17596000",
            "sentiment": 0,
            "surprise": "0.03",
            "closePrice": "6.83"
        },
        {
            "fiscalDateEnding": "2011-09-30",
            "totalCurrentAssets": "69362000",
            "cashAndShortTermInvestments": "44187000",
            "totalCurrentLiabilities": "13653000",
            "currentDebt": "28000",
            "netIncome": "626000",
            "capitalExpenditures": "115000",
            "operatingCashflow": "2086000",
            "grossProfit": "9133000",
            "totalRevenue": "16939000",
            "sentiment": 0,
            "surprise": "0",
            "closePrice": "5.43"
        },
        {
            "fiscalDateEnding": "2011-06-30",
            "totalCurrentAssets": "67757000",
            "cashAndShortTermInvestments": "41712000",
            "totalCurrentLiabilities": "13863000",
            "currentDebt": "59000",
            "netIncome": "-101000",
            "capitalExpenditures": "196000",
            "operatingCashflow": "3395000",
            "grossProfit": "9741000",
            "totalRevenue": "17160000",
            "sentiment": 0,
            "surprise": "-0.05",
            "closePrice": "5.72"
        }
    ]
}