{
    "PEGA": [
        {
            "fiscalDateEnding": "2023-12-31",
            "totalCurrentAssets": "1029027000",
            "cashAndShortTermInvestments": "423338000",
            "totalCurrentLiabilities": "577059000",
            "currentDebt": "None",
            "netIncome": "142665000",
            "capitalExpenditures": "2510000",
            "operatingCashflow": "79865000",
            "grossProfit": "383587000",
            "totalRevenue": "470371000",
            "sentiment": 0.2433739480300531,
            "surprise": "0.77",
            "closePrice": "68.7680841193753"
        },
        {
            "fiscalDateEnding": "2023-09-30",
            "totalCurrentAssets": "776490000",
            "cashAndShortTermInvestments": "336309000",
            "totalCurrentLiabilities": "472781000",
            "currentDebt": "None",
            "netIncome": "-7279000",
            "capitalExpenditures": "338000",
            "operatingCashflow": "24168000",
            "grossProfit": "240880000",
            "totalRevenue": "332810000",
            "sentiment": 0.2999928019960997,
            "surprise": "0.43",
            "closePrice": "38.0689467122651"
        },
        {
            "fiscalDateEnding": "2023-06-30",
            "totalCurrentAssets": "737511000",
            "cashAndShortTermInvestments": "312813000",
            "totalCurrentLiabilities": "461112000",
            "currentDebt": "None",
            "netIncome": "-46804000",
            "capitalExpenditures": "2446000",
            "operatingCashflow": "45645000",
            "grossProfit": "202128000",
            "totalRevenue": "296939000",
            "sentiment": 0.1894247655014327,
            "surprise": "-0.02",
            "closePrice": "55.0325800434781"
        },
        {
            "fiscalDateEnding": "2023-03-31",
            "totalCurrentAssets": "795728000",
            "cashAndShortTermInvestments": "323882000",
            "totalCurrentLiabilities": "474964000",
            "currentDebt": "None",
            "netIncome": "-20774000",
            "capitalExpenditures": "11487000",
            "operatingCashflow": "68107000",
            "grossProfit": "227538000",
            "totalRevenue": "326885000",
            "sentiment": 0.18825111501266265,
            "surprise": "-0.14",
            "closePrice": "43.5762962671489"
        },
        {
            "fiscalDateEnding": "2022-12-31",
            "totalCurrentAssets": "846478000",
            "cashAndShortTermInvestments": "297221000",
            "totalCurrentLiabilities": "538940000",
            "currentDebt": "None",
            "netIncome": "34613000",
            "capitalExpenditures": "13094000",
            "operatingCashflow": "35782000",
            "grossProfit": "304197000",
            "totalRevenue": "389704000",
            "sentiment": 0.07623521741425382,
            "surprise": "0.71",
            "closePrice": "42.6221291650486"
        },
        {
            "fiscalDateEnding": "2022-09-30",
            "totalCurrentAssets": "660241000",
            "cashAndShortTermInvestments": "275711000",
            "totalCurrentLiabilities": "413972000",
            "currentDebt": "None",
            "netIncome": "-93520000",
            "capitalExpenditures": "10422000",
            "operatingCashflow": "-8377000",
            "grossProfit": "177681000",
            "totalRevenue": "265689000",
            "sentiment": -0.03494255777101166,
            "surprise": "-0.05",
            "closePrice": "33.1115635176443"
        },
        {
            "fiscalDateEnding": "2022-06-30",
            "totalCurrentAssets": "740207000",
            "cashAndShortTermInvestments": "296888000",
            "totalCurrentLiabilities": "435451000",
            "currentDebt": "None",
            "netIncome": "-286296000",
            "capitalExpenditures": "5206000",
            "operatingCashflow": "-20185000",
            "grossProfit": "179222000",
            "totalRevenue": "255161000",
            "sentiment": -0.18032214165162877,
            "surprise": "-0.46",
            "closePrice": "47.3220996971045"
        },
        {
            "fiscalDateEnding": "2022-03-31",
            "totalCurrentAssets": "803813000",
            "cashAndShortTermInvestments": "332172000",
            "totalCurrentLiabilities": "435015000",
            "currentDebt": "None",
            "netIncome": "-379000",
            "capitalExpenditures": "6657000",
            "operatingCashflow": "15116000",
            "grossProfit": "288110000",
            "totalRevenue": "346677000",
            "sentiment": 0.13477150873072116,
            "surprise": "0.33",
            "closePrice": "71.2718500529933"
        },
        {
            "fiscalDateEnding": "2021-12-31",
            "totalCurrentAssets": "840218000",
            "cashAndShortTermInvestments": "362779000",
            "totalCurrentLiabilities": "485404000",
            "currentDebt": "None",
            "netIncome": "-37246000",
            "capitalExpenditures": "3367000",
            "operatingCashflow": "44439000",
            "grossProfit": "231021000",
            "totalRevenue": "296409000",
            "sentiment": 0,
            "surprise": "-0.08",
            "closePrice": "96.9557127181641"
        },
        {
            "fiscalDateEnding": "2021-09-30",
            "totalCurrentAssets": "828886000",
            "cashAndShortTermInvestments": "351848000",
            "totalCurrentLiabilities": "400426000",
            "currentDebt": "None",
            "netIncome": "-56468000",
            "capitalExpenditures": "2928000",
            "operatingCashflow": "-24731000",
            "grossProfit": "172046000",
            "totalRevenue": "240143000",
            "sentiment": 0,
            "surprise": "-0.13",
            "closePrice": "123.706638731578"
        },
        {
            "fiscalDateEnding": "2021-06-30",
            "totalCurrentAssets": "910229000",
            "cashAndShortTermInvestments": "411337000",
            "totalCurrentLiabilities": "430244000",
            "currentDebt": "None",
            "netIncome": "37291000",
            "capitalExpenditures": "2377000",
            "operatingCashflow": "-2240000",
            "grossProfit": "241171000",
            "totalRevenue": "349649000",
            "sentiment": 0,
            "surprise": "0.41",
            "closePrice": "136.029291831374"
        },
        {
            "fiscalDateEnding": "2021-03-31",
            "totalCurrentAssets": "922153000",
            "cashAndShortTermInvestments": "442358000",
            "totalCurrentLiabilities": "404450000",
            "currentDebt": "None",
            "netIncome": "-6617000",
            "capitalExpenditures": "1784000",
            "operatingCashflow": "21650000",
            "grossProfit": "231052000",
            "totalRevenue": "287404000",
            "sentiment": 0,
            "surprise": "0.17",
            "closePrice": "127.833423533457"
        },
        {
            "fiscalDateEnding": "2020-12-31",
            "totalCurrentAssets": "976910000",
            "cashAndShortTermInvestments": "465168000",
            "totalCurrentLiabilities": "460135000",
            "currentDebt": "None",
            "netIncome": "4006000",
            "capitalExpenditures": "3563000",
            "operatingCashflow": "25694000",
            "grossProfit": "221705000",
            "totalRevenue": "306075000",
            "sentiment": 0,
            "surprise": "-0.04",
            "closePrice": "140.781508436795"
        },
        {
            "fiscalDateEnding": "2020-09-30",
            "totalCurrentAssets": "904210000",
            "cashAndShortTermInvestments": "468028000",
            "totalCurrentLiabilities": "356322000",
            "currentDebt": "None",
            "netIncome": "-19267000",
            "capitalExpenditures": "2747000",
            "operatingCashflow": "-5058000",
            "grossProfit": "148152000",
            "totalRevenue": "243220000",
            "sentiment": 0,
            "surprise": "-0.26",
            "closePrice": "119.429484404269"
        },
        {
            "fiscalDateEnding": "2020-06-30",
            "totalCurrentAssets": "969939000",
            "cashAndShortTermInvestments": "512111000",
            "totalCurrentLiabilities": "356097000",
            "currentDebt": "None",
            "netIncome": "-20740000",
            "capitalExpenditures": "6563000",
            "operatingCashflow": "-2876000",
            "grossProfit": "150684000",
            "totalRevenue": "245521000",
            "sentiment": 0,
            "surprise": "-0.05",
            "closePrice": "103.60499389051"
        },
        {
            "fiscalDateEnding": "2020-03-31",
            "totalCurrentAssets": "984074000",
            "cashAndShortTermInvestments": "538142000",
            "totalCurrentLiabilities": "339491000",
            "currentDebt": "15385000",
            "netIncome": "-25372000",
            "capitalExpenditures": "12496000",
            "operatingCashflow": "-18323000",
            "grossProfit": "186063000",
            "totalRevenue": "238746000",
            "sentiment": 0,
            "surprise": "0.06",
            "closePrice": "82.0972069757586"
        },
        {
            "fiscalDateEnding": "2019-12-31",
            "totalCurrentAssets": "505610000",
            "cashAndShortTermInvestments": "68363000",
            "totalCurrentLiabilities": "377955000",
            "currentDebt": "15885000",
            "netIncome": "918000",
            "capitalExpenditures": "4169000",
            "operatingCashflow": "-28703000",
            "grossProfit": "198935000",
            "totalRevenue": "276542000",
            "sentiment": 0,
            "surprise": "-0.18",
            "closePrice": "90.0685142838674"
        },
        {
            "fiscalDateEnding": "2019-09-30",
            "totalCurrentAssets": "466131000",
            "cashAndShortTermInvestments": "112569000",
            "totalCurrentLiabilities": "320895000",
            "currentDebt": "None",
            "netIncome": "-30338000",
            "capitalExpenditures": "1557000",
            "operatingCashflow": "-21182000",
            "grossProfit": "135805000",
            "totalRevenue": "431436000",
            "sentiment": 0,
            "surprise": "-0.18",
            "closePrice": "75.7641368755525"
        },
        {
            "fiscalDateEnding": "2019-06-30",
            "totalCurrentAssets": "536858000",
            "cashAndShortTermInvestments": "155049000",
            "totalCurrentLiabilities": "311423000",
            "currentDebt": "None",
            "netIncome": "-32296000",
            "capitalExpenditures": "2092000",
            "operatingCashflow": "-14983000",
            "grossProfit": "128512000",
            "totalRevenue": "207697000",
            "sentiment": 0,
            "surprise": "-0.21",
            "closePrice": "68.4946973847658"
        },
        {
            "fiscalDateEnding": "2019-03-31",
            "totalCurrentAssets": "562734000",
            "cashAndShortTermInvestments": "202171000",
            "totalCurrentLiabilities": "302147000",
            "currentDebt": "None",
            "netIncome": "-28717000",
            "capitalExpenditures": "2790000",
            "operatingCashflow": "22703000",
            "grossProfit": "138109000",
            "totalRevenue": "208834000",
            "sentiment": 0,
            "surprise": "-0.24",
            "closePrice": "72.2507964484594"
        },
        {
            "fiscalDateEnding": "2018-12-31",
            "totalCurrentAssets": "610635000",
            "cashAndShortTermInvestments": "207423000",
            "totalCurrentLiabilities": "331809000",
            "currentDebt": "None",
            "netIncome": "16413000",
            "capitalExpenditures": "4019000",
            "operatingCashflow": "37268000",
            "grossProfit": "178446000",
            "totalRevenue": "256357000",
            "sentiment": 0,
            "surprise": "0.04",
            "closePrice": "58.8475286445045"
        },
        {
            "fiscalDateEnding": "2018-09-30",
            "totalCurrentAssets": "586138000",
            "cashAndShortTermInvestments": "205977000",
            "totalCurrentLiabilities": "282251000",
            "currentDebt": "None",
            "netIncome": "-7587000",
            "capitalExpenditures": "1354000",
            "operatingCashflow": "-8344000",
            "grossProfit": "128840000",
            "totalRevenue": "203263000",
            "sentiment": 0,
            "surprise": "-0.04",
            "closePrice": "54.9304996806035"
        },
        {
            "fiscalDateEnding": "2018-06-30",
            "totalCurrentAssets": "600185000",
            "cashAndShortTermInvestments": "243583000",
            "totalCurrentLiabilities": "271509000",
            "currentDebt": "None",
            "netIncome": "-10409000",
            "capitalExpenditures": "11893000",
            "operatingCashflow": "19777000",
            "grossProfit": "122962000",
            "totalRevenue": "196779000",
            "sentiment": 0,
            "surprise": "-0.3224",
            "closePrice": "57.4762758452216"
        },
        {
            "fiscalDateEnding": "2018-03-31",
            "totalCurrentAssets": "624167000",
            "cashAndShortTermInvestments": "254837000",
            "totalCurrentLiabilities": "280132000",
            "currentDebt": "None",
            "netIncome": "12200000",
            "capitalExpenditures": "11893000",
            "operatingCashflow": "55655000",
            "grossProfit": "159568000",
            "totalRevenue": "235182000",
            "sentiment": 0,
            "surprise": "-0.07",
            "closePrice": "62.4873171468522"
        },
        {
            "fiscalDateEnding": "2017-12-31",
            "totalCurrentAssets": "647702000",
            "cashAndShortTermInvestments": "223748000",
            "totalCurrentLiabilities": "294768000",
            "currentDebt": "None",
            "netIncome": "40595000",
            "capitalExpenditures": "4635000",
            "operatingCashflow": "44309000",
            "grossProfit": "180628000",
            "totalRevenue": "254605000",
            "sentiment": 0,
            "surprise": "0.12",
            "closePrice": "56.082310761863"
        },
        {
            "fiscalDateEnding": "2017-09-30",
            "totalCurrentAssets": "438084000",
            "cashAndShortTermInvestments": "194380000",
            "totalCurrentLiabilities": "267016000",
            "currentDebt": "None",
            "netIncome": "1288000",
            "capitalExpenditures": "4069000",
            "operatingCashflow": "28157000",
            "grossProfit": "121226000",
            "totalRevenue": "190957000",
            "sentiment": 0,
            "surprise": "-0.12",
            "closePrice": "54.4664802438368"
        },
        {
            "fiscalDateEnding": "2017-06-30",
            "totalCurrentAssets": "437646000",
            "cashAndShortTermInvestments": "180040000",
            "totalCurrentLiabilities": "265950000",
            "currentDebt": "None",
            "netIncome": "3702000",
            "capitalExpenditures": "2622000",
            "operatingCashflow": "20932000",
            "grossProfit": "118721000",
            "totalRevenue": "186596000",
            "sentiment": 0,
            "surprise": "-0.02",
            "closePrice": "57.5474930202758"
        },
        {
            "fiscalDateEnding": "2017-03-31",
            "totalCurrentAssets": "441575000",
            "cashAndShortTermInvestments": "147786000",
            "totalCurrentLiabilities": "279564000",
            "currentDebt": "None",
            "netIncome": "52963000",
            "capitalExpenditures": "2415000",
            "operatingCashflow": "60431000",
            "grossProfit": "188219000",
            "totalRevenue": "256309000",
            "sentiment": 0,
            "surprise": "0.16",
            "closePrice": "46.9123137414896"
        },
        {
            "fiscalDateEnding": "2016-12-31",
            "totalCurrentAssets": "425132000",
            "cashAndShortTermInvestments": "133761000",
            "totalCurrentLiabilities": "287472000",
            "currentDebt": "None",
            "netIncome": "8749000",
            "capitalExpenditures": "3835000",
            "operatingCashflow": "-3683000",
            "grossProfit": "137401000",
            "totalRevenue": "199610000",
            "sentiment": 0,
            "surprise": "-0.17",
            "closePrice": "39.3380548842557"
        },
        {
            "fiscalDateEnding": "2016-09-30",
            "totalCurrentAssets": "378659000",
            "cashAndShortTermInvestments": "129730000",
            "totalCurrentLiabilities": "237722000",
            "currentDebt": "None",
            "netIncome": "3301000",
            "capitalExpenditures": "3756000",
            "operatingCashflow": "13236000",
            "grossProfit": "122365000",
            "totalRevenue": "182802000",
            "sentiment": 0,
            "surprise": "0.01",
            "closePrice": "29.0109878206885"
        },
        {
            "fiscalDateEnding": "2016-06-30",
            "totalCurrentAssets": "384466000",
            "cashAndShortTermInvestments": "137569000",
            "totalCurrentLiabilities": "243040000",
            "currentDebt": "None",
            "netIncome": "4536000",
            "capitalExpenditures": "7246000",
            "operatingCashflow": "14528000",
            "grossProfit": "128896000",
            "totalRevenue": "188996000",
            "sentiment": 0,
            "surprise": "0.04",
            "closePrice": "26.9444349710627"
        },
        {
            "fiscalDateEnding": "2016-03-31",
            "totalCurrentAssets": "436823000",
            "cashAndShortTermInvestments": "193913000",
            "totalCurrentLiabilities": "248693000",
            "currentDebt": "None",
            "netIncome": "10400000",
            "capitalExpenditures": "4251000",
            "operatingCashflow": "19408000",
            "grossProfit": "122348000",
            "totalRevenue": "178858000",
            "sentiment": 0,
            "surprise": "0.06",
            "closePrice": "25.6261650262084"
        },
        {
            "fiscalDateEnding": "2015-12-31",
            "totalCurrentAssets": "446485000",
            "cashAndShortTermInvestments": "219078000",
            "totalCurrentLiabilities": "267188000",
            "currentDebt": "None",
            "netIncome": "20958000",
            "capitalExpenditures": "1070000",
            "operatingCashflow": "36498000",
            "grossProfit": "151190000",
            "totalRevenue": "204355000",
            "sentiment": 0,
            "surprise": "0.02",
            "closePrice": "22.6895575932963"
        },
        {
            "fiscalDateEnding": "2015-09-30",
            "totalCurrentAssets": "393169000",
            "cashAndShortTermInvestments": "224016000",
            "totalCurrentLiabilities": "224127000",
            "currentDebt": "None",
            "netIncome": "6325000",
            "capitalExpenditures": "2657000",
            "operatingCashflow": "14416000",
            "grossProfit": "106962000",
            "totalRevenue": "162403000",
            "sentiment": 0,
            "surprise": "0.02",
            "closePrice": "25.2154875149499"
        },
        {
            "fiscalDateEnding": "2015-06-30",
            "totalCurrentAssets": "396430000",
            "cashAndShortTermInvestments": "226932000",
            "totalCurrentLiabilities": "228906000",
            "currentDebt": "None",
            "netIncome": "3104000",
            "capitalExpenditures": "4018000",
            "operatingCashflow": "11749000",
            "grossProfit": "107238000",
            "totalRevenue": "162019000",
            "sentiment": 0,
            "surprise": "0.02",
            "closePrice": "22.8137762053123"
        },
        {
            "fiscalDateEnding": "2015-03-31",
            "totalCurrentAssets": "408109000",
            "cashAndShortTermInvestments": "225357000",
            "totalCurrentLiabilities": "242662000",
            "currentDebt": "None",
            "netIncome": "5935000",
            "capitalExpenditures": "3275000",
            "operatingCashflow": "52814000",
            "grossProfit": "103859000",
            "totalRevenue": "153918000",
            "sentiment": 0,
            "surprise": "-0.04",
            "closePrice": "20.6022422623063"
        },
        {
            "fiscalDateEnding": "2014-12-31",
            "totalCurrentAssets": "393080000",
            "cashAndShortTermInvestments": "211216000",
            "totalCurrentLiabilities": "229632000",
            "currentDebt": "None",
            "netIncome": "20104000",
            "capitalExpenditures": "5654000",
            "operatingCashflow": "28714000",
            "grossProfit": "122816000",
            "totalRevenue": "168924000",
            "sentiment": 0,
            "surprise": "0.01",
            "closePrice": "22.6157344627021"
        },
        {
            "fiscalDateEnding": "2014-09-30",
            "totalCurrentAssets": "366383000",
            "cashAndShortTermInvestments": "228571000",
            "totalCurrentLiabilities": "211820000",
            "currentDebt": "None",
            "netIncome": "1882000",
            "capitalExpenditures": "2945000",
            "operatingCashflow": "7150000",
            "grossProfit": "91249000",
            "totalRevenue": "137631000",
            "sentiment": 0,
            "surprise": "-0.04",
            "closePrice": "21.2082774782452"
        },
        {
            "fiscalDateEnding": "2014-06-30",
            "totalCurrentAssets": "363579000",
            "cashAndShortTermInvestments": "216213000",
            "totalCurrentLiabilities": "201334000",
            "currentDebt": "None",
            "netIncome": "1504000",
            "capitalExpenditures": "1636000",
            "operatingCashflow": "6662000",
            "grossProfit": "96294000",
            "totalRevenue": "142985000",
            "sentiment": 0,
            "surprise": "-0.03",
            "closePrice": "20.2994864405877"
        },
        {
            "fiscalDateEnding": "2014-03-31",
            "totalCurrentAssets": "354079000",
            "cashAndShortTermInvestments": "220964000",
            "totalCurrentLiabilities": "188019000",
            "currentDebt": "None",
            "netIncome": "9765000",
            "capitalExpenditures": "1228000",
            "operatingCashflow": "72858000",
            "grossProfit": "94551000",
            "totalRevenue": "140464000",
            "sentiment": 0,
            "surprise": "0.03",
            "closePrice": "16.1857605614934"
        },
        {
            "fiscalDateEnding": "2013-12-31",
            "totalCurrentAssets": "348209000",
            "cashAndShortTermInvestments": "156692000",
            "totalCurrentLiabilities": "190386000",
            "currentDebt": "None",
            "netIncome": "15561000",
            "capitalExpenditures": "1440000",
            "operatingCashflow": "-2732000",
            "grossProfit": "109605000",
            "totalRevenue": "153382000",
            "sentiment": 0,
            "surprise": "0.07",
            "closePrice": "21.9797559294492"
        },
        {
            "fiscalDateEnding": "2013-09-30",
            "totalCurrentAssets": "300308000",
            "cashAndShortTermInvestments": "188445000",
            "totalCurrentLiabilities": "146771000",
            "currentDebt": "None",
            "netIncome": "8710000",
            "capitalExpenditures": "2186000",
            "operatingCashflow": "19155000",
            "grossProfit": "83913000",
            "totalRevenue": "122011000",
            "sentiment": 0,
            "surprise": "0.08",
            "closePrice": "19.8636395857693"
        },
        {
            "fiscalDateEnding": "2013-06-30",
            "totalCurrentAssets": "292420000",
            "cashAndShortTermInvestments": "173811000",
            "totalCurrentLiabilities": "150260000",
            "currentDebt": "None",
            "netIncome": "4703000",
            "capitalExpenditures": "777000",
            "operatingCashflow": "-1766000",
            "grossProfit": "79437000",
            "totalRevenue": "117315000",
            "sentiment": 0,
            "surprise": "0.02",
            "closePrice": "18.2276689753668"
        },
        {
            "fiscalDateEnding": "2013-03-31",
            "totalCurrentAssets": "272129000",
            "cashAndShortTermInvestments": "180855000",
            "totalCurrentLiabilities": "140956000",
            "currentDebt": "None",
            "netIncome": "9069000",
            "capitalExpenditures": "1195000",
            "operatingCashflow": "66046000",
            "grossProfit": "78593000",
            "totalRevenue": "116246000",
            "sentiment": 0,
            "surprise": "0.07",
            "closePrice": "12.6305583257202"
        },
        {
            "fiscalDateEnding": "2012-12-31",
            "totalCurrentAssets": "279010000",
            "cashAndShortTermInvestments": "122985000",
            "totalCurrentLiabilities": "155125000",
            "currentDebt": "None",
            "netIncome": "20409000",
            "capitalExpenditures": "1735000",
            "operatingCashflow": "14495000",
            "grossProfit": "105636000",
            "totalRevenue": "143830000",
            "sentiment": 0,
            "surprise": "0.17",
            "closePrice": "12.2687422448146"
        },
        {
            "fiscalDateEnding": "2012-09-30",
            "totalCurrentAssets": "219053000",
            "cashAndShortTermInvestments": "111329000",
            "totalCurrentLiabilities": "123422000",
            "currentDebt": "None",
            "netIncome": "-331000",
            "capitalExpenditures": "6926000",
            "operatingCashflow": "16557000",
            "grossProfit": "63992000",
            "totalRevenue": "101657000",
            "sentiment": 0,
            "surprise": "-0.03",
            "closePrice": "9.74097141436314"
        },
        {
            "fiscalDateEnding": "2012-06-30",
            "totalCurrentAssets": "220780000",
            "cashAndShortTermInvestments": "102864000",
            "totalCurrentLiabilities": "134600000",
            "currentDebt": "None",
            "netIncome": "-2267000",
            "capitalExpenditures": "10682000",
            "operatingCashflow": "30301000",
            "grossProfit": "65069000",
            "totalRevenue": "105056000",
            "sentiment": 0,
            "surprise": "-0.01",
            "closePrice": "13.055250689808"
        },
        {
            "fiscalDateEnding": "2012-03-31",
            "totalCurrentAssets": "219000000",
            "cashAndShortTermInvestments": "88060000",
            "totalCurrentLiabilities": "125542000",
            "currentDebt": "None",
            "netIncome": "4057000",
            "capitalExpenditures": "4267000",
            "operatingCashflow": "-17774000",
            "grossProfit": "69633000",
            "totalRevenue": "111167000",
            "sentiment": 0,
            "surprise": "0.06",
            "closePrice": "17.9667398481079"
        },
        {
            "fiscalDateEnding": "2011-12-31",
            "totalCurrentAssets": "231961000",
            "cashAndShortTermInvestments": "111432000",
            "totalCurrentLiabilities": "142245000",
            "currentDebt": "None",
            "netIncome": "-1855000",
            "capitalExpenditures": "4727000",
            "operatingCashflow": "20168000",
            "grossProfit": "72720000",
            "totalRevenue": "115294000",
            "sentiment": 0,
            "surprise": "0.06",
            "closePrice": "13.5439937127808"
        },
        {
            "fiscalDateEnding": "2011-09-30",
            "totalCurrentAssets": "211167000",
            "cashAndShortTermInvestments": "98274000",
            "totalCurrentLiabilities": "116519000",
            "currentDebt": "None",
            "netIncome": "4959000",
            "capitalExpenditures": "1545000",
            "operatingCashflow": "2427000",
            "grossProfit": "53692000",
            "totalRevenue": "95503000",
            "sentiment": 0,
            "surprise": "-0.07",
            "closePrice": "17.8473372205059"
        },
        {
            "fiscalDateEnding": "2011-06-30",
            "totalCurrentAssets": "220198000",
            "cashAndShortTermInvestments": "99617000",
            "totalCurrentLiabilities": "131473000",
            "currentDebt": "None",
            "netIncome": "2273000",
            "capitalExpenditures": "2473000",
            "operatingCashflow": "25335000",
            "grossProfit": "63121000",
            "totalRevenue": "103518000",
            "sentiment": 0,
            "surprise": "0.01",
            "closePrice": "17.1517013026383"
        }
    ]
}