{
    "PI": [
        {
            "fiscalDateEnding": "2023-12-31",
            "totalCurrentAssets": "269696000",
            "cashAndShortTermInvestments": "113233000",
            "totalCurrentLiabilities": "30880000",
            "currentDebt": "None",
            "netIncome": "-15180000",
            "capitalExpenditures": "2624000",
            "operatingCashflow": "1427000",
            "grossProfit": "33870000",
            "totalRevenue": "69601000",
            "sentiment": 0.28292140868206156,
            "surprise": "0.07",
            "closePrice": "106.31"
        },
        {
            "fiscalDateEnding": "2023-09-30",
            "totalCurrentAssets": "272963000",
            "cashAndShortTermInvestments": "113229000",
            "totalCurrentLiabilities": "33758000",
            "currentDebt": "None",
            "netIncome": "-15762000",
            "capitalExpenditures": "2770000",
            "operatingCashflow": "-1705000",
            "grossProfit": "30768000",
            "totalRevenue": "63792000",
            "sentiment": 0.29333871721075633,
            "surprise": "-0.4855",
            "closePrice": "49.68"
        },
        {
            "fiscalDateEnding": "2023-06-30",
            "totalCurrentAssets": "283623000",
            "cashAndShortTermInvestments": "108900000",
            "totalCurrentLiabilities": "50878000",
            "currentDebt": "None",
            "netIncome": "-8066000",
            "capitalExpenditures": "5866000",
            "operatingCashflow": "-22544000",
            "grossProfit": "43814000",
            "totalRevenue": "84775000",
            "sentiment": 0.13581369319938694,
            "surprise": "0.02",
            "closePrice": "78.61"
        },
        {
            "fiscalDateEnding": "2023-03-31",
            "totalCurrentAssets": "305154000",
            "cashAndShortTermInvestments": "154544000",
            "totalCurrentLiabilities": "54604000",
            "currentDebt": "None",
            "netIncome": "-4358000",
            "capitalExpenditures": "7582000",
            "operatingCashflow": "-26560000",
            "grossProfit": "43530000",
            "totalRevenue": "84688000",
            "sentiment": 0.15673646986934647,
            "surprise": "-0.03",
            "closePrice": "135.32"
        },
        {
            "fiscalDateEnding": "2022-12-31",
            "totalCurrentAssets": "275170000",
            "cashAndShortTermInvestments": "173745000",
            "totalCurrentLiabilities": "42369000",
            "currentDebt": "None",
            "netIncome": "-118000",
            "capitalExpenditures": "6104000",
            "operatingCashflow": "-6172000",
            "grossProfit": "40168000",
            "totalRevenue": "75877000",
            "sentiment": 0.21696864259608642,
            "surprise": "0",
            "closePrice": "125.08"
        },
        {
            "fiscalDateEnding": "2022-09-30",
            "totalCurrentAssets": "259950000",
            "cashAndShortTermInvestments": "181851000",
            "totalCurrentLiabilities": "33635000",
            "currentDebt": "None",
            "netIncome": "-2199000",
            "capitalExpenditures": "2251000",
            "operatingCashflow": "14452000",
            "grossProfit": "37435000",
            "totalRevenue": "67559000",
            "sentiment": 0.20954442734098574,
            "surprise": "0.18",
            "closePrice": "89.23"
        },
        {
            "fiscalDateEnding": "2022-06-30",
            "totalCurrentAssets": "239077000",
            "cashAndShortTermInvestments": "163299000",
            "totalCurrentLiabilities": "25333000",
            "currentDebt": "None",
            "netIncome": "-11523000",
            "capitalExpenditures": "674000",
            "operatingCashflow": "7197000",
            "grossProfit": "31502000",
            "totalRevenue": "59040000",
            "sentiment": -0.0025787226973270636,
            "surprise": "0.13",
            "closePrice": "69.88"
        },
        {
            "fiscalDateEnding": "2022-03-31",
            "totalCurrentAssets": "242556000",
            "cashAndShortTermInvestments": "165267000",
            "totalCurrentLiabilities": "32642000",
            "currentDebt": "9643000",
            "netIncome": "-10461000",
            "capitalExpenditures": "3050000",
            "operatingCashflow": "-14836000",
            "grossProfit": "28779000",
            "totalRevenue": "52377000",
            "sentiment": 0.153116,
            "surprise": "0.1",
            "closePrice": "50.62"
        },
        {
            "fiscalDateEnding": "2021-12-31",
            "totalCurrentAssets": "255802000",
            "cashAndShortTermInvestments": "193346000",
            "totalCurrentLiabilities": "35503000",
            "currentDebt": "9633000",
            "netIncome": "-20014000",
            "capitalExpenditures": "2049000",
            "operatingCashflow": "-3942000",
            "grossProfit": "29183000",
            "totalRevenue": "52075000",
            "sentiment": 0,
            "surprise": "0.13",
            "closePrice": "89.75"
        },
        {
            "fiscalDateEnding": "2021-09-30",
            "totalCurrentAssets": "163060000",
            "cashAndShortTermInvestments": "113343000",
            "totalCurrentLiabilities": "107215000",
            "currentDebt": "84140000",
            "netIncome": "-12924000",
            "capitalExpenditures": "6323000",
            "operatingCashflow": "5426000",
            "grossProfit": "23013000",
            "totalRevenue": "45142000",
            "sentiment": 0,
            "surprise": "0.06",
            "closePrice": "55.93"
        },
        {
            "fiscalDateEnding": "2021-06-30",
            "totalCurrentAssets": "165673000",
            "cashAndShortTermInvestments": "111963000",
            "totalCurrentLiabilities": "107706000",
            "currentDebt": "84045000",
            "netIncome": "-8906000",
            "capitalExpenditures": "3460000",
            "operatingCashflow": "-4388000",
            "grossProfit": "24777000",
            "totalRevenue": "47218000",
            "sentiment": 0,
            "surprise": "0.15",
            "closePrice": "43.19"
        },
        {
            "fiscalDateEnding": "2021-03-31",
            "totalCurrentAssets": "173729000",
            "cashAndShortTermInvestments": "119347000",
            "totalCurrentLiabilities": "112185000",
            "currentDebt": "83951000",
            "netIncome": "-9416000",
            "capitalExpenditures": "4398000",
            "operatingCashflow": "9369000",
            "grossProfit": "21981000",
            "totalRevenue": "45198000",
            "sentiment": 0,
            "surprise": "0.13",
            "closePrice": "58.1"
        },
        {
            "fiscalDateEnding": "2020-12-31",
            "totalCurrentAssets": "171364000",
            "cashAndShortTermInvestments": "106089000",
            "totalCurrentLiabilities": "27593000",
            "currentDebt": "None",
            "netIncome": "-15717000",
            "capitalExpenditures": "738000",
            "operatingCashflow": "-3325000",
            "grossProfit": "17414000",
            "totalRevenue": "35533000",
            "sentiment": 0,
            "surprise": "0.07",
            "closePrice": "63.81"
        },
        {
            "fiscalDateEnding": "2020-09-30",
            "totalCurrentAssets": "164171000",
            "cashAndShortTermInvestments": "105120000",
            "totalCurrentLiabilities": "19583000",
            "currentDebt": "None",
            "netIncome": "-14346000",
            "capitalExpenditures": "1099000",
            "operatingCashflow": "-16361000",
            "grossProfit": "13372000",
            "totalRevenue": "27311000",
            "sentiment": 0,
            "surprise": "0.03",
            "closePrice": "27.85"
        },
        {
            "fiscalDateEnding": "2020-06-30",
            "totalCurrentAssets": "175237000",
            "cashAndShortTermInvestments": "120907000",
            "totalCurrentLiabilities": "24449000",
            "currentDebt": "None",
            "netIncome": "-17534000",
            "capitalExpenditures": "125000",
            "operatingCashflow": "964000",
            "grossProfit": "12960000",
            "totalRevenue": "25583000",
            "sentiment": 0,
            "surprise": "0.01",
            "closePrice": "26.44"
        },
        {
            "fiscalDateEnding": "2020-03-31",
            "totalCurrentAssets": "180980000",
            "cashAndShortTermInvestments": "119219000",
            "totalCurrentLiabilities": "19664000",
            "currentDebt": "3469000",
            "netIncome": "-4326000",
            "capitalExpenditures": "1112000",
            "operatingCashflow": "1845000",
            "grossProfit": "21394000",
            "totalRevenue": "46985000",
            "sentiment": 0,
            "surprise": "0.19",
            "closePrice": "20.39"
        },
        {
            "fiscalDateEnding": "2019-12-31",
            "totalCurrentAssets": "176769000",
            "cashAndShortTermInvestments": "116495000",
            "totalCurrentLiabilities": "19497000",
            "currentDebt": "3638000",
            "netIncome": "-7680000",
            "capitalExpenditures": "1458000",
            "operatingCashflow": "4494000",
            "grossProfit": "19932000",
            "totalRevenue": "41510000",
            "sentiment": 0,
            "surprise": "0.02",
            "closePrice": "28.38"
        },
        {
            "fiscalDateEnding": "2019-09-30",
            "totalCurrentAssets": "126418000",
            "cashAndShortTermInvestments": "63082000",
            "totalCurrentLiabilities": "21437000",
            "currentDebt": "6845000",
            "netIncome": "-4081000",
            "capitalExpenditures": "172000",
            "operatingCashflow": "-1627000",
            "grossProfit": "19781000",
            "totalRevenue": "40349000",
            "sentiment": 0,
            "surprise": "0.1",
            "closePrice": "33.44"
        },
        {
            "fiscalDateEnding": "2019-06-30",
            "totalCurrentAssets": "120492000",
            "cashAndShortTermInvestments": "59798000",
            "totalCurrentLiabilities": "20252000",
            "currentDebt": "1241000",
            "netIncome": "-4158000",
            "capitalExpenditures": "494000",
            "operatingCashflow": "2572000",
            "grossProfit": "18416000",
            "totalRevenue": "37769000",
            "sentiment": 0,
            "surprise": "0.12",
            "closePrice": "35.33"
        },
        {
            "fiscalDateEnding": "2019-03-31",
            "totalCurrentAssets": "117313000",
            "cashAndShortTermInvestments": "56647000",
            "totalCurrentLiabilities": "24502000",
            "currentDebt": "7603000",
            "netIncome": "-7068000",
            "capitalExpenditures": "305000",
            "operatingCashflow": "-731000",
            "grossProfit": "15873000",
            "totalRevenue": "33063000",
            "sentiment": 0,
            "surprise": "0.15",
            "closePrice": "21.7"
        },
        {
            "fiscalDateEnding": "2018-12-31",
            "totalCurrentAssets": "121214000",
            "cashAndShortTermInvestments": "56073000",
            "totalCurrentLiabilities": "23025000",
            "currentDebt": "6453000",
            "netIncome": "-5987000",
            "capitalExpenditures": "3316000",
            "operatingCashflow": "4928000",
            "grossProfit": "16311000",
            "totalRevenue": "34618000",
            "sentiment": 0,
            "surprise": "0.04",
            "closePrice": "19.41"
        },
        {
            "fiscalDateEnding": "2018-09-30",
            "totalCurrentAssets": "125465000",
            "cashAndShortTermInvestments": "54662000",
            "totalCurrentLiabilities": "22854000",
            "currentDebt": "4854000",
            "netIncome": "-7070000",
            "capitalExpenditures": "1980000",
            "operatingCashflow": "-393000",
            "grossProfit": "16548000",
            "totalRevenue": "34405000",
            "sentiment": 0,
            "surprise": "0.09",
            "closePrice": "18.47"
        },
        {
            "fiscalDateEnding": "2018-06-30",
            "totalCurrentAssets": "127634000",
            "cashAndShortTermInvestments": "52807000",
            "totalCurrentLiabilities": "19200000",
            "currentDebt": "2296000",
            "netIncome": "-7732000",
            "capitalExpenditures": "373000",
            "operatingCashflow": "-4776000",
            "grossProfit": "13660000",
            "totalRevenue": "28191000",
            "sentiment": 0,
            "surprise": "0.11",
            "closePrice": "18.78"
        },
        {
            "fiscalDateEnding": "2018-03-31",
            "totalCurrentAssets": "131448000",
            "cashAndShortTermInvestments": "57873000",
            "totalCurrentLiabilities": "16432000",
            "currentDebt": "814000",
            "netIncome": "-14442000",
            "capitalExpenditures": "698000",
            "operatingCashflow": "-11536000",
            "grossProfit": "11762000",
            "totalRevenue": "25068000",
            "sentiment": 0,
            "surprise": "-0.02",
            "closePrice": "13.58"
        },
        {
            "fiscalDateEnding": "2017-12-31",
            "totalCurrentAssets": "129802000",
            "cashAndShortTermInvestments": "58116000",
            "totalCurrentLiabilities": "19923000",
            "currentDebt": "5024000",
            "netIncome": "-9334000",
            "capitalExpenditures": "396000",
            "operatingCashflow": "-2832000",
            "grossProfit": "13009000",
            "totalRevenue": "26863000",
            "sentiment": 0,
            "surprise": "-0.09",
            "closePrice": "13.43"
        },
        {
            "fiscalDateEnding": "2017-09-30",
            "totalCurrentAssets": "136486000",
            "cashAndShortTermInvestments": "62474000",
            "totalCurrentLiabilities": "18232000",
            "currentDebt": "5100000",
            "netIncome": "-4851000",
            "capitalExpenditures": "2025000",
            "operatingCashflow": "-10274000",
            "grossProfit": "16993000",
            "totalRevenue": "32599000",
            "sentiment": 0,
            "surprise": "-0.05",
            "closePrice": "32.8"
        },
        {
            "fiscalDateEnding": "2017-06-30",
            "totalCurrentAssets": "145743000",
            "cashAndShortTermInvestments": "74516000",
            "totalCurrentLiabilities": "24579000",
            "currentDebt": "5151000",
            "netIncome": "-977000",
            "capitalExpenditures": "2911000",
            "operatingCashflow": "8996000",
            "grossProfit": "18171000",
            "totalRevenue": "34111000",
            "sentiment": 0,
            "surprise": "0.04",
            "closePrice": "47.92"
        },
        {
            "fiscalDateEnding": "2017-03-31",
            "totalCurrentAssets": "146258000",
            "cashAndShortTermInvestments": "83542000",
            "totalCurrentLiabilities": "24097000",
            "currentDebt": "4584000",
            "netIncome": "-2160000",
            "capitalExpenditures": "1220000",
            "operatingCashflow": "-21803000",
            "grossProfit": "16768000",
            "totalRevenue": "31704000",
            "sentiment": 0,
            "surprise": "0.02",
            "closePrice": "37.84"
        },
        {
            "fiscalDateEnding": "2016-12-31",
            "totalCurrentAssets": "148726000",
            "cashAndShortTermInvestments": "100541000",
            "totalCurrentLiabilities": "25381000",
            "currentDebt": "3719000",
            "netIncome": "103000",
            "capitalExpenditures": "1203000",
            "operatingCashflow": "13061000",
            "grossProfit": "18388000",
            "totalRevenue": "34977000",
            "sentiment": 0,
            "surprise": "0.02",
            "closePrice": "35.36"
        },
        {
            "fiscalDateEnding": "2016-09-30",
            "totalCurrentAssets": "101643000",
            "cashAndShortTermInvestments": "61998000",
            "totalCurrentLiabilities": "16413000",
            "currentDebt": "2522000",
            "netIncome": "808000",
            "capitalExpenditures": "1279000",
            "operatingCashflow": "808000",
            "grossProfit": "16375000",
            "totalRevenue": "30668000",
            "sentiment": 0,
            "surprise": "0.04",
            "closePrice": "25.3"
        },
        {
            "fiscalDateEnding": "2016-06-30",
            "totalCurrentAssets": "50425000",
            "cashAndShortTermInvestments": "14432000",
            "totalCurrentLiabilities": "30519000",
            "currentDebt": "14262000",
            "netIncome": "-254000",
            "capitalExpenditures": "584000",
            "operatingCashflow": "-254000",
            "grossProfit": "13592000",
            "totalRevenue": "16267000",
            "sentiment": 0,
            "surprise": "0.04",
            "closePrice": "27.57"
        }
    ]
}