{
    "PLAB": [
        {
            "fiscalDateEnding": "2024-01-28",
            "totalCurrentAssets": "807677000",
            "cashAndShortTermInvestments": "521514000",
            "totalCurrentLiabilities": "185289000",
            "currentDebt": "20771000",
            "netIncome": "26180000",
            "capitalExpenditures": "43314000",
            "operatingCashflow": "41508000",
            "grossProfit": "79255000",
            "totalRevenue": "207426000",
            "sentiment": 0.2945117915028032,
            "surprise": "-0.07",
            "closePrice": "26.88"
        },
        {
            "fiscalDateEnding": "2023-10-31",
            "totalCurrentAssets": "785450000",
            "cashAndShortTermInvestments": "512207000",
            "totalCurrentLiabilities": "185223000",
            "currentDebt": "6621000",
            "netIncome": "44611000",
            "capitalExpenditures": "52599000",
            "operatingCashflow": "106620000",
            "grossProfit": "84882000",
            "totalRevenue": "240282000",
            "sentiment": 0.2876112234101293,
            "surprise": "0.19",
            "closePrice": "26.24"
        },
        {
            "fiscalDateEnding": "2023-07-30",
            "totalCurrentAssets": "772211000",
            "cashAndShortTermInvestments": "475804000",
            "totalCurrentLiabilities": "190652000",
            "currentDebt": "6589000",
            "netIncome": "26959000",
            "capitalExpenditures": "21085000",
            "operatingCashflow": "85879000",
            "grossProfit": "86801000",
            "totalRevenue": "219663000",
            "sentiment": 0.34350209175509,
            "surprise": "-0.08",
            "closePrice": "21.91"
        },
        {
            "fiscalDateEnding": "2023-04-30",
            "totalCurrentAssets": "720116000",
            "cashAndShortTermInvestments": "412916000",
            "totalCurrentLiabilities": "185168000",
            "currentDebt": "7017000",
            "netIncome": "39929000",
            "capitalExpenditures": "26631000",
            "operatingCashflow": "81997000",
            "grossProfit": "88402000",
            "totalRevenue": "240024000",
            "sentiment": 0.18731355457041843,
            "surprise": "0.2",
            "closePrice": "18.36"
        },
        {
            "fiscalDateEnding": "2023-01-29",
            "totalCurrentAssets": "700816000",
            "cashAndShortTermInvestments": "373991000",
            "totalCurrentLiabilities": "199331000",
            "currentDebt": "6541000",
            "netIncome": "13986000",
            "capitalExpenditures": "31097000",
            "operatingCashflow": "27680000",
            "grossProfit": "76077000",
            "totalRevenue": "194081000",
            "sentiment": 0.33920725941444263,
            "surprise": "-0.17",
            "closePrice": "16.4"
        },
        {
            "fiscalDateEnding": "2022-10-31",
            "totalCurrentAssets": "644652000",
            "cashAndShortTermInvestments": "358500000",
            "totalCurrentLiabilities": "193797000",
            "currentDebt": "16536000",
            "netIncome": "37060000",
            "capitalExpenditures": "66206000",
            "operatingCashflow": "79266000",
            "grossProfit": "80268000",
            "totalRevenue": "220514000",
            "sentiment": 0.2317078791467122,
            "surprise": "0.12",
            "closePrice": "19.18"
        },
        {
            "fiscalDateEnding": "2022-07-31",
            "totalCurrentAssets": "678055000",
            "cashAndShortTermInvestments": "380833000",
            "totalCurrentLiabilities": "197114000",
            "currentDebt": "17656000",
            "netIncome": "31230000",
            "capitalExpenditures": "11528000",
            "operatingCashflow": "92632000",
            "grossProfit": "83863000",
            "totalRevenue": "223661000",
            "sentiment": 0.12951736327265173,
            "surprise": "0.01",
            "closePrice": "16.64"
        },
        {
            "fiscalDateEnding": "2022-05-01",
            "totalCurrentAssets": "630345000",
            "cashAndShortTermInvestments": "329282000",
            "totalCurrentLiabilities": "186471000",
            "currentDebt": "None",
            "netIncome": "27432000",
            "capitalExpenditures": "15634000",
            "operatingCashflow": "44159000",
            "grossProfit": "70220000",
            "totalRevenue": "212353000",
            "sentiment": 0.1274440487421045,
            "surprise": "0.14",
            "closePrice": "17.86"
        },
        {
            "fiscalDateEnding": "2022-01-30",
            "totalCurrentAssets": "597779000",
            "cashAndShortTermInvestments": "314195000",
            "totalCurrentLiabilities": "191094000",
            "currentDebt": "25183000",
            "netIncome": "23064000",
            "capitalExpenditures": "19175000",
            "operatingCashflow": "59130000",
            "grossProfit": "59863000",
            "totalRevenue": "194998000",
            "sentiment": 0,
            "surprise": "0.07",
            "closePrice": "17.26"
        },
        {
            "fiscalDateEnding": "2021-10-31",
            "totalCurrentAssets": "550616000",
            "cashAndShortTermInvestments": "276670000",
            "totalCurrentLiabilities": "176148000",
            "currentDebt": "29537000",
            "netIncome": "19811000",
            "capitalExpenditures": "16968000",
            "operatingCashflow": "37676000",
            "grossProfit": "51941000",
            "totalRevenue": "185384000",
            "sentiment": 0,
            "surprise": "0.08",
            "closePrice": "17.91"
        },
        {
            "fiscalDateEnding": "2021-08-01",
            "totalCurrentAssets": "530464000",
            "cashAndShortTermInvestments": "283249000",
            "totalCurrentLiabilities": "167617000",
            "currentDebt": "None",
            "netIncome": "17076000",
            "capitalExpenditures": "18785000",
            "operatingCashflow": "54877000",
            "grossProfit": "45325000",
            "totalRevenue": "178309000",
            "sentiment": 0,
            "surprise": "0.01",
            "closePrice": "13.57"
        },
        {
            "fiscalDateEnding": "2021-05-02",
            "totalCurrentAssets": "495608000",
            "cashAndShortTermInvestments": "255965000",
            "totalCurrentLiabilities": "159287000",
            "currentDebt": "None",
            "netIncome": "10526000",
            "capitalExpenditures": "55984000",
            "operatingCashflow": "31932000",
            "grossProfit": "39249000",
            "totalRevenue": "157542000",
            "sentiment": 0,
            "surprise": "0",
            "closePrice": "13.0"
        },
        {
            "fiscalDateEnding": "2021-01-31",
            "totalCurrentAssets": "506112000",
            "cashAndShortTermInvestments": "278539000",
            "totalCurrentLiabilities": "145531000",
            "currentDebt": "21641000",
            "netIncome": "8036000",
            "capitalExpenditures": "17532000",
            "operatingCashflow": "26287000",
            "grossProfit": "30529000",
            "totalRevenue": "153414000",
            "sentiment": 0,
            "surprise": "0.02",
            "closePrice": "13.38"
        },
        {
            "fiscalDateEnding": "2020-10-31",
            "totalCurrentAssets": "500139000",
            "cashAndShortTermInvestments": "278665000",
            "totalCurrentLiabilities": "142939000",
            "currentDebt": "13678000",
            "netIncome": "6460000",
            "capitalExpenditures": "34142000",
            "operatingCashflow": "64782000",
            "grossProfit": "31885000",
            "totalRevenue": "149286000",
            "sentiment": 0,
            "surprise": "-0.05",
            "closePrice": "11.11"
        },
        {
            "fiscalDateEnding": "2020-08-02",
            "totalCurrentAssets": "510641000",
            "cashAndShortTermInvestments": "260597000",
            "totalCurrentLiabilities": "175309000",
            "currentDebt": "None",
            "netIncome": "10776000",
            "capitalExpenditures": "6705000",
            "operatingCashflow": "16941000",
            "grossProfit": "37734000",
            "totalRevenue": "157895000",
            "sentiment": 0,
            "surprise": "0.02",
            "closePrice": "10.53"
        },
        {
            "fiscalDateEnding": "2020-05-03",
            "totalCurrentAssets": "472271000",
            "cashAndShortTermInvestments": "237790000",
            "totalCurrentLiabilities": "153372000",
            "currentDebt": "None",
            "netIncome": "6284000",
            "capitalExpenditures": "16320000",
            "operatingCashflow": "30538000",
            "grossProfit": "30433000",
            "totalRevenue": "142774000",
            "sentiment": 0,
            "surprise": "-0.04",
            "closePrice": "12.005"
        },
        {
            "fiscalDateEnding": "2020-02-02",
            "totalCurrentAssets": "440904000",
            "cashAndShortTermInvestments": "218309000",
            "totalCurrentLiabilities": "157654000",
            "currentDebt": "None",
            "netIncome": "10300000",
            "capitalExpenditures": "13807000",
            "operatingCashflow": "30785000",
            "grossProfit": "34602000",
            "totalRevenue": "159736000",
            "sentiment": 0,
            "surprise": "0",
            "closePrice": "13.52"
        },
        {
            "fiscalDateEnding": "2019-10-31",
            "totalCurrentAssets": "427527000",
            "cashAndShortTermInvestments": "206530000",
            "totalCurrentLiabilities": "151954000",
            "currentDebt": "None",
            "netIncome": "9700000",
            "capitalExpenditures": "18321000",
            "operatingCashflow": "44882000",
            "grossProfit": "38159000",
            "totalRevenue": "156256000",
            "sentiment": 0,
            "surprise": "0",
            "closePrice": "15.13"
        },
        {
            "fiscalDateEnding": "2019-07-28",
            "totalCurrentAssets": "420467000",
            "cashAndShortTermInvestments": "197243000",
            "totalCurrentLiabilities": "159274000",
            "currentDebt": "6100000",
            "netIncome": "6347000",
            "capitalExpenditures": "19713000",
            "operatingCashflow": "25791000",
            "grossProfit": "30570000",
            "totalRevenue": "138112000",
            "sentiment": 0,
            "surprise": "0",
            "closePrice": "9.42"
        },
        {
            "fiscalDateEnding": "2019-04-28",
            "totalCurrentAssets": "371968000",
            "cashAndShortTermInvestments": "167066000",
            "totalCurrentLiabilities": "139284000",
            "currentDebt": "None",
            "netIncome": "8479000",
            "capitalExpenditures": "33511000",
            "operatingCashflow": "16999000",
            "grossProfit": "26010000",
            "totalRevenue": "131580000",
            "sentiment": 0,
            "surprise": "0.06",
            "closePrice": "8.93"
        },
        {
            "fiscalDateEnding": "2019-01-27",
            "totalCurrentAssets": "453006000",
            "cashAndShortTermInvestments": "232448000",
            "totalCurrentLiabilities": "194527000",
            "currentDebt": "61647000",
            "netIncome": "5267000",
            "capitalExpenditures": "106925000",
            "operatingCashflow": "-19286000",
            "grossProfit": "26102000",
            "totalRevenue": "124712000",
            "sentiment": 0,
            "surprise": "0.03",
            "closePrice": "10.49"
        },
        {
            "fiscalDateEnding": "2018-10-31",
            "totalCurrentAssets": "502731000",
            "cashAndShortTermInvestments": "329277000",
            "totalCurrentLiabilities": "191076000",
            "currentDebt": "57453000",
            "netIncome": "12487000",
            "capitalExpenditures": "28431000",
            "operatingCashflow": "43610000",
            "grossProfit": "35425000",
            "totalRevenue": "144660000",
            "sentiment": 0,
            "surprise": "0.01",
            "closePrice": "9.48"
        },
        {
            "fiscalDateEnding": "2018-07-29",
            "totalCurrentAssets": "504920000",
            "cashAndShortTermInvestments": "332739000",
            "totalCurrentLiabilities": "158842000",
            "currentDebt": "None",
            "netIncome": "13005000",
            "capitalExpenditures": "20243000",
            "operatingCashflow": "49049000",
            "grossProfit": "35597000",
            "totalRevenue": "136391000",
            "sentiment": 0,
            "surprise": "0.02",
            "closePrice": "10.1"
        },
        {
            "fiscalDateEnding": "2018-04-29",
            "totalCurrentAssets": "500299000",
            "cashAndShortTermInvestments": "321246000",
            "totalCurrentLiabilities": "166508000",
            "currentDebt": "None",
            "netIncome": "10665000",
            "capitalExpenditures": "33134000",
            "operatingCashflow": "7046000",
            "grossProfit": "32819000",
            "totalRevenue": "130779000",
            "sentiment": 0,
            "surprise": "0.08",
            "closePrice": "9.1"
        },
        {
            "fiscalDateEnding": "2018-01-28",
            "totalCurrentAssets": "492357000",
            "cashAndShortTermInvestments": "348560000",
            "totalCurrentLiabilities": "88073000",
            "currentDebt": "None",
            "netIncome": "5898000",
            "capitalExpenditures": "10995000",
            "operatingCashflow": "30862000",
            "grossProfit": "27662000",
            "totalRevenue": "123446000",
            "sentiment": 0,
            "surprise": "0.03",
            "closePrice": "8.0"
        },
        {
            "fiscalDateEnding": "2017-10-29",
            "totalCurrentAssets": "449124000",
            "cashAndShortTermInvestments": "308021000",
            "totalCurrentLiabilities": "81776000",
            "currentDebt": "None",
            "netIncome": "5386000",
            "capitalExpenditures": "54040000",
            "operatingCashflow": "23044000",
            "grossProfit": "26442000",
            "totalRevenue": "120971000",
            "sentiment": 0,
            "surprise": "0.02",
            "closePrice": "10.45"
        },
        {
            "fiscalDateEnding": "2017-07-30",
            "totalCurrentAssets": "468610000",
            "cashAndShortTermInvestments": "340572000",
            "totalCurrentLiabilities": "79310000",
            "currentDebt": "None",
            "netIncome": "4001000",
            "capitalExpenditures": "24607000",
            "operatingCashflow": "26882000",
            "grossProfit": "21717000",
            "totalRevenue": "111579000",
            "sentiment": 0,
            "surprise": "-0.03",
            "closePrice": "9.85"
        },
        {
            "fiscalDateEnding": "2017-04-30",
            "totalCurrentAssets": "472455000",
            "cashAndShortTermInvestments": "345724000",
            "totalCurrentLiabilities": "91968000",
            "currentDebt": "None",
            "netIncome": "1797000",
            "capitalExpenditures": "4552000",
            "operatingCashflow": "15368000",
            "grossProfit": "20157000",
            "totalRevenue": "108297000",
            "sentiment": 0,
            "surprise": "-0.02",
            "closePrice": "10.25"
        },
        {
            "fiscalDateEnding": "2017-01-29",
            "totalCurrentAssets": "450538000",
            "cashAndShortTermInvestments": "329696000",
            "totalCurrentLiabilities": "75337000",
            "currentDebt": "None",
            "netIncome": "1946000",
            "capitalExpenditures": "9600000",
            "operatingCashflow": "31539000",
            "grossProfit": "22999000",
            "totalRevenue": "109831000",
            "sentiment": 0,
            "surprise": "0",
            "closePrice": "11.4"
        },
        {
            "fiscalDateEnding": "2016-10-30",
            "totalCurrentAssets": "441586000",
            "cashAndShortTermInvestments": "314074000",
            "totalCurrentLiabilities": "81317000",
            "currentDebt": "None",
            "netIncome": "5256000",
            "capitalExpenditures": "5332000",
            "operatingCashflow": "30750000",
            "grossProfit": "20533000",
            "totalRevenue": "107368000",
            "sentiment": 0,
            "surprise": "0.02",
            "closePrice": "10.25"
        },
        {
            "fiscalDateEnding": "2016-07-31",
            "totalCurrentAssets": "441421000",
            "cashAndShortTermInvestments": "291669000",
            "totalCurrentLiabilities": "97056000",
            "currentDebt": "None",
            "netIncome": "8088000",
            "capitalExpenditures": "9900000",
            "operatingCashflow": "-47676000",
            "grossProfit": "31450000",
            "totalRevenue": "123209000",
            "sentiment": 0,
            "surprise": "-0.02",
            "closePrice": "9.03"
        },
        {
            "fiscalDateEnding": "2016-05-01",
            "totalCurrentAssets": "347227000",
            "cashAndShortTermInvestments": "193978000",
            "totalCurrentLiabilities": "114117000",
            "currentDebt": "None",
            "netIncome": "11854000",
            "capitalExpenditures": "13389000",
            "operatingCashflow": "14153000",
            "grossProfit": "31287000",
            "totalRevenue": "122923000",
            "sentiment": 0,
            "surprise": "0",
            "closePrice": "9.37"
        },
        {
            "fiscalDateEnding": "2016-01-31",
            "totalCurrentAssets": "372980000",
            "cashAndShortTermInvestments": "231444000",
            "totalCurrentLiabilities": "166365000",
            "currentDebt": "None",
            "netIncome": "21002000",
            "capitalExpenditures": "21539000",
            "operatingCashflow": "95561000",
            "grossProfit": "35436000",
            "totalRevenue": "129956000",
            "sentiment": 0,
            "surprise": "0.01",
            "closePrice": "9.94"
        },
        {
            "fiscalDateEnding": "2015-11-01",
            "totalCurrentAssets": "360760000",
            "cashAndShortTermInvestments": "205867000",
            "totalCurrentLiabilities": "192692000",
            "currentDebt": "None",
            "netIncome": "18622000",
            "capitalExpenditures": "24697000",
            "operatingCashflow": "-50459000",
            "grossProfit": "44614000",
            "totalRevenue": "141693000",
            "sentiment": 0,
            "surprise": "0.07",
            "closePrice": "11.15"
        },
        {
            "fiscalDateEnding": "2015-08-02",
            "totalCurrentAssets": "340566000",
            "cashAndShortTermInvestments": "191562000",
            "totalCurrentLiabilities": "161536000",
            "currentDebt": "None",
            "netIncome": "12106000",
            "capitalExpenditures": "12172000",
            "operatingCashflow": "15410000",
            "grossProfit": "37243000",
            "totalRevenue": "131699000",
            "sentiment": 0,
            "surprise": "0.05",
            "closePrice": "7.75"
        },
        {
            "fiscalDateEnding": "2015-05-03",
            "totalCurrentAssets": "321622000",
            "cashAndShortTermInvestments": "176050000",
            "totalCurrentLiabilities": "170246000",
            "currentDebt": "None",
            "netIncome": "10060000",
            "capitalExpenditures": "27564000",
            "operatingCashflow": "-1500000",
            "grossProfit": "33095000",
            "totalRevenue": "127309000",
            "sentiment": 0,
            "surprise": "0.02",
            "closePrice": "9.56"
        },
        {
            "fiscalDateEnding": "2015-02-01",
            "totalCurrentAssets": "320503000",
            "cashAndShortTermInvestments": "168610000",
            "totalCurrentLiabilities": "176950000",
            "currentDebt": "None",
            "netIncome": "3837000",
            "capitalExpenditures": "40371000",
            "operatingCashflow": "7142000",
            "grossProfit": "28184000",
            "totalRevenue": "122605000",
            "sentiment": 0,
            "surprise": "0.01",
            "closePrice": "8.65"
        },
        {
            "fiscalDateEnding": "2014-11-02",
            "totalCurrentAssets": "336492000",
            "cashAndShortTermInvestments": "192929000",
            "totalCurrentLiabilities": "139117000",
            "currentDebt": "None",
            "netIncome": "4277000",
            "capitalExpenditures": "-56978000",
            "operatingCashflow": "6700000",
            "grossProfit": "26624000",
            "totalRevenue": "124251000",
            "sentiment": 0,
            "surprise": "-0.02",
            "closePrice": "8.8"
        },
        {
            "fiscalDateEnding": "2014-08-03",
            "totalCurrentAssets": "353837000",
            "cashAndShortTermInvestments": "196338000",
            "totalCurrentLiabilities": "149001000",
            "currentDebt": "None",
            "netIncome": "4186000",
            "capitalExpenditures": "15893000",
            "operatingCashflow": "21939000",
            "grossProfit": "28650000",
            "totalRevenue": "124852000",
            "sentiment": 0,
            "surprise": "0",
            "closePrice": "8.51"
        },
        {
            "fiscalDateEnding": "2014-05-04",
            "totalCurrentAssets": "340811000",
            "cashAndShortTermInvestments": "191828000",
            "totalCurrentLiabilities": "131405000",
            "currentDebt": "None",
            "netIncome": "15540000",
            "capitalExpenditures": "30201000",
            "operatingCashflow": "25702000",
            "grossProfit": "22190000",
            "totalRevenue": "104882000",
            "sentiment": 0,
            "surprise": "-0.02",
            "closePrice": "8.92"
        },
        {
            "fiscalDateEnding": "2014-02-02",
            "totalCurrentAssets": "292113000",
            "cashAndShortTermInvestments": "189228000",
            "totalCurrentLiabilities": "115243000",
            "currentDebt": "None",
            "netIncome": "1993000",
            "capitalExpenditures": "12184000",
            "operatingCashflow": "14197000",
            "grossProfit": "22882000",
            "totalRevenue": "101542000",
            "sentiment": 0,
            "surprise": "-0.01",
            "closePrice": "8.15"
        },
        {
            "fiscalDateEnding": "2013-11-03",
            "totalCurrentAssets": "318466000",
            "cashAndShortTermInvestments": "215615000",
            "totalCurrentLiabilities": "104587000",
            "currentDebt": "None",
            "netIncome": "4840000",
            "capitalExpenditures": "-41181000",
            "operatingCashflow": "31847000",
            "grossProfit": "26675000",
            "totalRevenue": "106009000",
            "sentiment": 0,
            "surprise": "0.01",
            "closePrice": "8.3"
        },
        {
            "fiscalDateEnding": "2013-07-28",
            "totalCurrentAssets": "312267000",
            "cashAndShortTermInvestments": "197271000",
            "totalCurrentLiabilities": "120350000",
            "currentDebt": "None",
            "netIncome": "5940000",
            "capitalExpenditures": "15415000",
            "operatingCashflow": "31620000",
            "grossProfit": "27078000",
            "totalRevenue": "109652000",
            "sentiment": 0,
            "surprise": "0",
            "closePrice": "7.64"
        },
        {
            "fiscalDateEnding": "2013-04-28",
            "totalCurrentAssets": "321377000",
            "cashAndShortTermInvestments": "210552000",
            "totalCurrentLiabilities": "114398000",
            "currentDebt": "None",
            "netIncome": "4863000",
            "capitalExpenditures": "16327000",
            "operatingCashflow": "17269000",
            "grossProfit": "24789000",
            "totalRevenue": "106680000",
            "sentiment": 0,
            "surprise": "-0.01",
            "closePrice": "7.94"
        },
        {
            "fiscalDateEnding": "2013-01-27",
            "totalCurrentAssets": "322440000",
            "cashAndShortTermInvestments": "217771000",
            "totalCurrentLiabilities": "96860000",
            "currentDebt": "None",
            "netIncome": "2323000",
            "capitalExpenditures": "15539000",
            "operatingCashflow": "18665000",
            "grossProfit": "21098000",
            "totalRevenue": "99839000",
            "sentiment": 0,
            "surprise": "0.02",
            "closePrice": "6.4"
        },
        {
            "fiscalDateEnding": "2012-10-28",
            "totalCurrentAssets": "319794000",
            "cashAndShortTermInvestments": "218043000",
            "totalCurrentLiabilities": "85513000",
            "currentDebt": "None",
            "netIncome": "3832000",
            "capitalExpenditures": "-90109000",
            "operatingCashflow": "25025000",
            "grossProfit": "24297000",
            "totalRevenue": "104218000",
            "sentiment": 0,
            "surprise": "0.03",
            "closePrice": "4.9"
        },
        {
            "fiscalDateEnding": "2012-07-29",
            "totalCurrentAssets": "310754000",
            "cashAndShortTermInvestments": "197295000",
            "totalCurrentLiabilities": "98438000",
            "currentDebt": "None",
            "netIncome": "10950000",
            "capitalExpenditures": "24383000",
            "operatingCashflow": "45125000",
            "grossProfit": "32304000",
            "totalRevenue": "116616000",
            "sentiment": 0,
            "surprise": "0.01",
            "closePrice": "5.72"
        },
        {
            "fiscalDateEnding": "2012-04-29",
            "totalCurrentAssets": "309895000",
            "cashAndShortTermInvestments": "191960000",
            "totalCurrentLiabilities": "89268000",
            "currentDebt": "None",
            "netIncome": "8818000",
            "capitalExpenditures": "35000000",
            "operatingCashflow": "28364000",
            "grossProfit": "29861000",
            "totalRevenue": "117451000",
            "sentiment": 0,
            "surprise": "0.02",
            "closePrice": "5.82"
        },
        {
            "fiscalDateEnding": "2012-01-29",
            "totalCurrentAssets": "315655000",
            "cashAndShortTermInvestments": "201800000",
            "totalCurrentLiabilities": "95167000",
            "currentDebt": "None",
            "netIncome": "4268000",
            "capitalExpenditures": "18127000",
            "operatingCashflow": "34035000",
            "grossProfit": "25458000",
            "totalRevenue": "112154000",
            "sentiment": 0,
            "surprise": "0",
            "closePrice": "7.53"
        },
        {
            "fiscalDateEnding": "2011-10-30",
            "totalCurrentAssets": "305207000",
            "cashAndShortTermInvestments": "189928000",
            "totalCurrentLiabilities": "95901000",
            "currentDebt": "None",
            "netIncome": "9291000",
            "capitalExpenditures": "23032000",
            "operatingCashflow": "32102000",
            "grossProfit": "30893000",
            "totalRevenue": "122159000",
            "sentiment": 0,
            "surprise": "0.02",
            "closePrice": "6.04"
        },
        {
            "fiscalDateEnding": "2011-07-31",
            "totalCurrentAssets": "341563000",
            "cashAndShortTermInvestments": "202845000",
            "totalCurrentLiabilities": "138157000",
            "currentDebt": "None",
            "netIncome": "11265000",
            "capitalExpenditures": "19835000",
            "operatingCashflow": "40461000",
            "grossProfit": "38240000",
            "totalRevenue": "130962000",
            "sentiment": 0,
            "surprise": "0.04",
            "closePrice": "5.62"
        }
    ]
}