{
    "PLTR": [
        {
            "fiscalDateEnding": "2023-12-31",
            "totalCurrentAssets": "4138618000",
            "cashAndShortTermInvestments": "3674179000",
            "totalCurrentLiabilities": "746018000",
            "currentDebt": "None",
            "netIncome": "93391000",
            "capitalExpenditures": "4860000",
            "operatingCashflow": "301172000",
            "grossProfit": "499711000",
            "totalRevenue": "608350000",
            "sentiment": 0.23701848366648282,
            "surprise": "0",
            "closePrice": "16.72"
        },
        {
            "fiscalDateEnding": "2023-09-30",
            "totalCurrentAssets": "3809397000",
            "cashAndShortTermInvestments": "3283574000",
            "totalCurrentLiabilities": "688925000",
            "currentDebt": "None",
            "netIncome": "71505000",
            "capitalExpenditures": "1565000",
            "operatingCashflow": "133443000",
            "grossProfit": "450237000",
            "totalRevenue": "558159000",
            "sentiment": 0.20696978435834892,
            "surprise": "0.01",
            "closePrice": "17.97"
        },
        {
            "fiscalDateEnding": "2023-06-30",
            "totalCurrentAssets": "3576914000",
            "cashAndShortTermInvestments": "3103252000",
            "totalCurrentLiabilities": "685384000",
            "currentDebt": "None",
            "netIncome": "28127000",
            "capitalExpenditures": "3934000",
            "operatingCashflow": "90192000",
            "grossProfit": "426418000",
            "totalRevenue": "533317000",
            "sentiment": 0.23783999282440524,
            "surprise": "0",
            "closePrice": "17.99"
        },
        {
            "fiscalDateEnding": "2023-03-31",
            "totalCurrentAssets": "3256147000",
            "cashAndShortTermInvestments": "2904535000",
            "totalCurrentLiabilities": "601413000",
            "currentDebt": "None",
            "netIncome": "16802000",
            "capitalExpenditures": "4755000",
            "operatingCashflow": "187376000",
            "grossProfit": "417541000",
            "totalRevenue": "525186000",
            "sentiment": 0.2257443067949579,
            "surprise": "0.01",
            "closePrice": "7.74"
        },
        {
            "fiscalDateEnding": "2022-12-31",
            "totalCurrentAssets": "3041577000",
            "cashAndShortTermInvestments": "2633675000",
            "totalCurrentLiabilities": "587941000",
            "currentDebt": "None",
            "netIncome": "30878000",
            "capitalExpenditures": "4918000",
            "operatingCashflow": "78763000",
            "grossProfit": "404313000",
            "totalRevenue": "508624000",
            "sentiment": 0.15962918432167086,
            "surprise": "0.01",
            "closePrice": "7.61"
        },
        {
            "fiscalDateEnding": "2022-09-30",
            "totalCurrentAssets": "2946610000",
            "cashAndShortTermInvestments": "2468632000",
            "totalCurrentLiabilities": "688350000",
            "currentDebt": "None",
            "netIncome": "-123875000",
            "capitalExpenditures": "14436000",
            "operatingCashflow": "47066000",
            "grossProfit": "370269000",
            "totalRevenue": "477880000",
            "sentiment": 0.11803081460636038,
            "surprise": "-0.01",
            "closePrice": "7.02"
        },
        {
            "fiscalDateEnding": "2022-06-30",
            "totalCurrentAssets": "2902439000",
            "cashAndShortTermInvestments": "2457603000",
            "totalCurrentLiabilities": "665742000",
            "currentDebt": "None",
            "netIncome": "-179329000",
            "capitalExpenditures": "5458000",
            "operatingCashflow": "62431000",
            "grossProfit": "370786000",
            "totalRevenue": "473010000",
            "sentiment": -0.07386468498803933,
            "surprise": "-0.04",
            "closePrice": "9.82"
        },
        {
            "fiscalDateEnding": "2022-03-31",
            "totalCurrentAssets": "2927374000",
            "cashAndShortTermInvestments": "2521974000",
            "totalCurrentLiabilities": "669104000",
            "currentDebt": "None",
            "netIncome": "-101379000",
            "capitalExpenditures": "15215000",
            "operatingCashflow": "35477000",
            "grossProfit": "351954000",
            "totalRevenue": "446357000",
            "sentiment": -0.008021742455152546,
            "surprise": "-0.02",
            "closePrice": "7.46"
        },
        {
            "fiscalDateEnding": "2021-12-31",
            "totalCurrentAssets": "2863250000",
            "cashAndShortTermInvestments": "2524827000",
            "totalCurrentLiabilities": "660061000",
            "currentDebt": "None",
            "netIncome": "-156188000",
            "capitalExpenditures": "5844000",
            "operatingCashflow": "93427000",
            "grossProfit": "345304000",
            "totalRevenue": "432867000",
            "sentiment": 0,
            "surprise": "-0.02",
            "closePrice": "11.77"
        },
        {
            "fiscalDateEnding": "2021-09-30",
            "totalCurrentAssets": "2811490000",
            "cashAndShortTermInvestments": "2483145000",
            "totalCurrentLiabilities": "681509000",
            "currentDebt": "None",
            "netIncome": "-102137000",
            "capitalExpenditures": "5378000",
            "operatingCashflow": "100793000",
            "grossProfit": "305342000",
            "totalRevenue": "392146000",
            "sentiment": 0,
            "surprise": "0",
            "closePrice": "24.25"
        },
        {
            "fiscalDateEnding": "2021-06-30",
            "totalCurrentAssets": "2662552000",
            "cashAndShortTermInvestments": "2341156000",
            "totalCurrentLiabilities": "682586000",
            "currentDebt": "None",
            "netIncome": "-138580000",
            "capitalExpenditures": "697000",
            "operatingCashflow": "22750000",
            "grossProfit": "284716000",
            "totalRevenue": "375642000",
            "sentiment": 0,
            "surprise": "0",
            "closePrice": "24.89"
        },
        {
            "fiscalDateEnding": "2021-03-31",
            "totalCurrentAssets": "2589698000",
            "cashAndShortTermInvestments": "2339437000",
            "totalCurrentLiabilities": "667626000",
            "currentDebt": "None",
            "netIncome": "-123474000",
            "capitalExpenditures": "708000",
            "operatingCashflow": "116881000",
            "grossProfit": "267123000",
            "totalRevenue": "341234000",
            "sentiment": 0,
            "surprise": "0",
            "closePrice": "20.21"
        },
        {
            "fiscalDateEnding": "2020-12-31",
            "totalCurrentAssets": "2257429000",
            "cashAndShortTermInvestments": "2011323000",
            "totalCurrentLiabilities": "603823000",
            "currentDebt": "None",
            "netIncome": "-148343000",
            "capitalExpenditures": "4761000",
            "operatingCashflow": "-18288000",
            "grossProfit": "251588000",
            "totalRevenue": "322091000",
            "sentiment": 0,
            "surprise": "0.04",
            "closePrice": "27.84"
        },
        {
            "fiscalDateEnding": "2020-09-30",
            "totalCurrentAssets": "2394424000",
            "cashAndShortTermInvestments": "1800190000",
            "totalCurrentLiabilities": "942187000",
            "currentDebt": "None",
            "netIncome": "-853319000",
            "capitalExpenditures": "1530000",
            "operatingCashflow": "-51990000",
            "grossProfit": "140026000",
            "totalRevenue": "289366000",
            "sentiment": 0,
            "surprise": "0.07",
            "closePrice": "14.58"
        }
    ]
}