{
    "PLUS": [
        {
            "fiscalDateEnding": "2023-12-31",
            "totalCurrentAssets": "1219314000",
            "cashAndShortTermInvestments": "142170000",
            "totalCurrentLiabilities": "631463000",
            "currentDebt": "None",
            "netIncome": "27282000",
            "capitalExpenditures": "2096000",
            "operatingCashflow": "133156000",
            "grossProfit": "133810000",
            "totalRevenue": "509055000",
            "sentiment": 0.16948291151487735,
            "surprise": "-0.2",
            "closePrice": "78.24"
        },
        {
            "fiscalDateEnding": "2023-09-30",
            "totalCurrentAssets": "1269228000",
            "cashAndShortTermInvestments": "82498000",
            "totalCurrentLiabilities": "700368000",
            "currentDebt": "None",
            "netIncome": "32664000",
            "capitalExpenditures": "1910000",
            "operatingCashflow": "31236000",
            "grossProfit": "144365000",
            "totalRevenue": "587611000",
            "sentiment": 0.1936151128732212,
            "surprise": "0.06",
            "closePrice": "58.43"
        },
        {
            "fiscalDateEnding": "2023-06-30",
            "totalCurrentAssets": "1276133000",
            "cashAndShortTermInvestments": "101574000",
            "totalCurrentLiabilities": "800786000",
            "currentDebt": "None",
            "netIncome": "33847000",
            "capitalExpenditures": "3698000",
            "operatingCashflow": "-20900000",
            "grossProfit": "142273000",
            "totalRevenue": "574175000",
            "sentiment": 0.31225376064358373,
            "surprise": "0.42",
            "closePrice": "57.9"
        },
        {
            "fiscalDateEnding": "2023-03-31",
            "totalCurrentAssets": "1095130000",
            "cashAndShortTermInvestments": "103093000",
            "totalCurrentLiabilities": "561326000",
            "currentDebt": "None",
            "netIncome": "32854000",
            "capitalExpenditures": "3719000",
            "operatingCashflow": "131613000",
            "grossProfit": "132325000",
            "totalRevenue": "492177000",
            "sentiment": 0.2597759320419746,
            "surprise": "0.3",
            "closePrice": "46.34"
        },
        {
            "fiscalDateEnding": "2022-12-31",
            "totalCurrentAssets": "1293443000",
            "cashAndShortTermInvestments": "99395000",
            "totalCurrentLiabilities": "793577000",
            "currentDebt": "None",
            "netIncome": "35694000",
            "capitalExpenditures": "3251000",
            "operatingCashflow": "-27367000",
            "grossProfit": "138372000",
            "totalRevenue": "623476000",
            "sentiment": 0.24987765038336177,
            "surprise": "0.29",
            "closePrice": "52.26"
        },
        {
            "fiscalDateEnding": "2022-09-30",
            "totalCurrentAssets": "1069913000",
            "cashAndShortTermInvestments": "99531000",
            "totalCurrentLiabilities": "607311000",
            "currentDebt": "None",
            "netIncome": "28469000",
            "capitalExpenditures": "633000",
            "operatingCashflow": "-16728000",
            "grossProfit": "133304000",
            "totalRevenue": "493706000",
            "sentiment": 0.2551269134073987,
            "surprise": "0.22",
            "closePrice": "46.31"
        },
        {
            "fiscalDateEnding": "2022-06-30",
            "totalCurrentAssets": "985343000",
            "cashAndShortTermInvestments": "83488000",
            "totalCurrentLiabilities": "533972000",
            "currentDebt": "None",
            "netIncome": "22339000",
            "capitalExpenditures": "1777000",
            "operatingCashflow": "-102943000",
            "grossProfit": "113523000",
            "totalRevenue": "458359000",
            "sentiment": 0.13430641706419838,
            "surprise": "0",
            "closePrice": "56.08"
        },
        {
            "fiscalDateEnding": "2022-03-31",
            "totalCurrentAssets": "897482000",
            "cashAndShortTermInvestments": "155378000",
            "totalCurrentLiabilities": "460036000",
            "currentDebt": "None",
            "netIncome": "24245000",
            "capitalExpenditures": "1807000",
            "operatingCashflow": "100971000",
            "grossProfit": "115351000",
            "totalRevenue": "451519000",
            "sentiment": 0.2382387634077081,
            "surprise": "0.33",
            "closePrice": "55.88"
        },
        {
            "fiscalDateEnding": "2021-12-31",
            "totalCurrentAssets": "960551000",
            "cashAndShortTermInvestments": "105566000",
            "totalCurrentLiabilities": "567413000",
            "currentDebt": "None",
            "netIncome": "26424000",
            "capitalExpenditures": "5132000",
            "operatingCashflow": "13462000",
            "grossProfit": "117117000",
            "totalRevenue": "494834000",
            "sentiment": 0,
            "surprise": "0.17",
            "closePrice": "45.63"
        },
        {
            "fiscalDateEnding": "2021-09-30",
            "totalCurrentAssets": "829566000",
            "cashAndShortTermInvestments": "56950000",
            "totalCurrentLiabilities": "475625000",
            "currentDebt": "None",
            "netIncome": "31413000",
            "capitalExpenditures": "9249000",
            "operatingCashflow": "-69868000",
            "grossProfit": "123002000",
            "totalRevenue": "458017000",
            "sentiment": 0,
            "surprise": "0.23",
            "closePrice": "60.5"
        },
        {
            "fiscalDateEnding": "2021-06-30",
            "totalCurrentAssets": "774198000",
            "cashAndShortTermInvestments": "93840000",
            "totalCurrentLiabilities": "446405000",
            "currentDebt": "None",
            "netIncome": "23518000",
            "capitalExpenditures": "6994000",
            "operatingCashflow": "-65136000",
            "grossProfit": "105512000",
            "totalRevenue": "416649000",
            "sentiment": 0,
            "surprise": "0.2",
            "closePrice": "45.94"
        },
        {
            "fiscalDateEnding": "2021-03-31",
            "totalCurrentAssets": "777594000",
            "cashAndShortTermInvestments": "129562000",
            "totalCurrentLiabilities": "459364000",
            "currentDebt": "None",
            "netIncome": "15553000",
            "capitalExpenditures": "7286000",
            "operatingCashflow": "124263000",
            "grossProfit": "97884000",
            "totalRevenue": "352607000",
            "sentiment": 0,
            "surprise": "0.11",
            "closePrice": "49.195"
        },
        {
            "fiscalDateEnding": "2020-12-31",
            "totalCurrentAssets": "826652000",
            "cashAndShortTermInvestments": "86463000",
            "totalCurrentLiabilities": "531038000",
            "currentDebt": "None",
            "netIncome": "21638000",
            "capitalExpenditures": "960000",
            "operatingCashflow": "-3164000",
            "grossProfit": "98151000",
            "totalRevenue": "427604000",
            "sentiment": 0,
            "surprise": "0.22",
            "closePrice": "44.23"
        },
        {
            "fiscalDateEnding": "2020-09-30",
            "totalCurrentAssets": "768029000",
            "cashAndShortTermInvestments": "161081000",
            "totalCurrentLiabilities": "476493000",
            "currentDebt": "None",
            "netIncome": "19846000",
            "capitalExpenditures": "990000",
            "operatingCashflow": "2014000",
            "grossProfit": "98962000",
            "totalRevenue": "433081000",
            "sentiment": 0,
            "surprise": "0.23",
            "closePrice": "36.84"
        },
        {
            "fiscalDateEnding": "2020-06-30",
            "totalCurrentAssets": "806832000",
            "cashAndShortTermInvestments": "144382000",
            "totalCurrentLiabilities": "519560000",
            "currentDebt": "None",
            "netIncome": "17360000",
            "capitalExpenditures": "2277000",
            "operatingCashflow": "6394000",
            "grossProfit": "98557000",
            "totalRevenue": "355031000",
            "sentiment": 0,
            "surprise": "0.2",
            "closePrice": "39.185"
        },
        {
            "fiscalDateEnding": "2020-03-31",
            "totalCurrentAssets": "649798000",
            "cashAndShortTermInvestments": "86231000",
            "totalCurrentLiabilities": "386639000",
            "currentDebt": "4815000",
            "netIncome": "13246000",
            "capitalExpenditures": "-200000",
            "operatingCashflow": "554000",
            "grossProfit": "91825000",
            "totalRevenue": "366476000",
            "sentiment": 0,
            "surprise": "0.14",
            "closePrice": "38.04"
        },
        {
            "fiscalDateEnding": "2019-12-31",
            "totalCurrentAssets": "690007000",
            "cashAndShortTermInvestments": "59555000",
            "totalCurrentLiabilities": "439490000",
            "currentDebt": "5231000",
            "netIncome": "19550000",
            "capitalExpenditures": "2321000",
            "operatingCashflow": "-20324000",
            "grossProfit": "103696000",
            "totalRevenue": "428991000",
            "sentiment": 0,
            "surprise": "0.14",
            "closePrice": "41.51"
        },
        {
            "fiscalDateEnding": "2019-09-30",
            "totalCurrentAssets": "641559000",
            "cashAndShortTermInvestments": "55832000",
            "totalCurrentLiabilities": "421499000",
            "currentDebt": "5396000",
            "netIncome": "20098000",
            "capitalExpenditures": "3370000",
            "operatingCashflow": "32990000",
            "grossProfit": "103031000",
            "totalRevenue": "411565000",
            "sentiment": 0,
            "surprise": "0.21",
            "closePrice": "39.21"
        },
        {
            "fiscalDateEnding": "2019-06-30",
            "totalCurrentAssets": "626232000",
            "cashAndShortTermInvestments": "35604000",
            "totalCurrentLiabilities": "407420000",
            "currentDebt": "4811000",
            "netIncome": "16188000",
            "capitalExpenditures": "1518000",
            "operatingCashflow": "-87394000",
            "grossProfit": "92639000",
            "totalRevenue": "381372000",
            "sentiment": 0,
            "surprise": "0.14",
            "closePrice": "36.04"
        },
        {
            "fiscalDateEnding": "2019-03-31",
            "totalCurrentAssets": "560103000",
            "cashAndShortTermInvestments": "79816000",
            "totalCurrentLiabilities": "328851000",
            "currentDebt": "None",
            "netIncome": "15052000",
            "capitalExpenditures": "3137000",
            "operatingCashflow": "37239000",
            "grossProfit": "81272000",
            "totalRevenue": "325434000",
            "sentiment": 0,
            "surprise": "-0.07",
            "closePrice": "46.24"
        },
        {
            "fiscalDateEnding": "2018-12-31",
            "totalCurrentAssets": "613162000",
            "cashAndShortTermInvestments": "84334000",
            "totalCurrentLiabilities": "361231000",
            "currentDebt": "None",
            "netIncome": "14864000",
            "capitalExpenditures": "2041000",
            "operatingCashflow": "19257000",
            "grossProfit": "82913000",
            "totalRevenue": "345664000",
            "sentiment": 0,
            "surprise": "0.08",
            "closePrice": "40.07"
        },
        {
            "fiscalDateEnding": "2018-09-30",
            "totalCurrentAssets": "577790000",
            "cashAndShortTermInvestments": "75647000",
            "totalCurrentLiabilities": "340385000",
            "currentDebt": "None",
            "netIncome": "18003000",
            "capitalExpenditures": "4821000",
            "operatingCashflow": "31947000",
            "grossProfit": "85500000",
            "totalRevenue": "345043000",
            "sentiment": 0,
            "surprise": "-0.03",
            "closePrice": "43.98"
        },
        {
            "fiscalDateEnding": "2018-06-30",
            "totalCurrentAssets": "571595000",
            "cashAndShortTermInvestments": "57480000",
            "totalCurrentLiabilities": "346390000",
            "currentDebt": "None",
            "netIncome": "15273000",
            "capitalExpenditures": "1630000",
            "operatingCashflow": "-49032000",
            "grossProfit": "80703000",
            "totalRevenue": "356532000",
            "sentiment": 0,
            "surprise": "0.05",
            "closePrice": "52.025"
        },
        {
            "fiscalDateEnding": "2018-03-31",
            "totalCurrentAssets": "564891000",
            "cashAndShortTermInvestments": "118198000",
            "totalCurrentLiabilities": "350067000",
            "currentDebt": "None",
            "netIncome": "8897000",
            "capitalExpenditures": "1292000",
            "operatingCashflow": "33942000",
            "grossProfit": "81630000",
            "totalRevenue": "329857000",
            "sentiment": 0,
            "surprise": "-0.01",
            "closePrice": "44.525"
        },
        {
            "fiscalDateEnding": "2017-12-31",
            "totalCurrentAssets": "569218000",
            "cashAndShortTermInvestments": "76105000",
            "totalCurrentLiabilities": "358683000",
            "currentDebt": "None",
            "netIncome": "15581000",
            "capitalExpenditures": "2862000",
            "operatingCashflow": "35494000",
            "grossProfit": "76688000",
            "totalRevenue": "344226000",
            "sentiment": 0,
            "surprise": "0.13",
            "closePrice": "38.0"
        },
        {
            "fiscalDateEnding": "2017-09-30",
            "totalCurrentAssets": "555345000",
            "cashAndShortTermInvestments": "60185000",
            "totalCurrentLiabilities": "336121000",
            "currentDebt": "None",
            "netIncome": "17221000",
            "capitalExpenditures": "1565000",
            "operatingCashflow": "16780000",
            "grossProfit": "87571000",
            "totalRevenue": "371363000",
            "sentiment": 0,
            "surprise": "0.06",
            "closePrice": "48.0"
        },
        {
            "fiscalDateEnding": "2017-06-30",
            "totalCurrentAssets": "605516000",
            "cashAndShortTermInvestments": "98244000",
            "totalCurrentLiabilities": "381543000",
            "currentDebt": "None",
            "netIncome": "13423000",
            "capitalExpenditures": "1871000",
            "operatingCashflow": "-3450000",
            "grossProfit": "77593000",
            "totalRevenue": "373356000",
            "sentiment": 0,
            "surprise": "0.07",
            "closePrice": "41.175"
        },
        {
            "fiscalDateEnding": "2017-03-31",
            "totalCurrentAssets": "597324000",
            "cashAndShortTermInvestments": "109760000",
            "totalCurrentLiabilities": "376492000",
            "currentDebt": "None",
            "netIncome": "10490000",
            "capitalExpenditures": "2258000",
            "operatingCashflow": "3314000",
            "grossProfit": "76376000",
            "totalRevenue": "307414000",
            "sentiment": 0,
            "surprise": "0.02",
            "closePrice": "37.75"
        },
        {
            "fiscalDateEnding": "2016-12-31",
            "totalCurrentAssets": "588794000",
            "cashAndShortTermInvestments": "69677000",
            "totalCurrentLiabilities": "382725000",
            "currentDebt": "None",
            "netIncome": "12620000",
            "capitalExpenditures": "4131000",
            "operatingCashflow": "73508000",
            "grossProfit": "73786000",
            "totalRevenue": "335923000",
            "sentiment": 0,
            "surprise": "0.06",
            "closePrice": "27.7125"
        },
        {
            "fiscalDateEnding": "2016-09-30",
            "totalCurrentAssets": "545999000",
            "cashAndShortTermInvestments": "48035000",
            "totalCurrentLiabilities": "341076000",
            "currentDebt": "None",
            "netIncome": "16775000",
            "capitalExpenditures": "2279000",
            "operatingCashflow": "-31087000",
            "grossProfit": "81933000",
            "totalRevenue": "382077000",
            "sentiment": 0,
            "surprise": "0.1",
            "closePrice": "22.65"
        },
        {
            "fiscalDateEnding": "2016-06-30",
            "totalCurrentAssets": "506619000",
            "cashAndShortTermInvestments": "78807000",
            "totalCurrentLiabilities": "307671000",
            "currentDebt": "None",
            "netIncome": "10671000",
            "capitalExpenditures": "890000",
            "operatingCashflow": "-12719000",
            "grossProfit": "67664000",
            "totalRevenue": "306693000",
            "sentiment": 0,
            "surprise": "0.06",
            "closePrice": "20.0175"
        },
        {
            "fiscalDateEnding": "2016-03-31",
            "totalCurrentAssets": "477976000",
            "cashAndShortTermInvestments": "94766000",
            "totalCurrentLiabilities": "273446000",
            "currentDebt": "None",
            "netIncome": "9957000",
            "capitalExpenditures": "-2540000",
            "operatingCashflow": "37592000",
            "grossProfit": "66946000",
            "totalRevenue": "299372000",
            "sentiment": 0,
            "surprise": "0.04",
            "closePrice": "20.9825"
        },
        {
            "fiscalDateEnding": "2015-12-31",
            "totalCurrentAssets": "473833000",
            "cashAndShortTermInvestments": "66567000",
            "totalCurrentLiabilities": "295182000",
            "currentDebt": "None",
            "netIncome": "10297000",
            "capitalExpenditures": "1390000",
            "operatingCashflow": "10297000",
            "grossProfit": "64060000",
            "totalRevenue": "298644000",
            "sentiment": 0,
            "surprise": "-0.09",
            "closePrice": "22.7875"
        },
        {
            "fiscalDateEnding": "2015-09-30",
            "totalCurrentAssets": "454160000",
            "cashAndShortTermInvestments": "62842000",
            "totalCurrentLiabilities": "265605000",
            "currentDebt": "None",
            "netIncome": "15679000",
            "capitalExpenditures": "8694000",
            "operatingCashflow": "15679000",
            "grossProfit": "71921000",
            "totalRevenue": "336286000",
            "sentiment": 0,
            "surprise": "0.11",
            "closePrice": "20.89"
        },
        {
            "fiscalDateEnding": "2015-06-30",
            "totalCurrentAssets": "448030000",
            "cashAndShortTermInvestments": "88781000",
            "totalCurrentLiabilities": "268644000",
            "currentDebt": "None",
            "netIncome": "8814000",
            "capitalExpenditures": "6924000",
            "operatingCashflow": "41896000",
            "grossProfit": "59130000",
            "totalRevenue": "269866000",
            "sentiment": 0,
            "surprise": "-0.01",
            "closePrice": "19.0"
        },
        {
            "fiscalDateEnding": "2015-03-31",
            "totalCurrentAssets": "440634000",
            "cashAndShortTermInvestments": "76175000",
            "totalCurrentLiabilities": "258085000",
            "currentDebt": "None",
            "netIncome": "8910000",
            "capitalExpenditures": "4202000",
            "operatingCashflow": "8910000",
            "grossProfit": "58746000",
            "totalRevenue": "241278000",
            "sentiment": 0,
            "surprise": "0.01",
            "closePrice": "21.12"
        },
        {
            "fiscalDateEnding": "2014-12-31",
            "totalCurrentAssets": "446155000",
            "cashAndShortTermInvestments": "51522000",
            "totalCurrentLiabilities": "285841000",
            "currentDebt": "None",
            "netIncome": "15501000",
            "capitalExpenditures": "5620000",
            "operatingCashflow": "15501000",
            "grossProfit": "65438000",
            "totalRevenue": "306241000",
            "sentiment": 0,
            "surprise": "0.06",
            "closePrice": "17.8625"
        },
        {
            "fiscalDateEnding": "2014-09-30",
            "totalCurrentAssets": "420390000",
            "cashAndShortTermInvestments": "62941000",
            "totalCurrentLiabilities": "268551000",
            "currentDebt": "None",
            "netIncome": "11952000",
            "capitalExpenditures": "1450000",
            "operatingCashflow": "-5641000",
            "grossProfit": "63924000",
            "totalRevenue": "297472000",
            "sentiment": 0,
            "surprise": "0.09",
            "closePrice": "15.495"
        },
        {
            "fiscalDateEnding": "2014-06-30",
            "totalCurrentAssets": "387876000",
            "cashAndShortTermInvestments": "66852000",
            "totalCurrentLiabilities": "244075000",
            "currentDebt": "None",
            "netIncome": "8814000",
            "capitalExpenditures": "469000",
            "operatingCashflow": "-5354000",
            "grossProfit": "59130000",
            "totalRevenue": "274995000",
            "sentiment": 0,
            "surprise": "0",
            "closePrice": "14.1075"
        },
        {
            "fiscalDateEnding": "2014-03-31",
            "totalCurrentAssets": "425259000",
            "cashAndShortTermInvestments": "80179000",
            "totalCurrentLiabilities": "244118000",
            "currentDebt": "None",
            "netIncome": "8222000",
            "capitalExpenditures": "2014000",
            "operatingCashflow": "18543000",
            "grossProfit": "54650000",
            "totalRevenue": "231792000",
            "sentiment": 0,
            "surprise": "0",
            "closePrice": "14.0925"
        },
        {
            "fiscalDateEnding": "2013-12-31",
            "totalCurrentAssets": "93017000",
            "cashAndShortTermInvestments": "40498000",
            "totalCurrentLiabilities": "6140000",
            "currentDebt": "None",
            "netIncome": "10610000",
            "capitalExpenditures": "1179000",
            "operatingCashflow": "-32327000",
            "grossProfit": "56749000",
            "totalRevenue": "276410000",
            "sentiment": 0,
            "surprise": "0.06",
            "closePrice": "13.24"
        },
        {
            "fiscalDateEnding": "2013-09-30",
            "totalCurrentAssets": "110039000",
            "cashAndShortTermInvestments": "53696000",
            "totalCurrentLiabilities": "6219000",
            "currentDebt": "None",
            "netIncome": "8591000",
            "capitalExpenditures": "3473000",
            "operatingCashflow": "12650000",
            "grossProfit": "52780000",
            "totalRevenue": "279130000",
            "sentiment": 0,
            "surprise": "-0.02",
            "closePrice": "12.75"
        },
        {
            "fiscalDateEnding": "2013-06-30",
            "totalCurrentAssets": "103271000",
            "cashAndShortTermInvestments": "72731000",
            "totalCurrentLiabilities": "10735000",
            "currentDebt": "None",
            "netIncome": "9477000",
            "capitalExpenditures": "3286000",
            "operatingCashflow": "-7089000",
            "grossProfit": "56439000",
            "totalRevenue": "270077000",
            "sentiment": 0,
            "surprise": "-0.03",
            "closePrice": "15.78"
        },
        {
            "fiscalDateEnding": "2013-03-31",
            "totalCurrentAssets": "323727000",
            "cashAndShortTermInvestments": "53702000",
            "totalCurrentLiabilities": "172077000",
            "currentDebt": "None",
            "netIncome": "7702000",
            "capitalExpenditures": "3025000",
            "operatingCashflow": "27486000",
            "grossProfit": "42504000",
            "totalRevenue": "208489000",
            "sentiment": 0,
            "surprise": "-0.02",
            "closePrice": "12.755"
        },
        {
            "fiscalDateEnding": "2012-12-31",
            "totalCurrentAssets": "70471000",
            "cashAndShortTermInvestments": "43381000",
            "totalCurrentLiabilities": "10728000",
            "currentDebt": "None",
            "netIncome": "9033000",
            "capitalExpenditures": "6336000",
            "operatingCashflow": "21177000",
            "grossProfit": "58508000",
            "totalRevenue": "254535000",
            "sentiment": 0,
            "surprise": "None",
            "closePrice": "11.28625"
        },
        {
            "fiscalDateEnding": "2012-09-30",
            "totalCurrentAssets": "72276000",
            "cashAndShortTermInvestments": "45905000",
            "totalCurrentLiabilities": "9469000",
            "currentDebt": "None",
            "netIncome": "10033000",
            "capitalExpenditures": "5034000",
            "operatingCashflow": "4514000",
            "grossProfit": "52391000",
            "totalRevenue": "260051000",
            "sentiment": 0,
            "surprise": "None",
            "closePrice": "9.06588235294118"
        },
        {
            "fiscalDateEnding": "2012-06-30",
            "totalCurrentAssets": "83048000",
            "cashAndShortTermInvestments": "59051000",
            "totalCurrentLiabilities": "11446000",
            "currentDebt": "None",
            "netIncome": "7850000",
            "capitalExpenditures": "1189000",
            "operatingCashflow": "-11907000",
            "grossProfit": "52734000",
            "totalRevenue": "249368000",
            "sentiment": 0,
            "surprise": "None",
            "closePrice": "8.22823529411765"
        },
        {
            "fiscalDateEnding": "2012-03-31",
            "totalCurrentAssets": "64688000",
            "cashAndShortTermInvestments": "41174000",
            "totalCurrentLiabilities": "15386000",
            "currentDebt": "None",
            "netIncome": "3857000",
            "capitalExpenditures": "675000",
            "operatingCashflow": "2907000",
            "grossProfit": "218999000",
            "totalRevenue": "78582000",
            "sentiment": 0,
            "surprise": "None",
            "closePrice": "7.85882352941176"
        },
        {
            "fiscalDateEnding": "2011-12-31",
            "totalCurrentAssets": "69997000",
            "cashAndShortTermInvestments": "54055000",
            "totalCurrentLiabilities": "176000",
            "currentDebt": "None",
            "netIncome": "8743000",
            "capitalExpenditures": "3926000",
            "operatingCashflow": "-4378000",
            "grossProfit": "42609000",
            "totalRevenue": "272605000",
            "sentiment": 0,
            "surprise": "None",
            "closePrice": "7.65647058823529"
        },
        {
            "fiscalDateEnding": "2011-09-30",
            "totalCurrentAssets": "58024000",
            "cashAndShortTermInvestments": "45406000",
            "totalCurrentLiabilities": "167000",
            "currentDebt": "None",
            "netIncome": "7064000",
            "capitalExpenditures": "1955000",
            "operatingCashflow": "-22184000",
            "grossProfit": "38364000",
            "totalRevenue": "262850000",
            "sentiment": 0,
            "surprise": "None",
            "closePrice": "6.59764705882353"
        },
        {
            "fiscalDateEnding": "2011-06-30",
            "totalCurrentAssets": "78147000",
            "cashAndShortTermInvestments": "61555000",
            "totalCurrentLiabilities": "155000",
            "currentDebt": "None",
            "netIncome": "3703000",
            "capitalExpenditures": "1099000",
            "operatingCashflow": "2059000",
            "grossProfit": "31767000",
            "totalRevenue": "211544000",
            "sentiment": 0,
            "surprise": "None",
            "closePrice": "5.87058823529412"
        }
    ]
}