{
    "PLXS": [
        {
            "fiscalDateEnding": "2023-12-31",
            "totalCurrentAssets": "2650232000",
            "cashAndShortTermInvestments": "231982000",
            "totalCurrentLiabilities": "1743562000",
            "currentDebt": "5034000",
            "netIncome": "29215000",
            "capitalExpenditures": "28656000",
            "operatingCashflow": "-3029000",
            "grossProfit": "88140000",
            "totalRevenue": "1983109000",
            "sentiment": 0.3465404292614573,
            "surprise": "-0.04",
            "closePrice": "94.46"
        },
        {
            "fiscalDateEnding": "2023-09-30",
            "totalCurrentAssets": "2672223000",
            "cashAndShortTermInvestments": "256233000",
            "totalCurrentLiabilities": "1812667000",
            "currentDebt": "4034000",
            "netIncome": "40261000",
            "capitalExpenditures": "24255000",
            "operatingCashflow": "89837000",
            "grossProfit": "96716000",
            "totalRevenue": "2067975000",
            "sentiment": 0.3187461163073763,
            "surprise": "0.18",
            "closePrice": "87.46"
        },
        {
            "fiscalDateEnding": "2023-06-30",
            "totalCurrentAssets": "2799286000",
            "cashAndShortTermInvestments": "252965000",
            "totalCurrentLiabilities": "1940977000",
            "currentDebt": "5969000",
            "netIncome": "15799000",
            "capitalExpenditures": "30303000",
            "operatingCashflow": "18829000",
            "grossProfit": "93646000",
            "totalRevenue": "2061272000",
            "sentiment": 0.423369850455152,
            "surprise": "0.3",
            "closePrice": "102.13"
        },
        {
            "fiscalDateEnding": "2023-03-31",
            "totalCurrentAssets": "2780274000",
            "cashAndShortTermInvestments": "269664000",
            "totalCurrentLiabilities": "1917862000",
            "currentDebt": "None",
            "netIncome": "40844000",
            "capitalExpenditures": "26406000",
            "operatingCashflow": "105950000",
            "grossProfit": "102993000",
            "totalRevenue": "1070823000",
            "sentiment": 0.27529167096285495,
            "surprise": "0.3",
            "closePrice": "88.49"
        },
        {
            "fiscalDateEnding": "2022-12-31",
            "totalCurrentAssets": "2814301000",
            "cashAndShortTermInvestments": "247880000",
            "totalCurrentLiabilities": "1954460000",
            "currentDebt": "4406000",
            "netIncome": "42190000",
            "capitalExpenditures": "23085000",
            "operatingCashflow": "-48794000",
            "grossProfit": "101199000",
            "totalRevenue": "2207970000",
            "sentiment": 0.25460775383229667,
            "surprise": "0.01",
            "closePrice": "113.24"
        },
        {
            "fiscalDateEnding": "2022-09-30",
            "totalCurrentAssets": "2816122000",
            "cashAndShortTermInvestments": "274805000",
            "totalCurrentLiabilities": "2006189000",
            "currentDebt": "5087000",
            "netIncome": "50457000",
            "capitalExpenditures": "16584000",
            "operatingCashflow": "-392000",
            "grossProfit": "107105000",
            "totalRevenue": "2271519000",
            "sentiment": 0.40095018401681565,
            "surprise": "0.5",
            "closePrice": "96.55"
        },
        {
            "fiscalDateEnding": "2022-06-30",
            "totalCurrentAssets": "2654425000",
            "cashAndShortTermInvestments": "276608000",
            "totalCurrentLiabilities": "1860743000",
            "currentDebt": "None",
            "netIncome": "37494000",
            "capitalExpenditures": "20847000",
            "operatingCashflow": "-21195000",
            "grossProfit": "93618000",
            "totalRevenue": "1990472000",
            "sentiment": 0.17364935721913696,
            "surprise": "0.23",
            "closePrice": "89.05"
        },
        {
            "fiscalDateEnding": "2022-03-31",
            "totalCurrentAssets": "2434973000",
            "cashAndShortTermInvestments": "307964000",
            "totalCurrentLiabilities": "1659137000",
            "currentDebt": "None",
            "netIncome": "26869000",
            "capitalExpenditures": "30935000",
            "operatingCashflow": "84326000",
            "grossProfit": "76510000",
            "totalRevenue": "1804170000",
            "sentiment": 0.22515136767636246,
            "surprise": "-0.05",
            "closePrice": "77.6"
        },
        {
            "fiscalDateEnding": "2021-12-31",
            "totalCurrentAssets": "2161479000",
            "cashAndShortTermInvestments": "217067000",
            "totalCurrentLiabilities": "1366485000",
            "currentDebt": "None",
            "netIncome": "23423000",
            "capitalExpenditures": "33246000",
            "operatingCashflow": "-88979000",
            "grossProfit": "69996000",
            "totalRevenue": "1656291000",
            "sentiment": 0,
            "surprise": "-0.12",
            "closePrice": "79.15"
        },
        {
            "fiscalDateEnding": "2021-09-30",
            "totalCurrentAssets": "1930886000",
            "cashAndShortTermInvestments": "270172000",
            "totalCurrentLiabilities": "1128703000",
            "currentDebt": "4616000",
            "netIncome": "33341000",
            "capitalExpenditures": "22715000",
            "operatingCashflow": "11065000",
            "grossProfit": "78967000",
            "totalRevenue": "1712840000",
            "sentiment": 0,
            "surprise": "-0.07",
            "closePrice": "93.21"
        },
        {
            "fiscalDateEnding": "2021-06-30",
            "totalCurrentAssets": "1811740000",
            "cashAndShortTermInvestments": "303255000",
            "totalCurrentLiabilities": "1001559000",
            "currentDebt": "None",
            "netIncome": "27609000",
            "capitalExpenditures": "11235000",
            "operatingCashflow": "42653000",
            "grossProfit": "74050000",
            "totalRevenue": "1653529000",
            "sentiment": 0,
            "surprise": "0.24",
            "closePrice": "87.58"
        },
        {
            "fiscalDateEnding": "2021-03-31",
            "totalCurrentAssets": "1727335000",
            "cashAndShortTermInvestments": "294370000",
            "totalCurrentLiabilities": "919273000",
            "currentDebt": "None",
            "netIncome": "41763000",
            "capitalExpenditures": "7269000",
            "operatingCashflow": "82143000",
            "grossProfit": "91002000",
            "totalRevenue": "1783958000",
            "sentiment": 0,
            "surprise": "0.24",
            "closePrice": "93.43"
        },
        {
            "fiscalDateEnding": "2020-12-31",
            "totalCurrentAssets": "1758346000",
            "cashAndShortTermInvestments": "356724000",
            "totalCurrentLiabilities": "955456000",
            "currentDebt": "None",
            "netIncome": "36199000",
            "capitalExpenditures": "15880000",
            "operatingCashflow": "6716000",
            "grossProfit": "79277000",
            "totalRevenue": "1683861000",
            "sentiment": 0,
            "surprise": "0.14",
            "closePrice": "84.27"
        },
        {
            "fiscalDateEnding": "2020-09-30",
            "totalCurrentAssets": "1779159000",
            "cashAndShortTermInvestments": "385807000",
            "totalCurrentLiabilities": "1003517000",
            "currentDebt": "None",
            "netIncome": "37705000",
            "capitalExpenditures": "8865000",
            "operatingCashflow": "117849000",
            "grossProfit": "89190000",
            "totalRevenue": "1844930000",
            "sentiment": 0,
            "surprise": "0.14",
            "closePrice": "69.04"
        },
        {
            "fiscalDateEnding": "2020-06-30",
            "totalCurrentAssets": "1787787000",
            "cashAndShortTermInvestments": "296545000",
            "totalCurrentLiabilities": "1037620000",
            "currentDebt": "None",
            "netIncome": "35842000",
            "capitalExpenditures": "10544000",
            "operatingCashflow": "47111000",
            "grossProfit": "82881000",
            "totalRevenue": "857394000",
            "sentiment": 0,
            "surprise": "0.45",
            "closePrice": "72.82"
        },
        {
            "fiscalDateEnding": "2020-03-31",
            "totalCurrentAssets": "1594732000",
            "cashAndShortTermInvestments": "225830000",
            "totalCurrentLiabilities": "900857000",
            "currentDebt": "None",
            "netIncome": "12926000",
            "capitalExpenditures": "17004000",
            "operatingCashflow": "-29304000",
            "grossProfit": "61445000",
            "totalRevenue": "767364000",
            "sentiment": 0,
            "surprise": "0.05",
            "closePrice": "56.47"
        },
        {
            "fiscalDateEnding": "2019-12-31",
            "totalCurrentAssets": "1593389000",
            "cashAndShortTermInvestments": "252914000",
            "totalCurrentLiabilities": "889851000",
            "currentDebt": "None",
            "netIncome": "31006000",
            "capitalExpenditures": "13675000",
            "operatingCashflow": "74712000",
            "grossProfit": "79190000",
            "totalRevenue": "852409000",
            "sentiment": 0,
            "surprise": "0.07",
            "closePrice": "79.65"
        },
        {
            "fiscalDateEnding": "2019-09-30",
            "totalCurrentAssets": "1538291000",
            "cashAndShortTermInvestments": "223761000",
            "totalCurrentLiabilities": "865503000",
            "currentDebt": "None",
            "netIncome": "36831000",
            "capitalExpenditures": "15998000",
            "operatingCashflow": "108268000",
            "grossProfit": "77789000",
            "totalRevenue": "810195000",
            "sentiment": 0,
            "surprise": "0.07",
            "closePrice": "65.83"
        },
        {
            "fiscalDateEnding": "2019-06-30",
            "totalCurrentAssets": "1557701000",
            "cashAndShortTermInvestments": "198395000",
            "totalCurrentLiabilities": "875636000",
            "currentDebt": "None",
            "netIncome": "24801000",
            "capitalExpenditures": "20046000",
            "operatingCashflow": "41564000",
            "grossProfit": "71030000",
            "totalRevenue": "1628558000",
            "sentiment": 0,
            "surprise": "0",
            "closePrice": "59.87"
        },
        {
            "fiscalDateEnding": "2019-03-31",
            "totalCurrentAssets": "1549463000",
            "cashAndShortTermInvestments": "184028000",
            "totalCurrentLiabilities": "844674000",
            "currentDebt": "None",
            "netIncome": "24758000",
            "capitalExpenditures": "29653000",
            "operatingCashflow": "-1191000",
            "grossProfit": "70636000",
            "totalRevenue": "1604659000",
            "sentiment": 0,
            "surprise": "-0.05",
            "closePrice": "65.91"
        },
        {
            "fiscalDateEnding": "2018-12-31",
            "totalCurrentAssets": "1533841000",
            "cashAndShortTermInvestments": "188799000",
            "totalCurrentLiabilities": "779821000",
            "currentDebt": "None",
            "netIncome": "22226000",
            "capitalExpenditures": "24903000",
            "operatingCashflow": "-33341000",
            "grossProfit": "72383000",
            "totalRevenue": "1567572000",
            "sentiment": 0,
            "surprise": "0.01",
            "closePrice": "54.84"
        },
        {
            "fiscalDateEnding": "2018-09-30",
            "totalCurrentAssets": "1517161000",
            "cashAndShortTermInvestments": "297269000",
            "totalCurrentLiabilities": "737673000",
            "currentDebt": "None",
            "netIncome": "72742000",
            "capitalExpenditures": "10703000",
            "operatingCashflow": "25361000",
            "grossProfit": "73304000",
            "totalRevenue": "771178000",
            "sentiment": 0,
            "surprise": "0.09",
            "closePrice": "54.48"
        },
        {
            "fiscalDateEnding": "2018-06-30",
            "totalCurrentAssets": "1499717000",
            "cashAndShortTermInvestments": "332723000",
            "totalCurrentLiabilities": "709272000",
            "currentDebt": "None",
            "netIncome": "26501000",
            "capitalExpenditures": "22962000",
            "operatingCashflow": "38629000",
            "grossProfit": "67821000",
            "totalRevenue": "723475000",
            "sentiment": 0,
            "surprise": "-0.03",
            "closePrice": "60.88"
        },
        {
            "fiscalDateEnding": "2018-03-31",
            "totalCurrentAssets": "1537556000",
            "cashAndShortTermInvestments": "402470000",
            "totalCurrentLiabilities": "833162000",
            "currentDebt": "None",
            "netIncome": "12290000",
            "capitalExpenditures": "12413000",
            "operatingCashflow": "-66265000",
            "grossProfit": "52952000",
            "totalRevenue": "695104000",
            "sentiment": 0,
            "surprise": "0",
            "closePrice": "61.48"
        },
        {
            "fiscalDateEnding": "2017-12-31",
            "totalCurrentAssets": "1550883000",
            "cashAndShortTermInvestments": "506694000",
            "totalCurrentLiabilities": "817177000",
            "currentDebt": "None",
            "netIncome": "-98493000",
            "capitalExpenditures": "16702000",
            "operatingCashflow": "69106000",
            "grossProfit": "63523000",
            "totalRevenue": "673693000",
            "sentiment": 0,
            "surprise": "-0.05",
            "closePrice": "64.36"
        },
        {
            "fiscalDateEnding": "2017-09-30",
            "totalCurrentAssets": "1617455000",
            "cashAndShortTermInvestments": "568860000",
            "totalCurrentLiabilities": "907591000",
            "currentDebt": "None",
            "netIncome": "29009000",
            "capitalExpenditures": "14095000",
            "operatingCashflow": "49811000",
            "grossProfit": "66514000",
            "totalRevenue": "669852000",
            "sentiment": 0,
            "surprise": "0.02",
            "closePrice": "58.67"
        },
        {
            "fiscalDateEnding": "2017-06-30",
            "totalCurrentAssets": "1520809000",
            "cashAndShortTermInvestments": "519172000",
            "totalCurrentLiabilities": "835136000",
            "currentDebt": "None",
            "netIncome": "25579000",
            "capitalExpenditures": "9822000",
            "operatingCashflow": "16316000",
            "grossProfit": "61185000",
            "totalRevenue": "618832000",
            "sentiment": 0,
            "surprise": "0.02",
            "closePrice": "53.86"
        },
        {
            "fiscalDateEnding": "2017-03-31",
            "totalCurrentAssets": "1480312000",
            "cashAndShortTermInvestments": "524520000",
            "totalCurrentLiabilities": "641436000",
            "currentDebt": "None",
            "netIncome": "29295000",
            "capitalExpenditures": "7671000",
            "operatingCashflow": "26156000",
            "grossProfit": "63800000",
            "totalRevenue": "604349000",
            "sentiment": 0,
            "surprise": "0.08",
            "closePrice": "58.22"
        },
        {
            "fiscalDateEnding": "2016-12-31",
            "totalCurrentAssets": "1430387000",
            "cashAndShortTermInvestments": "496505000",
            "totalCurrentLiabilities": "628893000",
            "currentDebt": "None",
            "netIncome": "28179000",
            "capitalExpenditures": "6950000",
            "operatingCashflow": "79451000",
            "grossProfit": "64356000",
            "totalRevenue": "631856000",
            "sentiment": 0,
            "surprise": "0.05",
            "closePrice": "53.41"
        },
        {
            "fiscalDateEnding": "2016-09-30",
            "totalCurrentAssets": "1433347000",
            "cashAndShortTermInvestments": "432964000",
            "totalCurrentLiabilities": "650436000",
            "currentDebt": "None",
            "netIncome": "19093000",
            "capitalExpenditures": "7347000",
            "operatingCashflow": "5126000",
            "grossProfit": "61530000",
            "totalRevenue": "653064000",
            "sentiment": 0,
            "surprise": "-0.13",
            "closePrice": "45.23"
        },
        {
            "fiscalDateEnding": "2016-06-30",
            "totalCurrentAssets": "1419867000",
            "cashAndShortTermInvestments": "433679000",
            "totalCurrentLiabilities": "658299000",
            "currentDebt": "None",
            "netIncome": "26099000",
            "capitalExpenditures": "7019000",
            "operatingCashflow": "31299000",
            "grossProfit": "62498000",
            "totalRevenue": "667616000",
            "sentiment": 0,
            "surprise": "0.05",
            "closePrice": "45.75"
        },
        {
            "fiscalDateEnding": "2016-03-31",
            "totalCurrentAssets": "1336096000",
            "cashAndShortTermInvestments": "409796000",
            "totalCurrentLiabilities": "529154000",
            "currentDebt": "None",
            "netIncome": "16787000",
            "capitalExpenditures": "5012000",
            "operatingCashflow": "70047000",
            "grossProfit": "53272000",
            "totalRevenue": "618660000",
            "sentiment": 0,
            "surprise": "0.03",
            "closePrice": "38.58"
        },
        {
            "fiscalDateEnding": "2015-12-31",
            "totalCurrentAssets": "1298241000",
            "cashAndShortTermInvestments": "354728000",
            "totalCurrentLiabilities": "518502000",
            "currentDebt": "None",
            "netIncome": "14448000",
            "capitalExpenditures": "11745000",
            "operatingCashflow": "21266000",
            "grossProfit": "50059000",
            "totalRevenue": "616664000",
            "sentiment": 0,
            "surprise": "0.02",
            "closePrice": "29.63"
        },
        {
            "fiscalDateEnding": "2015-09-30",
            "totalCurrentAssets": "1334039000",
            "cashAndShortTermInvestments": "357106000",
            "totalCurrentLiabilities": "579298000",
            "currentDebt": "None",
            "netIncome": "23865000",
            "capitalExpenditures": "8178000",
            "operatingCashflow": "21002000",
            "grossProfit": "59272000",
            "totalRevenue": "668730000",
            "sentiment": 0,
            "surprise": "0.01",
            "closePrice": "39.28"
        },
        {
            "fiscalDateEnding": "2015-06-30",
            "totalCurrentAssets": "1325616000",
            "cashAndShortTermInvestments": "354830000",
            "totalCurrentLiabilities": "580324000",
            "currentDebt": "None",
            "netIncome": "23794000",
            "capitalExpenditures": "10223000",
            "operatingCashflow": "14856000",
            "grossProfit": "59087000",
            "totalRevenue": "669585000",
            "sentiment": 0,
            "surprise": "-0.01",
            "closePrice": "39.13"
        },
        {
            "fiscalDateEnding": "2015-03-31",
            "totalCurrentAssets": "1288839000",
            "cashAndShortTermInvestments": "356296000",
            "totalCurrentLiabilities": "568424000",
            "currentDebt": "None",
            "netIncome": "23594000",
            "capitalExpenditures": "7080000",
            "operatingCashflow": "131004000",
            "grossProfit": "59777000",
            "totalRevenue": "651285000",
            "sentiment": 0,
            "surprise": "0",
            "closePrice": "43.8"
        },
        {
            "fiscalDateEnding": "2014-12-31",
            "totalCurrentAssets": "1193326000",
            "cashAndShortTermInvestments": "239685000",
            "totalCurrentLiabilities": "490489000",
            "currentDebt": "None",
            "netIncome": "23079000",
            "capitalExpenditures": "9595000",
            "operatingCashflow": "-90290000",
            "grossProfit": "61414000",
            "totalRevenue": "664690000",
            "sentiment": 0,
            "surprise": "0",
            "closePrice": "40.03"
        },
        {
            "fiscalDateEnding": "2014-09-30",
            "totalCurrentAssets": "1230839000",
            "cashAndShortTermInvestments": "346591000",
            "totalCurrentLiabilities": "547315000",
            "currentDebt": "None",
            "netIncome": "26450000",
            "capitalExpenditures": "6995000",
            "operatingCashflow": "30754000",
            "grossProfit": "62639000",
            "totalRevenue": "666223000",
            "sentiment": 0,
            "surprise": "0",
            "closePrice": "35.46"
        },
        {
            "fiscalDateEnding": "2014-06-30",
            "totalCurrentAssets": "1208035000",
            "cashAndShortTermInvestments": "330314000",
            "totalCurrentLiabilities": "549473000",
            "currentDebt": "None",
            "netIncome": "24584000",
            "capitalExpenditures": "27654000",
            "operatingCashflow": "37983000",
            "grossProfit": "58593000",
            "totalRevenue": "617450000",
            "sentiment": 0,
            "surprise": "0.02",
            "closePrice": "42.08"
        },
        {
            "fiscalDateEnding": "2014-03-31",
            "totalCurrentAssets": "1116529000",
            "cashAndShortTermInvestments": "323695000",
            "totalCurrentLiabilities": "486595000",
            "currentDebt": "None",
            "netIncome": "18516000",
            "capitalExpenditures": "8840000",
            "operatingCashflow": "16024000",
            "grossProfit": "52835000",
            "totalRevenue": "554534000",
            "sentiment": 0,
            "surprise": "0",
            "closePrice": "40.28"
        },
        {
            "fiscalDateEnding": "2013-12-31",
            "totalCurrentAssets": "1093010000",
            "cashAndShortTermInvestments": "324156000",
            "totalCurrentLiabilities": "474981000",
            "currentDebt": "None",
            "netIncome": "17663000",
            "capitalExpenditures": "21795000",
            "operatingCashflow": "3671000",
            "grossProfit": "51502000",
            "totalRevenue": "531162000",
            "sentiment": 0,
            "surprise": "0",
            "closePrice": "43.14"
        },
        {
            "fiscalDateEnding": "2013-09-30",
            "totalCurrentAssets": "1079022000",
            "cashAndShortTermInvestments": "341865000",
            "totalCurrentLiabilities": "471376000",
            "currentDebt": "None",
            "netIncome": "24464000",
            "capitalExpenditures": "23863000",
            "operatingCashflow": "90745000",
            "grossProfit": "54529000",
            "totalRevenue": "567730000",
            "sentiment": 0,
            "surprise": "0",
            "closePrice": "38.72"
        },
        {
            "fiscalDateEnding": "2013-06-30",
            "totalCurrentAssets": "1084834000",
            "cashAndShortTermInvestments": "285604000",
            "totalCurrentLiabilities": "488733000",
            "currentDebt": "None",
            "netIncome": "23204000",
            "capitalExpenditures": "30958000",
            "operatingCashflow": "53975000",
            "grossProfit": "55473000",
            "totalRevenue": "569295000",
            "sentiment": 0,
            "surprise": "0.1",
            "closePrice": "30.38"
        },
        {
            "fiscalDateEnding": "2013-03-31",
            "totalCurrentAssets": "1120558000",
            "cashAndShortTermInvestments": "276507000",
            "totalCurrentLiabilities": "515174000",
            "currentDebt": "None",
            "netIncome": "17975000",
            "capitalExpenditures": "27458000",
            "operatingCashflow": "54420000",
            "grossProfit": "52021000",
            "totalRevenue": "554184000",
            "sentiment": 0,
            "surprise": "0",
            "closePrice": "25.33"
        },
        {
            "fiscalDateEnding": "2012-12-31",
            "totalCurrentAssets": "1066888000",
            "cashAndShortTermInvestments": "274183000",
            "totalCurrentLiabilities": "450645000",
            "currentDebt": "None",
            "netIncome": "16616000",
            "capitalExpenditures": "25843000",
            "operatingCashflow": "8507000",
            "grossProfit": "51162000",
            "totalRevenue": "526881000",
            "sentiment": 0,
            "surprise": "-0.03",
            "closePrice": "25.08"
        },
        {
            "fiscalDateEnding": "2012-09-30",
            "totalCurrentAssets": "1099805000",
            "cashAndShortTermInvestments": "297619000",
            "totalCurrentLiabilities": "479871000",
            "currentDebt": "None",
            "netIncome": "728000",
            "capitalExpenditures": "18629000",
            "operatingCashflow": "40684000",
            "grossProfit": "56244000",
            "totalRevenue": "594789000",
            "sentiment": 0,
            "surprise": "0.03",
            "closePrice": "28.82"
        },
        {
            "fiscalDateEnding": "2012-06-30",
            "totalCurrentAssets": "1108760000",
            "cashAndShortTermInvestments": "277909000",
            "totalCurrentLiabilities": "492556000",
            "currentDebt": "None",
            "netIncome": "23533000",
            "capitalExpenditures": "12168000",
            "operatingCashflow": "34863000",
            "grossProfit": "57393000",
            "totalRevenue": "604694000",
            "sentiment": 0,
            "surprise": "0.03",
            "closePrice": "27.45"
        },
        {
            "fiscalDateEnding": "2012-03-31",
            "totalCurrentAssets": "1077137000",
            "cashAndShortTermInvestments": "257754000",
            "totalCurrentLiabilities": "483683000",
            "currentDebt": "None",
            "netIncome": "19958000",
            "capitalExpenditures": "10744000",
            "operatingCashflow": "52133000",
            "grossProfit": "54624000",
            "totalRevenue": "569450000",
            "sentiment": 0,
            "surprise": "0.02",
            "closePrice": "33.08"
        },
        {
            "fiscalDateEnding": "2011-12-31",
            "totalCurrentAssets": "999313000",
            "cashAndShortTermInvestments": "248284000",
            "totalCurrentLiabilities": "424621000",
            "currentDebt": "None",
            "netIncome": "17870000",
            "capitalExpenditures": "22156000",
            "operatingCashflow": "29823000",
            "grossProfit": "51652000",
            "totalRevenue": "525537000",
            "sentiment": 0,
            "surprise": "0.03",
            "closePrice": "33.25"
        },
        {
            "fiscalDateEnding": "2011-09-30",
            "totalCurrentAssets": "1008570000",
            "cashAndShortTermInvestments": "242107000",
            "totalCurrentLiabilities": "454677000",
            "currentDebt": "None",
            "netIncome": "18323000",
            "capitalExpenditures": "26660000",
            "operatingCashflow": "94482000",
            "grossProfit": "50288000",
            "totalRevenue": "538130000",
            "sentiment": 0,
            "surprise": "0.01",
            "closePrice": "27.9"
        },
        {
            "fiscalDateEnding": "2011-06-30",
            "totalCurrentAssets": "1036002000",
            "cashAndShortTermInvestments": "208729000",
            "totalCurrentLiabilities": "443489000",
            "currentDebt": "None",
            "netIncome": "22040000",
            "capitalExpenditures": "19200000",
            "operatingCashflow": "15612000",
            "grossProfit": "54074000",
            "totalRevenue": "559183000",
            "sentiment": 0,
            "surprise": "0.03",
            "closePrice": "33.38"
        },
        {
            "fiscalDateEnding": "2011-03-31",
            "totalCurrentAssets": "943641000",
            "cashAndShortTermInvestments": "123381000",
            "totalCurrentLiabilities": "450657000",
            "currentDebt": "None",
            "netIncome": "23860000",
            "capitalExpenditures": "11696000",
            "operatingCashflow": "69485000",
            "grossProfit": "55470000",
            "totalRevenue": "568145000",
            "sentiment": 0.2947605924859951,
            "surprise": "0.03",
            "closePrice": "33.73"
        },
        {
            "fiscalDateEnding": "2011-12-31",
            "totalCurrentAssets": "1027657000",
            "cashAndShortTermInvestments": "248284000",
            "totalCurrentLiabilities": "478440000",
            "currentDebt": "None",
            "netIncome": "25033000",
            "capitalExpenditures": "13263000",
            "operatingCashflow": "-21128000",
            "grossProfit": "54910000",
            "totalRevenue": "565774000",
            "sentiment": 0,
            "surprise": "0.03",
            "closePrice": "33.25"
        },
        {
            "fiscalDateEnding": "2010-09-30",
            "totalCurrentAssets": "1025991000",
            "cashAndShortTermInvestments": "188244000",
            "totalCurrentLiabilities": "502519000",
            "currentDebt": "None",
            "netIncome": "26607000",
            "capitalExpenditures": "17741000",
            "operatingCashflow": "19122000",
            "grossProfit": "56362000",
            "totalRevenue": "555632000",
            "sentiment": 0,
            "surprise": "0.05",
            "closePrice": "33.59"
        },
        {
            "fiscalDateEnding": "2010-06-30",
            "totalCurrentAssets": "966810000",
            "cashAndShortTermInvestments": "190203000",
            "totalCurrentLiabilities": "459173000",
            "currentDebt": "None",
            "netIncome": "24368000",
            "capitalExpenditures": "15897000",
            "operatingCashflow": "-31775000",
            "grossProfit": "55548000",
            "totalRevenue": "536184000",
            "sentiment": 0,
            "surprise": "0.02",
            "closePrice": "28.86"
        }
    ]
}