{
    "POWI": [
        {
            "fiscalDateEnding": "2023-12-31",
            "totalCurrentAssets": "511600000",
            "cashAndShortTermInvestments": "311569000",
            "totalCurrentLiabilities": "48867000",
            "currentDebt": "None",
            "netIncome": "14271000",
            "capitalExpenditures": "6143000",
            "operatingCashflow": "16267000",
            "grossProfit": "46208000",
            "totalRevenue": "89507000",
            "sentiment": 0.16919752185354747,
            "surprise": "0.07",
            "closePrice": "78.0683095002124"
        },
        {
            "fiscalDateEnding": "2023-09-30",
            "totalCurrentAssets": "556116000",
            "cashAndShortTermInvestments": "356639000",
            "totalCurrentLiabilities": "53421000",
            "currentDebt": "None",
            "netIncome": "19796000",
            "capitalExpenditures": "7530000",
            "operatingCashflow": "26726000",
            "grossProfit": "65945000",
            "totalRevenue": "125511000",
            "sentiment": 0.3841086723555131,
            "surprise": "-0.01",
            "closePrice": "74.7939927441317"
        },
        {
            "fiscalDateEnding": "2023-06-30",
            "totalCurrentAssets": "550987000",
            "cashAndShortTermInvestments": "346315000",
            "totalCurrentLiabilities": "64819000",
            "currentDebt": "None",
            "netIncome": "14793000",
            "capitalExpenditures": "3129000",
            "operatingCashflow": "6181000",
            "grossProfit": "62846000",
            "totalRevenue": "123223000",
            "sentiment": 0.34905697964834004,
            "surprise": "0.02",
            "closePrice": "89.3214176293331"
        },
        {
            "fiscalDateEnding": "2023-03-31",
            "totalCurrentAssets": "539195000",
            "cashAndShortTermInvestments": "358628000",
            "totalCurrentLiabilities": "63062000",
            "currentDebt": "None",
            "netIncome": "6875000",
            "capitalExpenditures": "4082000",
            "operatingCashflow": "16585000",
            "grossProfit": "53957000",
            "totalRevenue": "106297000",
            "sentiment": 0.3202700415806833,
            "surprise": "0",
            "closePrice": "72.9199385497613"
        },
        {
            "fiscalDateEnding": "2022-12-31",
            "totalCurrentAssets": "525073000",
            "cashAndShortTermInvestments": "353813000",
            "totalCurrentLiabilities": "58376000",
            "currentDebt": "None",
            "netIncome": "22815000",
            "capitalExpenditures": "5767000",
            "operatingCashflow": "24098000",
            "grossProfit": "67354000",
            "totalRevenue": "124770000",
            "sentiment": 0.2250270819060269,
            "surprise": "0.02",
            "closePrice": "86.908346678149"
        },
        {
            "fiscalDateEnding": "2022-09-30",
            "totalCurrentAssets": "512029000",
            "cashAndShortTermInvestments": "363228000",
            "totalCurrentLiabilities": "58859000",
            "currentDebt": "None",
            "netIncome": "45964000",
            "capitalExpenditures": "5500000",
            "operatingCashflow": "49826000",
            "grossProfit": "92035000",
            "totalRevenue": "160233000",
            "sentiment": 0.33265819328062735,
            "surprise": "0.01",
            "closePrice": "65.4057692080344"
        },
        {
            "fiscalDateEnding": "2022-06-30",
            "totalCurrentAssets": "481049000",
            "cashAndShortTermInvestments": "327592000",
            "totalCurrentLiabilities": "70129000",
            "currentDebt": "None",
            "netIncome": "55824000",
            "capitalExpenditures": "13244000",
            "operatingCashflow": "66822000",
            "grossProfit": "106843000",
            "totalRevenue": "183986000",
            "sentiment": 0.09112901296307874,
            "surprise": "0.05",
            "closePrice": "83.73928807145"
        },
        {
            "fiscalDateEnding": "2022-03-31",
            "totalCurrentAssets": "592501000",
            "cashAndShortTermInvestments": "444043000",
            "totalCurrentLiabilities": "69234000",
            "currentDebt": "None",
            "netIncome": "46248000",
            "capitalExpenditures": "14700000",
            "operatingCashflow": "74597000",
            "grossProfit": "100675000",
            "totalRevenue": "182149000",
            "sentiment": 0.15304434052462804,
            "surprise": "0.06",
            "closePrice": "83.1010595190398"
        },
        {
            "fiscalDateEnding": "2021-12-31",
            "totalCurrentAssets": "686815000",
            "cashAndShortTermInvestments": "530352000",
            "totalCurrentLiabilities": "72321000",
            "currentDebt": "None",
            "netIncome": "40700000",
            "capitalExpenditures": "16967000",
            "operatingCashflow": "47163000",
            "grossProfit": "93176000",
            "totalRevenue": "172654000",
            "sentiment": 0,
            "surprise": "0.08",
            "closePrice": "77.4805033311944"
        },
        {
            "fiscalDateEnding": "2021-09-30",
            "totalCurrentAssets": "703347000",
            "cashAndShortTermInvestments": "548941000",
            "totalCurrentLiabilities": "66062000",
            "currentDebt": "None",
            "netIncome": "42034000",
            "capitalExpenditures": "11011000",
            "operatingCashflow": "58735000",
            "grossProfit": "91739000",
            "totalRevenue": "176776000",
            "sentiment": 0,
            "surprise": "0.06",
            "closePrice": "104.608465528453"
        },
        {
            "fiscalDateEnding": "2021-06-30",
            "totalCurrentAssets": "667545000",
            "cashAndShortTermInvestments": "515258000",
            "totalCurrentLiabilities": "68266000",
            "currentDebt": "None",
            "netIncome": "41881000",
            "capitalExpenditures": "8243000",
            "operatingCashflow": "66848000",
            "grossProfit": "91313000",
            "totalRevenue": "180110000",
            "sentiment": 0,
            "surprise": "0.08",
            "closePrice": "83.0193990306039"
        },
        {
            "fiscalDateEnding": "2021-03-31",
            "totalCurrentAssets": "642312000",
            "cashAndShortTermInvestments": "491339000",
            "totalCurrentLiabilities": "62527000",
            "currentDebt": "None",
            "netIncome": "39798000",
            "capitalExpenditures": "11051000",
            "operatingCashflow": "58122000",
            "grossProfit": "84411000",
            "totalRevenue": "173737000",
            "sentiment": 0,
            "surprise": "0.2",
            "closePrice": "82.0003096176208"
        },
        {
            "fiscalDateEnding": "2020-12-31",
            "totalCurrentAssets": "601232000",
            "cashAndShortTermInvestments": "449192000",
            "totalCurrentLiabilities": "62526000",
            "currentDebt": "2682000",
            "netIncome": "27278000",
            "capitalExpenditures": "34860000",
            "operatingCashflow": "46366000",
            "grossProfit": "74005000",
            "totalRevenue": "150693000",
            "sentiment": 0,
            "surprise": "0.16",
            "closePrice": "86.548767532433"
        },
        {
            "fiscalDateEnding": "2020-09-30",
            "totalCurrentAssets": "592947000",
            "cashAndShortTermInvestments": "232014000",
            "totalCurrentLiabilities": "66251000",
            "currentDebt": "None",
            "netIncome": "14820000",
            "capitalExpenditures": "14116000",
            "operatingCashflow": "16229000",
            "grossProfit": "59569000",
            "totalRevenue": "121129000",
            "sentiment": 0,
            "surprise": "0.04",
            "closePrice": "56.7384457823179"
        },
        {
            "fiscalDateEnding": "2020-06-30",
            "totalCurrentAssets": "577228000",
            "cashAndShortTermInvestments": "251325000",
            "totalCurrentLiabilities": "64755000",
            "currentDebt": "None",
            "netIncome": "13192000",
            "capitalExpenditures": "10019000",
            "operatingCashflow": "36653000",
            "grossProfit": "53536000",
            "totalRevenue": "106832000",
            "sentiment": 0,
            "surprise": "0.01",
            "closePrice": "60.940596023951"
        },
        {
            "fiscalDateEnding": "2020-03-31",
            "totalCurrentAssets": "560442000",
            "cashAndShortTermInvestments": "190459000",
            "totalCurrentLiabilities": "54470000",
            "currentDebt": "None",
            "netIncome": "15886000",
            "capitalExpenditures": "11603000",
            "operatingCashflow": "26391000",
            "grossProfit": "56480000",
            "totalRevenue": "109664000",
            "sentiment": 0,
            "surprise": "0.05",
            "closePrice": "50.8305252462825"
        },
        {
            "fiscalDateEnding": "2019-12-31",
            "totalCurrentAssets": "541339000",
            "cashAndShortTermInvestments": "178690000",
            "totalCurrentLiabilities": "50476000",
            "currentDebt": "1954000",
            "netIncome": "158291000",
            "capitalExpenditures": "10464000",
            "operatingCashflow": "182159000",
            "grossProfit": "58225000",
            "totalRevenue": "114457000",
            "sentiment": 0,
            "surprise": "0.02",
            "closePrice": "47.2280150777193"
        },
        {
            "fiscalDateEnding": "2019-09-30",
            "totalCurrentAssets": "374656000",
            "cashAndShortTermInvestments": "244811000",
            "totalCurrentLiabilities": "49652000",
            "currentDebt": "1803000",
            "netIncome": "17099000",
            "capitalExpenditures": "6077000",
            "operatingCashflow": "21844000",
            "grossProfit": "58131000",
            "totalRevenue": "114159000",
            "sentiment": 0,
            "surprise": "0.02",
            "closePrice": "42.7928617659852"
        },
        {
            "fiscalDateEnding": "2019-06-30",
            "totalCurrentAssets": "360002000",
            "cashAndShortTermInvestments": "229766000",
            "totalCurrentLiabilities": "55334000",
            "currentDebt": "1574000",
            "netIncome": "10845000",
            "capitalExpenditures": "4926000",
            "operatingCashflow": "19420000",
            "grossProfit": "51572000",
            "totalRevenue": "102865000",
            "sentiment": 0,
            "surprise": "0.01",
            "closePrice": "42.3545505759917"
        },
        {
            "fiscalDateEnding": "2019-03-31",
            "totalCurrentAssets": "341119000",
            "cashAndShortTermInvestments": "218696000",
            "totalCurrentLiabilities": "50921000",
            "currentDebt": "None",
            "netIncome": "7233000",
            "capitalExpenditures": "3673000",
            "operatingCashflow": "1076000",
            "grossProfit": "45474000",
            "totalRevenue": "89188000",
            "sentiment": 0,
            "surprise": "0.01",
            "closePrice": "37.4412877278443"
        },
        {
            "fiscalDateEnding": "2018-12-31",
            "totalCurrentAssets": "332432000",
            "cashAndShortTermInvestments": "228588000",
            "totalCurrentLiabilities": "48366000",
            "currentDebt": "None",
            "netIncome": "22736000",
            "capitalExpenditures": "5557000",
            "operatingCashflow": "18329000",
            "grossProfit": "48005000",
            "totalRevenue": "93307000",
            "sentiment": 0,
            "surprise": "0.03",
            "closePrice": "32.417448886596"
        },
        {
            "fiscalDateEnding": "2018-09-30",
            "totalCurrentAssets": "348833000",
            "cashAndShortTermInvestments": "248317000",
            "totalCurrentLiabilities": "50505000",
            "currentDebt": "None",
            "netIncome": "17667000",
            "capitalExpenditures": "9007000",
            "operatingCashflow": "23209000",
            "grossProfit": "57005000",
            "totalRevenue": "110085000",
            "sentiment": 0,
            "surprise": "0.01",
            "closePrice": "26.0051229905901"
        },
        {
            "fiscalDateEnding": "2018-06-30",
            "totalCurrentAssets": "332967000",
            "cashAndShortTermInvestments": "246681000",
            "totalCurrentLiabilities": "44413000",
            "currentDebt": "None",
            "netIncome": "15381000",
            "capitalExpenditures": "4022000",
            "operatingCashflow": "26697000",
            "grossProfit": "56234000",
            "totalRevenue": "109482000",
            "sentiment": 0,
            "surprise": "0.02",
            "closePrice": "36.0268883651935"
        },
        {
            "fiscalDateEnding": "2018-03-31",
            "totalCurrentAssets": "349635000",
            "cashAndShortTermInvestments": "257697000",
            "totalCurrentLiabilities": "48165000",
            "currentDebt": "None",
            "netIncome": "14200000",
            "capitalExpenditures": "6991000",
            "operatingCashflow": "15729000",
            "grossProfit": "53544000",
            "totalRevenue": "103081000",
            "sentiment": 0,
            "surprise": "0.04",
            "closePrice": "31.3384584584573"
        },
        {
            "fiscalDateEnding": "2017-12-31",
            "totalCurrentAssets": "364534000",
            "cashAndShortTermInvestments": "282891000",
            "totalCurrentLiabilities": "51051000",
            "currentDebt": "None",
            "netIncome": "-16898000",
            "capitalExpenditures": "2929000",
            "operatingCashflow": "27442000",
            "grossProfit": "54028000",
            "totalRevenue": "108249000",
            "sentiment": 0,
            "surprise": "0.01",
            "closePrice": "35.9380230751159"
        },
        {
            "fiscalDateEnding": "2017-09-30",
            "totalCurrentAssets": "346923000",
            "cashAndShortTermInvestments": "263742000",
            "totalCurrentLiabilities": "54368000",
            "currentDebt": "None",
            "netIncome": "16506000",
            "capitalExpenditures": "6691000",
            "operatingCashflow": "24562000",
            "grossProfit": "55713000",
            "totalRevenue": "111255000",
            "sentiment": 0,
            "surprise": "0.03",
            "closePrice": "35.9913188806522"
        },
        {
            "fiscalDateEnding": "2017-06-30",
            "totalCurrentAssets": "342026000",
            "cashAndShortTermInvestments": "253995000",
            "totalCurrentLiabilities": "46693000",
            "currentDebt": "None",
            "netIncome": "13902000",
            "capitalExpenditures": "16473000",
            "operatingCashflow": "24088000",
            "grossProfit": "53447000",
            "totalRevenue": "107563000",
            "sentiment": 0,
            "surprise": "0.02",
            "closePrice": "36.4165064337285"
        },
        {
            "fiscalDateEnding": "2017-03-31",
            "totalCurrentAssets": "333053000",
            "cashAndShortTermInvestments": "250088000",
            "totalCurrentLiabilities": "50910000",
            "currentDebt": "None",
            "netIncome": "14099000",
            "capitalExpenditures": "6403000",
            "operatingCashflow": "5947000",
            "grossProfit": "50476000",
            "totalRevenue": "104688000",
            "sentiment": 0,
            "surprise": "0.01",
            "closePrice": "32.0249308544768"
        },
        {
            "fiscalDateEnding": "2016-12-31",
            "totalCurrentAssets": "318264000",
            "cashAndShortTermInvestments": "250457000",
            "totalCurrentLiabilities": "43946000",
            "currentDebt": "None",
            "netIncome": "14303000",
            "capitalExpenditures": "4124000",
            "operatingCashflow": "27742000",
            "grossProfit": "50076000",
            "totalRevenue": "103383000",
            "sentiment": 0,
            "surprise": "0.03",
            "closePrice": "34.0745179216712"
        },
        {
            "fiscalDateEnding": "2016-09-30",
            "totalCurrentAssets": "298555000",
            "cashAndShortTermInvestments": "226563000",
            "totalCurrentLiabilities": "59140000",
            "currentDebt": "None",
            "netIncome": "12809000",
            "capitalExpenditures": "3184000",
            "operatingCashflow": "26258000",
            "grossProfit": "49842000",
            "totalRevenue": "103790000",
            "sentiment": 0,
            "surprise": "0.05",
            "closePrice": "29.9699901363646"
        },
        {
            "fiscalDateEnding": "2016-06-30",
            "totalCurrentAssets": "269471000",
            "cashAndShortTermInvestments": "202234000",
            "totalCurrentLiabilities": "54513000",
            "currentDebt": "None",
            "netIncome": "11407000",
            "capitalExpenditures": "2795000",
            "operatingCashflow": "23610000",
            "grossProfit": "47785000",
            "totalRevenue": "97571000",
            "sentiment": 0,
            "surprise": "0.05",
            "closePrice": "26.6505863890031"
        },
        {
            "fiscalDateEnding": "2016-03-31",
            "totalCurrentAssets": "249408000",
            "cashAndShortTermInvestments": "185154000",
            "totalCurrentLiabilities": "50493000",
            "currentDebt": "None",
            "netIncome": "10379000",
            "capitalExpenditures": "2095000",
            "operatingCashflow": "20291000",
            "grossProfit": "44488000",
            "totalRevenue": "88036000",
            "sentiment": 0,
            "surprise": "0.05",
            "closePrice": "21.2465873302508"
        },
        {
            "fiscalDateEnding": "2015-12-31",
            "totalCurrentAssets": "240403000",
            "cashAndShortTermInvestments": "173861000",
            "totalCurrentLiabilities": "51993000",
            "currentDebt": "None",
            "netIncome": "12701000",
            "capitalExpenditures": "3740000",
            "operatingCashflow": "24799000",
            "grossProfit": "42916000",
            "totalRevenue": "87996000",
            "sentiment": 0,
            "surprise": "0.03",
            "closePrice": "20.7056843397468"
        },
        {
            "fiscalDateEnding": "2015-09-30",
            "totalCurrentAssets": "223312000",
            "cashAndShortTermInvestments": "150957000",
            "totalCurrentLiabilities": "55226000",
            "currentDebt": "None",
            "netIncome": "11513000",
            "capitalExpenditures": "2475000",
            "operatingCashflow": "24655000",
            "grossProfit": "44161000",
            "totalRevenue": "88878000",
            "sentiment": 0,
            "surprise": "0.03",
            "closePrice": "21.3823344071583"
        },
        {
            "fiscalDateEnding": "2015-06-30",
            "totalCurrentAssets": "257810000",
            "cashAndShortTermInvestments": "170885000",
            "totalCurrentLiabilities": "64491000",
            "currentDebt": "None",
            "netIncome": "8590000",
            "capitalExpenditures": "1822000",
            "operatingCashflow": "25061000",
            "grossProfit": "44018000",
            "totalRevenue": "85265000",
            "sentiment": 0,
            "surprise": "0",
            "closePrice": "17.880933242948"
        },
        {
            "fiscalDateEnding": "2015-03-31",
            "totalCurrentAssets": "262334000",
            "cashAndShortTermInvestments": "173197000",
            "totalCurrentLiabilities": "58927000",
            "currentDebt": "None",
            "netIncome": "6343000",
            "capitalExpenditures": "3322000",
            "operatingCashflow": "17672000",
            "grossProfit": "42292000",
            "totalRevenue": "82557000",
            "sentiment": 0,
            "surprise": "-0.01",
            "closePrice": "22.7698205283088"
        },
        {
            "fiscalDateEnding": "2014-12-31",
            "totalCurrentAssets": "265912000",
            "cashAndShortTermInvestments": "175283000",
            "totalCurrentLiabilities": "55160000",
            "currentDebt": "None",
            "netIncome": "14354000",
            "capitalExpenditures": "5677000",
            "operatingCashflow": "12475000",
            "grossProfit": "45805000",
            "totalRevenue": "86595000",
            "sentiment": 0,
            "surprise": "0.04",
            "closePrice": "25.1713141500336"
        },
        {
            "fiscalDateEnding": "2014-09-30",
            "totalCurrentAssets": "292079000",
            "cashAndShortTermInvestments": "213864000",
            "totalCurrentLiabilities": "58435000",
            "currentDebt": "None",
            "netIncome": "16111000",
            "capitalExpenditures": "8770000",
            "operatingCashflow": "30609000",
            "grossProfit": "49052000",
            "totalRevenue": "90144000",
            "sentiment": 0,
            "surprise": "0",
            "closePrice": "23.1038904447619"
        },
        {
            "fiscalDateEnding": "2014-06-30",
            "totalCurrentAssets": "295727000",
            "cashAndShortTermInvestments": "212414000",
            "totalCurrentLiabilities": "55581000",
            "currentDebt": "None",
            "netIncome": "16716000",
            "capitalExpenditures": "5420000",
            "operatingCashflow": "26235000",
            "grossProfit": "48736000",
            "totalRevenue": "88985000",
            "sentiment": 0,
            "surprise": "0.02",
            "closePrice": "23.9296862363894"
        },
        {
            "fiscalDateEnding": "2014-03-31",
            "totalCurrentAssets": "301092000",
            "cashAndShortTermInvestments": "217651000",
            "totalCurrentLiabilities": "54281000",
            "currentDebt": "None",
            "netIncome": "12363000",
            "capitalExpenditures": "4465000",
            "operatingCashflow": "16243000",
            "grossProfit": "45977000",
            "totalRevenue": "83073000",
            "sentiment": 0,
            "surprise": "-0.02",
            "closePrice": "26.7896945685515"
        },
        {
            "fiscalDateEnding": "2013-12-31",
            "totalCurrentAssets": "277422000",
            "cashAndShortTermInvestments": "202107000",
            "totalCurrentLiabilities": "50418000",
            "currentDebt": "None",
            "netIncome": "16037000",
            "capitalExpenditures": "2710000",
            "operatingCashflow": "23463000",
            "grossProfit": "48391000",
            "totalRevenue": "90412000",
            "sentiment": 0,
            "surprise": "0.02",
            "closePrice": "26.2594909620194"
        },
        {
            "fiscalDateEnding": "2013-09-30",
            "totalCurrentAssets": "251383000",
            "cashAndShortTermInvestments": "180169000",
            "totalCurrentLiabilities": "50959000",
            "currentDebt": "None",
            "netIncome": "16654000",
            "capitalExpenditures": "4358000",
            "operatingCashflow": "29001000",
            "grossProfit": "48774000",
            "totalRevenue": "91715000",
            "sentiment": 0,
            "surprise": "0.03",
            "closePrice": "23.5102526760113"
        },
        {
            "fiscalDateEnding": "2013-06-30",
            "totalCurrentAssets": "216468000",
            "cashAndShortTermInvestments": "145056000",
            "totalCurrentLiabilities": "48937000",
            "currentDebt": "None",
            "netIncome": "13672000",
            "capitalExpenditures": "2942000",
            "operatingCashflow": "24635000",
            "grossProfit": "46207000",
            "totalRevenue": "87922000",
            "sentiment": 0,
            "surprise": "0.02",
            "closePrice": "23.7654079375105"
        },
        {
            "fiscalDateEnding": "2013-03-31",
            "totalCurrentAssets": "191111000",
            "cashAndShortTermInvestments": "119019000",
            "totalCurrentLiabilities": "47096000",
            "currentDebt": "None",
            "netIncome": "10903000",
            "capitalExpenditures": "3950000",
            "operatingCashflow": "21572000",
            "grossProfit": "39864000",
            "totalRevenue": "77040000",
            "sentiment": 0,
            "surprise": "0",
            "closePrice": "19.1332743135292"
        },
        {
            "fiscalDateEnding": "2012-12-31",
            "totalCurrentAssets": "164864000",
            "cashAndShortTermInvestments": "95160000",
            "totalCurrentLiabilities": "40567000",
            "currentDebt": "None",
            "netIncome": "9716000",
            "capitalExpenditures": "4177000",
            "operatingCashflow": "22151000",
            "grossProfit": "39403000",
            "totalRevenue": "79170000",
            "sentiment": 0,
            "surprise": "0.03",
            "closePrice": "17.3595044186249"
        },
        {
            "fiscalDateEnding": "2012-09-30",
            "totalCurrentAssets": "186937000",
            "cashAndShortTermInvestments": "110352000",
            "totalCurrentLiabilities": "56777000",
            "currentDebt": "None",
            "netIncome": "-44406000",
            "capitalExpenditures": "3427000",
            "operatingCashflow": "-19631000",
            "grossProfit": "38751000",
            "totalRevenue": "78045000",
            "sentiment": 0,
            "surprise": "0.02",
            "closePrice": "12.9734985741781"
        },
        {
            "fiscalDateEnding": "2012-06-30",
            "totalCurrentAssets": "208600000",
            "cashAndShortTermInvestments": "133428000",
            "totalCurrentLiabilities": "81439000",
            "currentDebt": "None",
            "netIncome": "-7176000",
            "capitalExpenditures": "1283000",
            "operatingCashflow": "27743000",
            "grossProfit": "37755000",
            "totalRevenue": "76382000",
            "sentiment": 0,
            "surprise": "0.03",
            "closePrice": "16.9072839680533"
        },
        {
            "fiscalDateEnding": "2012-03-31",
            "totalCurrentAssets": "280669000",
            "cashAndShortTermInvestments": "214010000",
            "totalCurrentLiabilities": "32478000",
            "currentDebt": "None",
            "netIncome": "7461000",
            "capitalExpenditures": "7471000",
            "operatingCashflow": "21567000",
            "grossProfit": "34592000",
            "totalRevenue": "71773000",
            "sentiment": 0,
            "surprise": "0.04",
            "closePrice": "16.8458949093459"
        },
        {
            "fiscalDateEnding": "2011-12-31",
            "totalCurrentAssets": "250101000",
            "cashAndShortTermInvestments": "180735000",
            "totalCurrentLiabilities": "34022000",
            "currentDebt": "None",
            "netIncome": "6326000",
            "capitalExpenditures": "7000000",
            "operatingCashflow": "9166000",
            "grossProfit": "31554000",
            "totalRevenue": "66730000",
            "sentiment": 0,
            "surprise": "0",
            "closePrice": "16.7563928789889"
        },
        {
            "fiscalDateEnding": "2011-09-30",
            "totalCurrentAssets": "267907000",
            "cashAndShortTermInvestments": "197510000",
            "totalCurrentLiabilities": "38296000",
            "currentDebt": "None",
            "netIncome": "7512000",
            "capitalExpenditures": "4173000",
            "operatingCashflow": "19387000",
            "grossProfit": "35043000",
            "totalRevenue": "75063000",
            "sentiment": 0,
            "surprise": "-0.03",
            "closePrice": "16.5554359801308"
        },
        {
            "fiscalDateEnding": "2011-06-30",
            "totalCurrentAssets": "276733000",
            "cashAndShortTermInvestments": "203585000",
            "totalCurrentLiabilities": "34339000",
            "currentDebt": "None",
            "netIncome": "10599000",
            "capitalExpenditures": "6079000",
            "operatingCashflow": "34964000",
            "grossProfit": "37626000",
            "totalRevenue": "80184000",
            "sentiment": 0,
            "surprise": "0",
            "closePrice": "14.99757990198"
        },
        {
            "fiscalDateEnding": "2011-03-31",
            "totalCurrentAssets": "255733000",
            "cashAndShortTermInvestments": "169764000",
            "totalCurrentLiabilities": "33256000",
            "currentDebt": "None",
            "netIncome": "9854000",
            "capitalExpenditures": "7248000",
            "operatingCashflow": "5675000",
            "grossProfit": "36423000",
            "totalRevenue": "76762000",
            "sentiment": 0,
            "surprise": "0",
            "closePrice": "18.3706162983027"
        },
        {
            "fiscalDateEnding": "2010-12-31",
            "totalCurrentAssets": "261510000",
            "cashAndShortTermInvestments": "183022000",
            "totalCurrentLiabilities": "49455000",
            "currentDebt": "None",
            "netIncome": "8929000",
            "capitalExpenditures": "8734000",
            "operatingCashflow": "-5602000",
            "grossProfit": "36125000",
            "totalRevenue": "72986000",
            "sentiment": 0,
            "surprise": "0.01",
            "closePrice": "16.7739817749045"
        },
        {
            "fiscalDateEnding": "2010-09-30",
            "totalCurrentAssets": "249898000",
            "cashAndShortTermInvestments": "180122000",
            "totalCurrentLiabilities": "41934000",
            "currentDebt": "None",
            "netIncome": "12634000",
            "capitalExpenditures": "8320000",
            "operatingCashflow": "13708000",
            "grossProfit": "39005000",
            "totalRevenue": "75452000",
            "sentiment": 0,
            "surprise": "0.03",
            "closePrice": "15.2175145786467"
        },
        {
            "fiscalDateEnding": "2010-06-30",
            "totalCurrentAssets": "239672000",
            "cashAndShortTermInvestments": "172048000",
            "totalCurrentLiabilities": "48689000",
            "currentDebt": "None",
            "netIncome": "15587000",
            "capitalExpenditures": "10153000",
            "operatingCashflow": "35087000",
            "grossProfit": "41489000",
            "totalRevenue": "79858000",
            "sentiment": 0,
            "surprise": "0.04",
            "closePrice": "15.7833508081514"
        }
    ]
}