{
    "PRFT": [
        {
            "fiscalDateEnding": "2023-12-31",
            "totalCurrentAssets": "325953000",
            "cashAndShortTermInvestments": "128886000",
            "totalCurrentLiabilities": "78472000",
            "currentDebt": "None",
            "netIncome": "23200000",
            "capitalExpenditures": "230000",
            "operatingCashflow": "54483000",
            "grossProfit": "79700000",
            "totalRevenue": "220800000",
            "sentiment": 0.28130729642513663,
            "surprise": "-0.02",
            "closePrice": "64.44"
        },
        {
            "fiscalDateEnding": "2023-09-30",
            "totalCurrentAssets": "291215000",
            "cashAndShortTermInvestments": "80087000",
            "totalCurrentLiabilities": "70299000",
            "currentDebt": "None",
            "netIncome": "22600000",
            "capitalExpenditures": "1009000",
            "operatingCashflow": "23373000",
            "grossProfit": "32624000",
            "totalRevenue": "223200000",
            "sentiment": 0.029432020091871444,
            "surprise": "0",
            "closePrice": "58.19"
        },
        {
            "fiscalDateEnding": "2023-06-30",
            "totalCurrentAssets": "268630000",
            "cashAndShortTermInvestments": "60471000",
            "totalCurrentLiabilities": "78291000",
            "currentDebt": "None",
            "netIncome": "26400000",
            "capitalExpenditures": "2185000",
            "operatingCashflow": "23780000",
            "grossProfit": "35308000",
            "totalRevenue": "231105000",
            "sentiment": 0.10572959886553687,
            "surprise": "-0.11",
            "closePrice": "66.99"
        },
        {
            "fiscalDateEnding": "2023-03-31",
            "totalCurrentAssets": "240821000",
            "cashAndShortTermInvestments": "40995000",
            "totalCurrentLiabilities": "82120000",
            "currentDebt": "None",
            "netIncome": "26800000",
            "capitalExpenditures": "1015000",
            "operatingCashflow": "41331000",
            "grossProfit": "37372000",
            "totalRevenue": "231400000",
            "sentiment": 0.09304236071489887,
            "surprise": "0.01",
            "closePrice": "69.52"
        },
        {
            "fiscalDateEnding": "2022-12-31",
            "totalCurrentAssets": "255616000",
            "cashAndShortTermInvestments": "30130000",
            "totalCurrentLiabilities": "129131000",
            "currentDebt": "None",
            "netIncome": "26500000",
            "capitalExpenditures": "1936000",
            "operatingCashflow": "46627000",
            "grossProfit": "91592000",
            "totalRevenue": "232599000",
            "sentiment": 0.2510102949818335,
            "surprise": "0.01",
            "closePrice": "70.8"
        },
        {
            "fiscalDateEnding": "2022-09-30",
            "totalCurrentAssets": "225039000",
            "cashAndShortTermInvestments": "20845000",
            "totalCurrentLiabilities": "104015000",
            "currentDebt": "None",
            "netIncome": "23000000",
            "capitalExpenditures": "779000",
            "operatingCashflow": "37461000",
            "grossProfit": "38690000",
            "totalRevenue": "227614000",
            "sentiment": 0.17051484671534187,
            "surprise": "0.01",
            "closePrice": "69.19"
        },
        {
            "fiscalDateEnding": "2022-06-30",
            "totalCurrentAssets": "251333000",
            "cashAndShortTermInvestments": "38868000",
            "totalCurrentLiabilities": "94072000",
            "currentDebt": "None",
            "netIncome": "27782000",
            "capitalExpenditures": "3768000",
            "operatingCashflow": "22806000",
            "grossProfit": "39057000",
            "totalRevenue": "222738000",
            "sentiment": 0.09881403234008582,
            "surprise": "0.01",
            "closePrice": "93.08"
        },
        {
            "fiscalDateEnding": "2022-03-31",
            "totalCurrentAssets": "225129000",
            "cashAndShortTermInvestments": "24175000",
            "totalCurrentLiabilities": "94757000",
            "currentDebt": "None",
            "netIncome": "27136000",
            "capitalExpenditures": "2472000",
            "operatingCashflow": "11174000",
            "grossProfit": "35064000",
            "totalRevenue": "222111000",
            "sentiment": 0.25033723935945074,
            "surprise": "0.03",
            "closePrice": "104.9"
        },
        {
            "fiscalDateEnding": "2021-12-31",
            "totalCurrentAssets": "214708000",
            "cashAndShortTermInvestments": "24410000",
            "totalCurrentLiabilities": "119951000",
            "currentDebt": "None",
            "netIncome": "4529000",
            "capitalExpenditures": "3352000",
            "operatingCashflow": "46781000",
            "grossProfit": "83419000",
            "totalRevenue": "214730000",
            "sentiment": 0,
            "surprise": "0.08",
            "closePrice": "102.98"
        },
        {
            "fiscalDateEnding": "2021-09-30",
            "totalCurrentAssets": "231919000",
            "cashAndShortTermInvestments": "56405000",
            "totalCurrentLiabilities": "109224000",
            "currentDebt": "None",
            "netIncome": "17396000",
            "capitalExpenditures": "2269000",
            "operatingCashflow": "8255000",
            "grossProfit": "29363000",
            "totalRevenue": "192520000",
            "sentiment": 0,
            "surprise": "0.02",
            "closePrice": "124.79"
        },
        {
            "fiscalDateEnding": "2021-06-30",
            "totalCurrentAssets": "248553000",
            "cashAndShortTermInvestments": "86686000",
            "totalCurrentLiabilities": "113850000",
            "currentDebt": "None",
            "netIncome": "16573000",
            "capitalExpenditures": "2143000",
            "operatingCashflow": "28719000",
            "grossProfit": "27199000",
            "totalRevenue": "184136000",
            "sentiment": 0,
            "surprise": "0.07",
            "closePrice": "94.51"
        },
        {
            "fiscalDateEnding": "2021-03-31",
            "totalCurrentAssets": "222050000",
            "cashAndShortTermInvestments": "72058000",
            "totalCurrentLiabilities": "103523000",
            "currentDebt": "None",
            "netIncome": "13593000",
            "capitalExpenditures": "1480000",
            "operatingCashflow": "1161000",
            "grossProfit": "22180000",
            "totalRevenue": "169341000",
            "sentiment": 0,
            "surprise": "0.08",
            "closePrice": "65.14"
        },
        {
            "fiscalDateEnding": "2020-12-31",
            "totalCurrentAssets": "226510000",
            "cashAndShortTermInvestments": "83204000",
            "totalCurrentLiabilities": "128880000",
            "currentDebt": "None",
            "netIncome": "8421000",
            "capitalExpenditures": "1386000",
            "operatingCashflow": "58341000",
            "grossProfit": "62907000",
            "totalRevenue": "162554000",
            "sentiment": 0,
            "surprise": "0.06",
            "closePrice": "56.11"
        },
        {
            "fiscalDateEnding": "2020-09-30",
            "totalCurrentAssets": "197892000",
            "cashAndShortTermInvestments": "50032000",
            "totalCurrentLiabilities": "100698000",
            "currentDebt": "None",
            "netIncome": "6177000",
            "capitalExpenditures": "1433000",
            "operatingCashflow": "22119000",
            "grossProfit": "14777000",
            "totalRevenue": "153341000",
            "sentiment": 0,
            "surprise": "0.07",
            "closePrice": "38.42"
        },
        {
            "fiscalDateEnding": "2020-06-30",
            "totalCurrentAssets": "159356000",
            "cashAndShortTermInvestments": "19544000",
            "totalCurrentLiabilities": "97183000",
            "currentDebt": "None",
            "netIncome": "6609000",
            "capitalExpenditures": "934000",
            "operatingCashflow": "41884000",
            "grossProfit": "15123000",
            "totalRevenue": "146339000",
            "sentiment": 0,
            "surprise": "0.09",
            "closePrice": "38.97"
        },
        {
            "fiscalDateEnding": "2020-03-31",
            "totalCurrentAssets": "169122000",
            "cashAndShortTermInvestments": "29301000",
            "totalCurrentLiabilities": "65362000",
            "currentDebt": "9538000",
            "netIncome": "8974000",
            "capitalExpenditures": "1513000",
            "operatingCashflow": "-4384000",
            "grossProfit": "13389000",
            "totalRevenue": "145562000",
            "sentiment": 0,
            "surprise": "0.01",
            "closePrice": "35.08"
        },
        {
            "fiscalDateEnding": "2019-12-31",
            "totalCurrentAssets": "211897000",
            "cashAndShortTermInvestments": "70728000",
            "totalCurrentLiabilities": "84584000",
            "currentDebt": "8992000",
            "netIncome": "11792000",
            "capitalExpenditures": "1616000",
            "operatingCashflow": "40278000",
            "grossProfit": "55767000",
            "totalRevenue": "145159000",
            "sentiment": 0,
            "surprise": "0.01",
            "closePrice": "44.15"
        },
        {
            "fiscalDateEnding": "2019-09-30",
            "totalCurrentAssets": "174724000",
            "cashAndShortTermInvestments": "36420000",
            "totalCurrentLiabilities": "64900000",
            "currentDebt": "8737000",
            "netIncome": "9779000",
            "capitalExpenditures": "3026000",
            "operatingCashflow": "13875000",
            "grossProfit": "16901000",
            "totalRevenue": "144684000",
            "sentiment": 0,
            "surprise": "0.04",
            "closePrice": "38.38"
        },
        {
            "fiscalDateEnding": "2019-06-30",
            "totalCurrentAssets": "169966000",
            "cashAndShortTermInvestments": "34282000",
            "totalCurrentLiabilities": "74022000",
            "currentDebt": "8379000",
            "netIncome": "8528000",
            "capitalExpenditures": "2128000",
            "operatingCashflow": "24157000",
            "grossProfit": "14567000",
            "totalRevenue": "141869000",
            "sentiment": 0,
            "surprise": "0.04",
            "closePrice": "37.92"
        },
        {
            "fiscalDateEnding": "2019-03-31",
            "totalCurrentAssets": "154636000",
            "cashAndShortTermInvestments": "27734000",
            "totalCurrentLiabilities": "54827000",
            "currentDebt": "None",
            "netIncome": "7026000",
            "capitalExpenditures": "1312000",
            "operatingCashflow": "-345000",
            "grossProfit": "11122000",
            "totalRevenue": "133815000",
            "sentiment": 0,
            "surprise": "0.04",
            "closePrice": "31.58"
        },
        {
            "fiscalDateEnding": "2018-12-31",
            "totalCurrentAssets": "177804000",
            "cashAndShortTermInvestments": "44984000",
            "totalCurrentLiabilities": "74823000",
            "currentDebt": "None",
            "netIncome": "7477000",
            "capitalExpenditures": "902000",
            "operatingCashflow": "25788000",
            "grossProfit": "49876000",
            "totalRevenue": "131702000",
            "sentiment": 0,
            "surprise": "0.07",
            "closePrice": "28.82"
        },
        {
            "fiscalDateEnding": "2018-09-30",
            "totalCurrentAssets": "161226000",
            "cashAndShortTermInvestments": "44947000",
            "totalCurrentLiabilities": "54973000",
            "currentDebt": "None",
            "netIncome": "6305000",
            "capitalExpenditures": "1618000",
            "operatingCashflow": "13238000",
            "grossProfit": "10922000",
            "totalRevenue": "123933000",
            "sentiment": 0,
            "surprise": "0.03",
            "closePrice": "24.93"
        },
        {
            "fiscalDateEnding": "2018-06-30",
            "totalCurrentAssets": "125651000",
            "cashAndShortTermInvestments": "10359000",
            "totalCurrentLiabilities": "56157000",
            "currentDebt": "None",
            "netIncome": "5849000",
            "capitalExpenditures": "691000",
            "operatingCashflow": "25414000",
            "grossProfit": "9640000",
            "totalRevenue": "121798000",
            "sentiment": 0,
            "surprise": "0.01",
            "closePrice": "26.68"
        },
        {
            "fiscalDateEnding": "2018-03-31",
            "totalCurrentAssets": "123131000",
            "cashAndShortTermInvestments": "5484000",
            "totalCurrentLiabilities": "45196000",
            "currentDebt": "None",
            "netIncome": "4928000",
            "capitalExpenditures": "873000",
            "operatingCashflow": "4140000",
            "grossProfit": "41715000",
            "totalRevenue": "120942000",
            "sentiment": 0,
            "surprise": "0.01",
            "closePrice": "23.85"
        },
        {
            "fiscalDateEnding": "2017-12-31",
            "totalCurrentAssets": "129208000",
            "cashAndShortTermInvestments": "6307000",
            "totalCurrentLiabilities": "61273000",
            "currentDebt": "None",
            "netIncome": "6436000",
            "capitalExpenditures": "840000",
            "operatingCashflow": "25097000",
            "grossProfit": "43448000",
            "totalRevenue": "133478000",
            "sentiment": 0,
            "surprise": "0.02",
            "closePrice": "20.41"
        },
        {
            "fiscalDateEnding": "2017-09-30",
            "totalCurrentAssets": "116864000",
            "cashAndShortTermInvestments": "2448000",
            "totalCurrentLiabilities": "40044000",
            "currentDebt": "None",
            "netIncome": "7027000",
            "capitalExpenditures": "409000",
            "operatingCashflow": "5244000",
            "grossProfit": "42599000",
            "totalRevenue": "123738000",
            "sentiment": 0,
            "surprise": "0",
            "closePrice": "19.39"
        },
        {
            "fiscalDateEnding": "2017-06-30",
            "totalCurrentAssets": "113395000",
            "cashAndShortTermInvestments": "5692000",
            "totalCurrentLiabilities": "44042000",
            "currentDebt": "None",
            "netIncome": "2409000",
            "capitalExpenditures": "1651000",
            "operatingCashflow": "11426000",
            "grossProfit": "39391000",
            "totalRevenue": "117026000",
            "sentiment": 0,
            "surprise": "0",
            "closePrice": "17.01"
        },
        {
            "fiscalDateEnding": "2017-03-31",
            "totalCurrentAssets": "109182000",
            "cashAndShortTermInvestments": "10887000",
            "totalCurrentLiabilities": "32940000",
            "currentDebt": "None",
            "netIncome": "2709000",
            "capitalExpenditures": "461000",
            "operatingCashflow": "13454000",
            "grossProfit": "36075000",
            "totalRevenue": "111019000",
            "sentiment": 0,
            "surprise": "-0.02",
            "closePrice": "16.62"
        },
        {
            "fiscalDateEnding": "2016-12-31",
            "totalCurrentAssets": "122499000",
            "cashAndShortTermInvestments": "10113000",
            "totalCurrentLiabilities": "46053000",
            "currentDebt": "None",
            "netIncome": "3693000",
            "capitalExpenditures": "512000",
            "operatingCashflow": "23402000",
            "grossProfit": "36324000",
            "totalRevenue": "119590000",
            "sentiment": 0,
            "surprise": "0.01",
            "closePrice": "18.17"
        },
        {
            "fiscalDateEnding": "2016-09-30",
            "totalCurrentAssets": "122211000",
            "cashAndShortTermInvestments": "10221000",
            "totalCurrentLiabilities": "35990000",
            "currentDebt": "None",
            "netIncome": "5545000",
            "capitalExpenditures": "-12000",
            "operatingCashflow": "10511000",
            "grossProfit": "36412000",
            "totalRevenue": "119153000",
            "sentiment": 0,
            "surprise": "-0.09",
            "closePrice": "15.86"
        },
        {
            "fiscalDateEnding": "2016-06-30",
            "totalCurrentAssets": "124667000",
            "cashAndShortTermInvestments": "9490000",
            "totalCurrentLiabilities": "42601000",
            "currentDebt": "None",
            "netIncome": "5815000",
            "capitalExpenditures": "1881000",
            "operatingCashflow": "24952000",
            "grossProfit": "38320000",
            "totalRevenue": "124396000",
            "sentiment": 0,
            "surprise": "-0.02",
            "closePrice": "19.98"
        },
        {
            "fiscalDateEnding": "2016-03-31",
            "totalCurrentAssets": "134967000",
            "cashAndShortTermInvestments": "9016000",
            "totalCurrentLiabilities": "41733000",
            "currentDebt": "None",
            "netIncome": "5406000",
            "capitalExpenditures": "1706000",
            "operatingCashflow": "4436000",
            "grossProfit": "40224000",
            "totalRevenue": "123843000",
            "sentiment": 0,
            "surprise": "0.01",
            "closePrice": "20.54"
        },
        {
            "fiscalDateEnding": "2015-12-31",
            "totalCurrentAssets": "139752000",
            "cashAndShortTermInvestments": "8811000",
            "totalCurrentLiabilities": "56576000",
            "currentDebt": "None",
            "netIncome": "7570000",
            "capitalExpenditures": "1110000",
            "operatingCashflow": "18469000",
            "grossProfit": "43847000",
            "totalRevenue": "133650000",
            "sentiment": 0,
            "surprise": "0.01",
            "closePrice": "20.17"
        },
        {
            "fiscalDateEnding": "2015-09-30",
            "totalCurrentAssets": "127592000",
            "cashAndShortTermInvestments": "8692000",
            "totalCurrentLiabilities": "41652000",
            "currentDebt": "None",
            "netIncome": "7374000",
            "capitalExpenditures": "1033000",
            "operatingCashflow": "5214000",
            "grossProfit": "40402000",
            "totalRevenue": "120909000",
            "sentiment": 0,
            "surprise": "0.02",
            "closePrice": "16.78"
        },
        {
            "fiscalDateEnding": "2015-06-30",
            "totalCurrentAssets": "114120000",
            "cashAndShortTermInvestments": "6839000",
            "totalCurrentLiabilities": "38011000",
            "currentDebt": "None",
            "netIncome": "3997000",
            "capitalExpenditures": "1383000",
            "operatingCashflow": "12672000",
            "grossProfit": "34901000",
            "totalRevenue": "108464000",
            "sentiment": 0,
            "surprise": "0.03",
            "closePrice": "16.41"
        },
        {
            "fiscalDateEnding": "2015-03-31",
            "totalCurrentAssets": "114795000",
            "cashAndShortTermInvestments": "6353000",
            "totalCurrentLiabilities": "37377000",
            "currentDebt": "None",
            "netIncome": "4066000",
            "capitalExpenditures": "865000",
            "operatingCashflow": "8366000",
            "grossProfit": "36060000",
            "totalRevenue": "110598000",
            "sentiment": 0,
            "surprise": "-0.03",
            "closePrice": "19.01"
        },
        {
            "fiscalDateEnding": "2014-12-31",
            "totalCurrentAssets": "131339000",
            "cashAndShortTermInvestments": "10935000",
            "totalCurrentLiabilities": "55063000",
            "currentDebt": "None",
            "netIncome": "6424000",
            "capitalExpenditures": "1797000",
            "operatingCashflow": "33408000",
            "grossProfit": "40491000",
            "totalRevenue": "125842000",
            "sentiment": 0,
            "surprise": "0.02",
            "closePrice": "19.54"
        },
        {
            "fiscalDateEnding": "2014-09-30",
            "totalCurrentAssets": "132497000",
            "cashAndShortTermInvestments": "5411000",
            "totalCurrentLiabilities": "41640000",
            "currentDebt": "None",
            "netIncome": "7306000",
            "capitalExpenditures": "1280000",
            "operatingCashflow": "-2280000",
            "grossProfit": "39537000",
            "totalRevenue": "116971000",
            "sentiment": 0,
            "surprise": "0.01",
            "closePrice": "17.32"
        },
        {
            "fiscalDateEnding": "2014-06-30",
            "totalCurrentAssets": "120863000",
            "cashAndShortTermInvestments": "6632000",
            "totalCurrentLiabilities": "47543000",
            "currentDebt": "None",
            "netIncome": "6387000",
            "capitalExpenditures": "2130000",
            "operatingCashflow": "6092000",
            "grossProfit": "37848000",
            "totalRevenue": "116709000",
            "sentiment": 0,
            "surprise": "0",
            "closePrice": "16.99"
        },
        {
            "fiscalDateEnding": "2014-03-31",
            "totalCurrentAssets": "100159000",
            "cashAndShortTermInvestments": "4731000",
            "totalCurrentLiabilities": "32392000",
            "currentDebt": "None",
            "netIncome": "3045000",
            "capitalExpenditures": "1941000",
            "operatingCashflow": "-3187000",
            "grossProfit": "31459000",
            "totalRevenue": "97170000",
            "sentiment": 0,
            "surprise": "0",
            "closePrice": "17.5"
        },
        {
            "fiscalDateEnding": "2013-12-31",
            "totalCurrentAssets": "95233000",
            "cashAndShortTermInvestments": "7018000",
            "totalCurrentLiabilities": "37965000",
            "currentDebt": "None",
            "netIncome": "5513000",
            "capitalExpenditures": "1947000",
            "operatingCashflow": "21096000",
            "grossProfit": "33124000",
            "totalRevenue": "97465000",
            "sentiment": 0,
            "surprise": "0.01",
            "closePrice": "18.96"
        },
        {
            "fiscalDateEnding": "2013-09-30",
            "totalCurrentAssets": "95715000",
            "cashAndShortTermInvestments": "5439000",
            "totalCurrentLiabilities": "32433000",
            "currentDebt": "None",
            "netIncome": "7234000",
            "capitalExpenditures": "2140000",
            "operatingCashflow": "10396000",
            "grossProfit": "33863000",
            "totalRevenue": "96758000",
            "sentiment": 0,
            "surprise": "0.03",
            "closePrice": "19.68"
        },
        {
            "fiscalDateEnding": "2013-06-30",
            "totalCurrentAssets": "96418000",
            "cashAndShortTermInvestments": "4678000",
            "totalCurrentLiabilities": "37673000",
            "currentDebt": "None",
            "netIncome": "4562000",
            "capitalExpenditures": "1407000",
            "operatingCashflow": "15877000",
            "grossProfit": "30598000",
            "totalRevenue": "94167000",
            "sentiment": 0,
            "surprise": "0.03",
            "closePrice": "15.88"
        },
        {
            "fiscalDateEnding": "2013-03-31",
            "totalCurrentAssets": "82050000",
            "cashAndShortTermInvestments": "4148000",
            "totalCurrentLiabilities": "21980000",
            "currentDebt": "None",
            "netIncome": "4123000",
            "capitalExpenditures": "2484000",
            "operatingCashflow": "-518000",
            "grossProfit": "25514000",
            "totalRevenue": "84935000",
            "sentiment": 0,
            "surprise": "-0.01",
            "closePrice": "11.39"
        },
        {
            "fiscalDateEnding": "2012-12-31",
            "totalCurrentAssets": "80841000",
            "cashAndShortTermInvestments": "5813000",
            "totalCurrentLiabilities": "28564000",
            "currentDebt": "None",
            "netIncome": "4376000",
            "capitalExpenditures": "612000",
            "operatingCashflow": "18362000",
            "grossProfit": "25772000",
            "totalRevenue": "83128000",
            "sentiment": 0,
            "surprise": "0",
            "closePrice": "12.32"
        },
        {
            "fiscalDateEnding": "2012-09-30",
            "totalCurrentAssets": "86233000",
            "cashAndShortTermInvestments": "3481000",
            "totalCurrentLiabilities": "28216000",
            "currentDebt": "None",
            "netIncome": "5142000",
            "capitalExpenditures": "585000",
            "operatingCashflow": "11376000",
            "grossProfit": "28227000",
            "totalRevenue": "87474000",
            "sentiment": 0,
            "surprise": "0.01",
            "closePrice": "12.05"
        },
        {
            "fiscalDateEnding": "2012-06-30",
            "totalCurrentAssets": "82842000",
            "cashAndShortTermInvestments": "4233000",
            "totalCurrentLiabilities": "25103000",
            "currentDebt": "None",
            "netIncome": "3603000",
            "capitalExpenditures": "516000",
            "operatingCashflow": "7610000",
            "grossProfit": "26757000",
            "totalRevenue": "81796000",
            "sentiment": 0,
            "surprise": "0",
            "closePrice": "12.51"
        },
        {
            "fiscalDateEnding": "2012-03-31",
            "totalCurrentAssets": "72765000",
            "cashAndShortTermInvestments": "2654000",
            "totalCurrentLiabilities": "19699000",
            "currentDebt": "None",
            "netIncome": "2986000",
            "capitalExpenditures": "397000",
            "operatingCashflow": "1863000",
            "grossProfit": "22647000",
            "totalRevenue": "74698000",
            "sentiment": 0,
            "surprise": "0.01",
            "closePrice": "12.49"
        },
        {
            "fiscalDateEnding": "2011-12-31",
            "totalCurrentAssets": "74988000",
            "cashAndShortTermInvestments": "9732000",
            "totalCurrentLiabilities": "23512000",
            "currentDebt": "None",
            "netIncome": "2721000",
            "capitalExpenditures": "451000",
            "operatingCashflow": "12447000",
            "grossProfit": "21306000",
            "totalRevenue": "70433000",
            "sentiment": 0,
            "surprise": "0",
            "closePrice": "12.05"
        },
        {
            "fiscalDateEnding": "2011-09-30",
            "totalCurrentAssets": "71070000",
            "cashAndShortTermInvestments": "1959000",
            "totalCurrentLiabilities": "25955000",
            "currentDebt": "None",
            "netIncome": "3466000",
            "capitalExpenditures": "722000",
            "operatingCashflow": "5998000",
            "grossProfit": "22317000",
            "totalRevenue": "70174000",
            "sentiment": 0,
            "surprise": "0",
            "closePrice": "9.89"
        },
        {
            "fiscalDateEnding": "2011-06-30",
            "totalCurrentAssets": "77081000",
            "cashAndShortTermInvestments": "12494000",
            "totalCurrentLiabilities": "25411000",
            "currentDebt": "None",
            "netIncome": "2767000",
            "capitalExpenditures": "1127000",
            "operatingCashflow": "2746000",
            "grossProfit": "21222000",
            "totalRevenue": "65587000",
            "sentiment": 0,
            "surprise": "0.01",
            "closePrice": "9.6"
        }
    ]
}