{
    "PRGS": [
        {
            "fiscalDateEnding": "2023-11-30",
            "totalCurrentAssets": "330788000",
            "cashAndShortTermInvestments": "126958000",
            "totalCurrentLiabilities": "352118000",
            "currentDebt": "13109000",
            "netIncome": "15335000",
            "capitalExpenditures": "2389000",
            "operatingCashflow": "33161000",
            "grossProfit": "143307000",
            "totalRevenue": "176970000",
            "sentiment": 0.19308359489854185,
            "surprise": "0.11",
            "closePrice": "53.4347548332866"
        },
        {
            "fiscalDateEnding": "2023-08-31",
            "totalCurrentAssets": "302840000",
            "cashAndShortTermInvestments": "137999000",
            "totalCurrentLiabilities": "324703000",
            "currentDebt": "11390000",
            "netIncome": "19098000",
            "capitalExpenditures": "1212000",
            "operatingCashflow": "46041000",
            "grossProfit": "142073000",
            "totalRevenue": "174992000",
            "sentiment": 0.21355646804844156,
            "surprise": "0.08",
            "closePrice": "55.0102641901734"
        },
        {
            "fiscalDateEnding": "2023-05-31",
            "totalCurrentAssets": "281082000",
            "cashAndShortTermInvestments": "125531000",
            "totalCurrentLiabilities": "323494000",
            "currentDebt": "9671000",
            "netIncome": "12090000",
            "capitalExpenditures": "1584000",
            "operatingCashflow": "47951000",
            "grossProfit": "144473000",
            "totalRevenue": "178251000",
            "sentiment": 0.24787626867117515,
            "surprise": "0.16",
            "closePrice": "54.3670664203386"
        },
        {
            "fiscalDateEnding": "2023-02-28",
            "totalCurrentAssets": "292701000",
            "cashAndShortTermInvestments": "122925000",
            "totalCurrentLiabilities": "337157000",
            "currentDebt": "7953000",
            "netIncome": "23674000",
            "capitalExpenditures": "385000",
            "operatingCashflow": "46767000",
            "grossProfit": "138009000",
            "totalRevenue": "164226000",
            "sentiment": 0.25637537738821353,
            "surprise": "0.14",
            "closePrice": "57.932859436087"
        },
        {
            "fiscalDateEnding": "2022-11-30",
            "totalCurrentAssets": "426053000",
            "cashAndShortTermInvestments": "256277000",
            "totalCurrentLiabilities": "318004000",
            "currentDebt": "6234000",
            "netIncome": "23708000",
            "capitalExpenditures": "3004000",
            "operatingCashflow": "40137000",
            "grossProfit": "133596000",
            "totalRevenue": "157127000",
            "sentiment": 0.33700985725122884,
            "surprise": "0.03",
            "closePrice": "52.6853167489767"
        },
        {
            "fiscalDateEnding": "2022-08-31",
            "totalCurrentAssets": "364434000",
            "cashAndShortTermInvestments": "224864000",
            "totalCurrentLiabilities": "279683000",
            "currentDebt": "6234000",
            "netIncome": "21797000",
            "capitalExpenditures": "1107000",
            "operatingCashflow": "39670000",
            "grossProfit": "127421000",
            "totalRevenue": "151217000",
            "sentiment": 0.08495418268091338,
            "surprise": "0.03",
            "closePrice": "40.803064963547"
        },
        {
            "fiscalDateEnding": "2022-05-31",
            "totalCurrentAssets": "355869000",
            "cashAndShortTermInvestments": "225913000",
            "totalCurrentLiabilities": "284229000",
            "currentDebt": "6234000",
            "netIncome": "29110000",
            "capitalExpenditures": "1148000",
            "operatingCashflow": "68260000",
            "grossProfit": "124790000",
            "totalRevenue": "148747000",
            "sentiment": 0.07135577986468983,
            "surprise": "0.09",
            "closePrice": "47.7261453456148"
        },
        {
            "fiscalDateEnding": "2022-02-28",
            "totalCurrentAssets": "342622000",
            "cashAndShortTermInvestments": "173322000",
            "totalCurrentLiabilities": "283730000",
            "currentDebt": "6234000",
            "netIncome": "20454000",
            "capitalExpenditures": "831000",
            "operatingCashflow": "44093000",
            "grossProfit": "121710000",
            "totalRevenue": "144922000",
            "sentiment": 0,
            "surprise": "0.12",
            "closePrice": "45.0202757368238"
        },
        {
            "fiscalDateEnding": "2021-11-30",
            "totalCurrentAssets": "337808000",
            "cashAndShortTermInvestments": "157373000",
            "totalCurrentLiabilities": "322929000",
            "currentDebt": "25767000",
            "netIncome": "14926000",
            "capitalExpenditures": "1913000",
            "operatingCashflow": "43928000",
            "grossProfit": "119048000",
            "totalRevenue": "140128000",
            "sentiment": 0,
            "surprise": "0.18",
            "closePrice": "44.0657603946018"
        },
        {
            "fiscalDateEnding": "2021-08-31",
            "totalCurrentAssets": "508897000",
            "cashAndShortTermInvestments": "383677000",
            "totalCurrentLiabilities": "271608000",
            "currentDebt": "23886000",
            "netIncome": "30976000",
            "capitalExpenditures": "625000",
            "operatingCashflow": "35224000",
            "grossProfit": "127349000",
            "totalRevenue": "147417000",
            "sentiment": 0,
            "surprise": "0.36",
            "closePrice": "44.690534758993"
        },
        {
            "fiscalDateEnding": "2021-05-31",
            "totalCurrentAssets": "470968000",
            "cashAndShortTermInvestments": "362660000",
            "totalCurrentLiabilities": "266077000",
            "currentDebt": "22005000",
            "netIncome": "13557000",
            "capitalExpenditures": "950000",
            "operatingCashflow": "54690000",
            "grossProfit": "103178000",
            "totalRevenue": "122488000",
            "sentiment": 0,
            "surprise": "0.09",
            "closePrice": "44.3786657634804"
        },
        {
            "fiscalDateEnding": "2021-02-28",
            "totalCurrentAssets": "239309000",
            "cashAndShortTermInvestments": "114371000",
            "totalCurrentLiabilities": "265740000",
            "currentDebt": "20124000",
            "netIncome": "18961000",
            "capitalExpenditures": "1166000",
            "operatingCashflow": "44688000",
            "grossProfit": "103289000",
            "totalRevenue": "121280000",
            "sentiment": 0,
            "surprise": "0.2",
            "closePrice": "40.1166547535828"
        },
        {
            "fiscalDateEnding": "2020-11-30",
            "totalCurrentAssets": "238935000",
            "cashAndShortTermInvestments": "105995000",
            "totalCurrentLiabilities": "262543000",
            "currentDebt": "18242000",
            "netIncome": "17661000",
            "capitalExpenditures": "3098000",
            "operatingCashflow": "42762000",
            "grossProfit": "104154000",
            "totalRevenue": "122385000",
            "sentiment": 0,
            "surprise": "0.13",
            "closePrice": "46.6524344864689"
        },
        {
            "fiscalDateEnding": "2020-08-31",
            "totalCurrentAssets": "320206000",
            "cashAndShortTermInvestments": "230119000",
            "totalCurrentLiabilities": "227691000",
            "currentDebt": "16361000",
            "netIncome": "23977000",
            "capitalExpenditures": "1662000",
            "operatingCashflow": "31112000",
            "grossProfit": "94961000",
            "totalRevenue": "109699000",
            "sentiment": 0,
            "surprise": "0.01",
            "closePrice": "36.8761891872815"
        },
        {
            "fiscalDateEnding": "2020-05-31",
            "totalCurrentAssets": "291398000",
            "cashAndShortTermInvestments": "203645000",
            "totalCurrentLiabilities": "225172000",
            "currentDebt": "14480000",
            "netIncome": "16968000",
            "capitalExpenditures": "609000",
            "operatingCashflow": "37957000",
            "grossProfit": "86124000",
            "totalRevenue": "100383000",
            "sentiment": 0,
            "surprise": "-0.01",
            "closePrice": "35.8256339285183"
        },
        {
            "fiscalDateEnding": "2020-02-29",
            "totalCurrentAssets": "274738000",
            "cashAndShortTermInvestments": "177055000",
            "totalCurrentLiabilities": "230722000",
            "currentDebt": "19200000",
            "netIncome": "21116000",
            "capitalExpenditures": "1148000",
            "operatingCashflow": "33016000",
            "grossProfit": "94797000",
            "totalRevenue": "109683000",
            "sentiment": 0,
            "surprise": "0.06",
            "closePrice": "32.8866679817233"
        },
        {
            "fiscalDateEnding": "2019-11-30",
            "totalCurrentAssets": "284665000",
            "cashAndShortTermInvestments": "173685000",
            "totalCurrentLiabilities": "240885000",
            "currentDebt": "10717000",
            "netIncome": "-4740000",
            "capitalExpenditures": "2168000",
            "operatingCashflow": "36601000",
            "grossProfit": "96272000",
            "totalRevenue": "117038000",
            "sentiment": 0,
            "surprise": "0.04",
            "closePrice": "44.6641270975489"
        },
        {
            "fiscalDateEnding": "2019-08-31",
            "totalCurrentAssets": "236294000",
            "cashAndShortTermInvestments": "145397000",
            "totalCurrentLiabilities": "215332000",
            "currentDebt": "8836000",
            "netIncome": "13557000",
            "capitalExpenditures": "750000",
            "operatingCashflow": "26765000",
            "grossProfit": "85891000",
            "totalRevenue": "106716000",
            "sentiment": 0,
            "surprise": "0.07",
            "closePrice": "39.2393790297212"
        },
        {
            "fiscalDateEnding": "2019-05-31",
            "totalCurrentAssets": "204306000",
            "cashAndShortTermInvestments": "128553000",
            "totalCurrentLiabilities": "204199000",
            "currentDebt": "7002000",
            "netIncome": "8181000",
            "capitalExpenditures": "834000",
            "operatingCashflow": "40674000",
            "grossProfit": "82384000",
            "totalRevenue": "99995000",
            "sentiment": 0,
            "surprise": "0.08",
            "closePrice": "37.8677673886627"
        },
        {
            "fiscalDateEnding": "2019-02-28",
            "totalCurrentAssets": "215684000",
            "cashAndShortTermInvestments": "133458000",
            "totalCurrentLiabilities": "182028000",
            "currentDebt": "6593000",
            "netIncome": "9402000",
            "capitalExpenditures": "246000",
            "operatingCashflow": "24444000",
            "grossProfit": "73510000",
            "totalRevenue": "89549000",
            "sentiment": 0,
            "surprise": "0.03",
            "closePrice": "35.5801710951231"
        },
        {
            "fiscalDateEnding": "2018-11-30",
            "totalCurrentAssets": "231505000",
            "cashAndShortTermInvestments": "139513000",
            "totalCurrentLiabilities": "186034000",
            "currentDebt": "5819000",
            "netIncome": "8644000",
            "capitalExpenditures": "1282000",
            "operatingCashflow": "24327000",
            "grossProfit": "81373000",
            "totalRevenue": "98104000",
            "sentiment": 0,
            "surprise": "0.03",
            "closePrice": "33.4337103059028"
        },
        {
            "fiscalDateEnding": "2018-08-31",
            "totalCurrentAssets": "197394000",
            "cashAndShortTermInvestments": "137881000",
            "totalCurrentLiabilities": "188217000",
            "currentDebt": "5819000",
            "netIncome": "14390000",
            "capitalExpenditures": "2772000",
            "operatingCashflow": "23300000",
            "grossProfit": "75907000",
            "totalRevenue": "95683000",
            "sentiment": 0,
            "surprise": "0.02",
            "closePrice": "39.1692606090291"
        },
        {
            "fiscalDateEnding": "2018-05-31",
            "totalCurrentAssets": "200621000",
            "cashAndShortTermInvestments": "144200000",
            "totalCurrentLiabilities": "194863000",
            "currentDebt": "5819000",
            "netIncome": "12904000",
            "capitalExpenditures": "1810000",
            "operatingCashflow": "42130000",
            "grossProfit": "76221000",
            "totalRevenue": "96102000",
            "sentiment": 0,
            "surprise": "0.07",
            "closePrice": "31.924531138044"
        },
        {
            "fiscalDateEnding": "2018-02-28",
            "totalCurrentAssets": "237652000",
            "cashAndShortTermInvestments": "167497000",
            "totalCurrentLiabilities": "203032000",
            "currentDebt": "5819000",
            "netIncome": "13732000",
            "capitalExpenditures": "1386000",
            "operatingCashflow": "31595000",
            "grossProfit": "78507000",
            "totalRevenue": "94047000",
            "sentiment": 0,
            "surprise": "0.07",
            "closePrice": "35.1704726613264"
        },
        {
            "fiscalDateEnding": "2017-11-30",
            "totalCurrentAssets": "263407000",
            "cashAndShortTermInvestments": "183609000",
            "totalCurrentLiabilities": "208018000",
            "currentDebt": "5819000",
            "netIncome": "16429000",
            "capitalExpenditures": "2512000",
            "operatingCashflow": "32515000",
            "grossProfit": "98120000",
            "totalRevenue": "116079000",
            "sentiment": 0,
            "surprise": "0.06",
            "closePrice": "39.7952315307246"
        },
        {
            "fiscalDateEnding": "2017-08-31",
            "totalCurrentAssets": "261627000",
            "cashAndShortTermInvestments": "191316000",
            "totalCurrentLiabilities": "206105000",
            "currentDebt": "14643000",
            "netIncome": "11172000",
            "capitalExpenditures": "342000",
            "operatingCashflow": "13442000",
            "grossProfit": "79235000",
            "totalRevenue": "97310000",
            "sentiment": 0,
            "surprise": "0.02",
            "closePrice": "34.4569549432378"
        },
        {
            "fiscalDateEnding": "2017-05-31",
            "totalCurrentAssets": "311308000",
            "cashAndShortTermInvestments": "245082000",
            "totalCurrentLiabilities": "210242000",
            "currentDebt": "14643000",
            "netIncome": "10341000",
            "capitalExpenditures": "140000",
            "operatingCashflow": "22429000",
            "grossProfit": "75846000",
            "totalRevenue": "93213000",
            "sentiment": 0,
            "surprise": "0.05",
            "closePrice": "27.8852292417088"
        },
        {
            "fiscalDateEnding": "2017-02-28",
            "totalCurrentAssets": "336938000",
            "cashAndShortTermInvestments": "264192000",
            "totalCurrentLiabilities": "221169000",
            "currentDebt": "14643000",
            "netIncome": "-525000",
            "capitalExpenditures": "383000",
            "operatingCashflow": "37300000",
            "grossProfit": "75212000",
            "totalRevenue": "90970000",
            "sentiment": 0,
            "surprise": "0.08",
            "closePrice": "25.8300620930302"
        },
        {
            "fiscalDateEnding": "2016-11-30",
            "totalCurrentAssets": "336053000",
            "cashAndShortTermInvestments": "249754000",
            "totalCurrentLiabilities": "203738000",
            "currentDebt": "15000000",
            "netIncome": "-73793000",
            "capitalExpenditures": "2039000",
            "operatingCashflow": "33935000",
            "grossProfit": "101186000",
            "totalRevenue": "117724000",
            "sentiment": 0,
            "surprise": "0.06",
            "closePrice": "24.7866815462216"
        },
        {
            "fiscalDateEnding": "2016-08-31",
            "totalCurrentAssets": "308963000",
            "cashAndShortTermInvestments": "232684000",
            "totalCurrentLiabilities": "195987000",
            "currentDebt": "13125000",
            "netIncome": "7576000",
            "capitalExpenditures": "1130000",
            "operatingCashflow": "19648000",
            "grossProfit": "84829000",
            "totalRevenue": "102018000",
            "sentiment": 0,
            "surprise": "-0.01",
            "closePrice": "25.3712340928011"
        },
        {
            "fiscalDateEnding": "2016-05-31",
            "totalCurrentAssets": "299373000",
            "cashAndShortTermInvestments": "229109000",
            "totalCurrentLiabilities": "195424000",
            "currentDebt": "11250000",
            "netIncome": "7275000",
            "capitalExpenditures": "1203000",
            "operatingCashflow": "26760000",
            "grossProfit": "79883000",
            "totalRevenue": "96118000",
            "sentiment": 0,
            "surprise": "0.05",
            "closePrice": "22.5035699576641"
        },
        {
            "fiscalDateEnding": "2016-02-29",
            "totalCurrentAssets": "330895000",
            "cashAndShortTermInvestments": "251491000",
            "totalCurrentLiabilities": "203407000",
            "currentDebt": "9375000",
            "netIncome": "3216000",
            "capitalExpenditures": "1414000",
            "operatingCashflow": "22502000",
            "grossProfit": "73731000",
            "totalRevenue": "89481000",
            "sentiment": 0,
            "surprise": "-0.01",
            "closePrice": "22.8609112829148"
        },
        {
            "fiscalDateEnding": "2015-11-30",
            "totalCurrentAssets": "323409000",
            "cashAndShortTermInvestments": "241279000",
            "totalCurrentLiabilities": "199916000",
            "currentDebt": "9375000",
            "netIncome": "-9473000",
            "capitalExpenditures": "1105000",
            "operatingCashflow": "27352000",
            "grossProfit": "97483000",
            "totalRevenue": "112718000",
            "sentiment": 0,
            "surprise": "0.04",
            "closePrice": "20.1897848766656"
        },
        {
            "fiscalDateEnding": "2015-08-31",
            "totalCurrentAssets": "330367000",
            "cashAndShortTermInvestments": "218304000",
            "totalCurrentLiabilities": "197391000",
            "currentDebt": "7500000",
            "netIncome": "-4126000",
            "capitalExpenditures": "1952000",
            "operatingCashflow": "19257000",
            "grossProfit": "79505000",
            "totalRevenue": "94637000",
            "sentiment": 0,
            "surprise": "0.02",
            "closePrice": "22.8966454154398"
        },
        {
            "fiscalDateEnding": "2015-05-31",
            "totalCurrentAssets": "312579000",
            "cashAndShortTermInvestments": "199121000",
            "totalCurrentLiabilities": "196391000",
            "currentDebt": "7500000",
            "netIncome": "5769000",
            "capitalExpenditures": "3147000",
            "operatingCashflow": "20791000",
            "grossProfit": "73071000",
            "totalRevenue": "88817000",
            "sentiment": 0,
            "surprise": "0.04",
            "closePrice": "25.1478957645194"
        },
        {
            "fiscalDateEnding": "2015-02-28",
            "totalCurrentAssets": "312298000",
            "cashAndShortTermInvestments": "211164000",
            "totalCurrentLiabilities": "193815000",
            "currentDebt": "7500000",
            "netIncome": "-971000",
            "capitalExpenditures": "2641000",
            "operatingCashflow": "37140000",
            "grossProfit": "63753000",
            "totalRevenue": "81381000",
            "sentiment": 0,
            "surprise": "0.05",
            "closePrice": "24.1116059212923"
        },
        {
            "fiscalDateEnding": "2014-11-30",
            "totalCurrentAssets": "375607000",
            "cashAndShortTermInvestments": "283268000",
            "totalCurrentLiabilities": "153303000",
            "currentDebt": "None",
            "netIncome": "14464000",
            "capitalExpenditures": "1610000",
            "operatingCashflow": "39225000",
            "grossProfit": "86755000",
            "totalRevenue": "97894000",
            "sentiment": 0,
            "surprise": "0.02",
            "closePrice": "23.5845274665475"
        },
        {
            "fiscalDateEnding": "2014-08-31",
            "totalCurrentAssets": "352682000",
            "cashAndShortTermInvestments": "261292000",
            "totalCurrentLiabilities": "148176000",
            "currentDebt": "None",
            "netIncome": "11095000",
            "capitalExpenditures": "2154000",
            "operatingCashflow": "25929000",
            "grossProfit": "71413000",
            "totalRevenue": "79274000",
            "sentiment": 0,
            "surprise": "0.06",
            "closePrice": "20.6811291988854"
        },
        {
            "fiscalDateEnding": "2014-05-31",
            "totalCurrentAssets": "321107000",
            "cashAndShortTermInvestments": "226576000",
            "totalCurrentLiabilities": "150159000",
            "currentDebt": "None",
            "netIncome": "12799000",
            "capitalExpenditures": "1519000",
            "operatingCashflow": "17116000",
            "grossProfit": "73449000",
            "totalRevenue": "80827000",
            "sentiment": 0,
            "surprise": "0.03",
            "closePrice": "19.86817768394"
        },
        {
            "fiscalDateEnding": "2014-02-28",
            "totalCurrentAssets": "347691000",
            "cashAndShortTermInvestments": "248049000",
            "totalCurrentLiabilities": "162134000",
            "currentDebt": "None",
            "netIncome": "11100000",
            "capitalExpenditures": "6518000",
            "operatingCashflow": "25424000",
            "grossProfit": "66657000",
            "totalRevenue": "74538000",
            "sentiment": 0,
            "surprise": "0",
            "closePrice": "19.3410992291952"
        },
        {
            "fiscalDateEnding": "2013-11-30",
            "totalCurrentAssets": "337811000",
            "cashAndShortTermInvestments": "231440000",
            "totalCurrentLiabilities": "164579000",
            "currentDebt": "None",
            "netIncome": "15036000",
            "capitalExpenditures": "2073000",
            "operatingCashflow": "17859000",
            "grossProfit": "82885000",
            "totalRevenue": "92789000",
            "sentiment": 0,
            "surprise": "0.02",
            "closePrice": "22.7983765509959"
        },
        {
            "fiscalDateEnding": "2013-08-31",
            "totalCurrentAssets": "335637000",
            "cashAndShortTermInvestments": "241982000",
            "totalCurrentLiabilities": "163770000",
            "currentDebt": "None",
            "netIncome": "24843000",
            "capitalExpenditures": "603000",
            "operatingCashflow": "-1861000",
            "grossProfit": "69059000",
            "totalRevenue": "77384000",
            "sentiment": 0,
            "surprise": "0.03",
            "closePrice": "22.6911741534207"
        },
        {
            "fiscalDateEnding": "2013-05-31",
            "totalCurrentAssets": "357848000",
            "cashAndShortTermInvestments": "255804000",
            "totalCurrentLiabilities": "165387000",
            "currentDebt": "None",
            "netIncome": "3910000",
            "capitalExpenditures": "1488000",
            "operatingCashflow": "13641000",
            "grossProfit": "73216000",
            "totalRevenue": "81169000",
            "sentiment": 0,
            "surprise": "0.05",
            "closePrice": "19.6984405544459"
        },
        {
            "fiscalDateEnding": "2013-02-28",
            "totalCurrentAssets": "432841000",
            "cashAndShortTermInvestments": "321375000",
            "totalCurrentLiabilities": "181136000",
            "currentDebt": "None",
            "netIncome": "31118000",
            "capitalExpenditures": "898000",
            "operatingCashflow": "-25059000",
            "grossProfit": "73854000",
            "totalRevenue": "88190000",
            "sentiment": 0,
            "surprise": "-0.01",
            "closePrice": "19.9039118164651"
        },
        {
            "fiscalDateEnding": "2012-11-30",
            "totalCurrentAssets": "526818000",
            "cashAndShortTermInvestments": "355217000",
            "totalCurrentLiabilities": "240154000",
            "currentDebt": "None",
            "netIncome": "36025000",
            "capitalExpenditures": "1129000",
            "operatingCashflow": "28401000",
            "grossProfit": "76980000",
            "totalRevenue": "59163000",
            "sentiment": 0,
            "surprise": "-0.11",
            "closePrice": "18.6621507112188"
        },
        {
            "fiscalDateEnding": "2012-08-31",
            "totalCurrentAssets": "471755000",
            "cashAndShortTermInvestments": "352207000",
            "totalCurrentLiabilities": "217466000",
            "currentDebt": "None",
            "netIncome": "5838000",
            "capitalExpenditures": "465000",
            "operatingCashflow": "22025000",
            "grossProfit": "64883000",
            "totalRevenue": "106513000",
            "sentiment": 0,
            "surprise": "0.07",
            "closePrice": "17.1166494795095"
        },
        {
            "fiscalDateEnding": "2012-05-31",
            "totalCurrentAssets": "450951000",
            "cashAndShortTermInvestments": "328248000",
            "totalCurrentLiabilities": "230409000",
            "currentDebt": "71000",
            "netIncome": "-1908000",
            "capitalExpenditures": "2199000",
            "operatingCashflow": "15160000",
            "grossProfit": "65518000",
            "totalRevenue": "114102000",
            "sentiment": 0,
            "surprise": "0.04",
            "closePrice": "17.7777309312233"
        },
        {
            "fiscalDateEnding": "2012-02-29",
            "totalCurrentAssets": "451716000",
            "cashAndShortTermInvestments": "315164000",
            "totalCurrentLiabilities": "246085000",
            "currentDebt": "174000",
            "netIncome": "7489000",
            "capitalExpenditures": "3942000",
            "operatingCashflow": "38529000",
            "grossProfit": "73917000",
            "totalRevenue": "124104000",
            "sentiment": 0,
            "surprise": "0.03",
            "closePrice": "21.13673938858"
        },
        {
            "fiscalDateEnding": "2011-11-30",
            "totalCurrentAssets": "407911000",
            "cashAndShortTermInvestments": "261416000",
            "totalCurrentLiabilities": "226144000",
            "currentDebt": "357000",
            "netIncome": "12175000",
            "capitalExpenditures": "3091000",
            "operatingCashflow": "8166000",
            "grossProfit": "82536000",
            "totalRevenue": "136340000",
            "sentiment": 0,
            "surprise": "0.01",
            "closePrice": "17.6883955999106"
        },
        {
            "fiscalDateEnding": "2011-08-31",
            "totalCurrentAssets": "468422000",
            "cashAndShortTermInvestments": "346543000",
            "totalCurrentLiabilities": "228438000",
            "currentDebt": "376000",
            "netIncome": "9059000",
            "capitalExpenditures": "5462000",
            "operatingCashflow": "29085000",
            "grossProfit": "77037000",
            "totalRevenue": "127251000",
            "sentiment": 0,
            "surprise": "0.03",
            "closePrice": "17.3221207415286"
        },
        {
            "fiscalDateEnding": "2011-05-31",
            "totalCurrentAssets": "518757000",
            "cashAndShortTermInvestments": "388978000",
            "totalCurrentLiabilities": "231096000",
            "currentDebt": "404000",
            "netIncome": "17919000",
            "capitalExpenditures": "5142000",
            "operatingCashflow": "38813000",
            "grossProfit": "79207000",
            "totalRevenue": "134179000",
            "sentiment": 0,
            "surprise": "0",
            "closePrice": "20.7972651295919"
        },
        {
            "fiscalDateEnding": "2011-02-28",
            "totalCurrentAssets": "517153000",
            "cashAndShortTermInvestments": "370839000",
            "totalCurrentLiabilities": "239042000",
            "currentDebt": "396000",
            "netIncome": "20476000",
            "capitalExpenditures": "3352000",
            "operatingCashflow": "50230000",
            "grossProfit": "76656000",
            "totalRevenue": "133610000",
            "sentiment": 0,
            "surprise": "0",
            "closePrice": "26.0412490776462"
        },
        {
            "fiscalDateEnding": "2010-11-30",
            "totalCurrentAssets": "483858000",
            "cashAndShortTermInvestments": "322396000",
            "totalCurrentLiabilities": "237676000",
            "currentDebt": "388000",
            "netIncome": "21275000",
            "capitalExpenditures": "2573000",
            "operatingCashflow": "25666000",
            "grossProfit": "119799000",
            "totalRevenue": "145180000",
            "sentiment": 0,
            "surprise": "0.03",
            "closePrice": "24.5195828607389"
        },
        {
            "fiscalDateEnding": "2010-08-31",
            "totalCurrentAssets": "394377000",
            "cashAndShortTermInvestments": "269213000",
            "totalCurrentLiabilities": "213505000",
            "currentDebt": "380000",
            "netIncome": "9244000",
            "capitalExpenditures": "3015000",
            "operatingCashflow": "19617000",
            "grossProfit": "104028000",
            "totalRevenue": "126402000",
            "sentiment": 0,
            "surprise": "0.01",
            "closePrice": "17.8432524291411"
        }
    ]
}