{
    "PRO": [
        {
            "fiscalDateEnding": "2023-12-31",
            "totalCurrentAssets": "234674000",
            "cashAndShortTermInvestments": "168747000",
            "totalCurrentLiabilities": "197331000",
            "currentDebt": "21668000",
            "netIncome": "-10195000",
            "capitalExpenditures": "375000",
            "operatingCashflow": "13844000",
            "grossProfit": "48748000",
            "totalRevenue": "77484000",
            "sentiment": 0.04769246512535684,
            "surprise": "-0.03",
            "closePrice": "36.01"
        },
        {
            "fiscalDateEnding": "2023-09-30",
            "totalCurrentAssets": "225523000",
            "cashAndShortTermInvestments": "159080000",
            "totalCurrentLiabilities": "182995000",
            "currentDebt": "21635000",
            "netIncome": "-13868000",
            "capitalExpenditures": "345000",
            "operatingCashflow": "8718000",
            "grossProfit": "48786000",
            "totalRevenue": "77250000",
            "sentiment": 0.36279332320599467,
            "surprise": "0.06",
            "closePrice": "31.15"
        },
        {
            "fiscalDateEnding": "2023-06-30",
            "totalCurrentAssets": "256364000",
            "cashAndShortTermInvestments": "184567000",
            "totalCurrentLiabilities": "304998000",
            "currentDebt": "143003000",
            "netIncome": "-13289000",
            "capitalExpenditures": "277000",
            "operatingCashflow": "-6542000",
            "grossProfit": "47221000",
            "totalRevenue": "75792000",
            "sentiment": 0.1370023798905706,
            "surprise": "0.05",
            "closePrice": "33.63"
        },
        {
            "fiscalDateEnding": "2023-03-31",
            "totalCurrentAssets": "256745000",
            "cashAndShortTermInvestments": "192400000",
            "totalCurrentLiabilities": "160830000",
            "currentDebt": "None",
            "netIncome": "-19002000",
            "capitalExpenditures": "1546000",
            "operatingCashflow": "-6143000",
            "grossProfit": "43640000",
            "totalRevenue": "73182000",
            "sentiment": 0.22326576707887485,
            "surprise": "0.04",
            "closePrice": "26.73"
        },
        {
            "fiscalDateEnding": "2022-12-31",
            "totalCurrentAssets": "267278000",
            "cashAndShortTermInvestments": "203627000",
            "totalCurrentLiabilities": "160936000",
            "currentDebt": "None",
            "netIncome": "-17347000",
            "capitalExpenditures": "16000",
            "operatingCashflow": "-1970000",
            "grossProfit": "43467000",
            "totalRevenue": "70935000",
            "sentiment": 0.5036014414362494,
            "surprise": "0.15",
            "closePrice": "28.33"
        },
        {
            "fiscalDateEnding": "2022-09-30",
            "totalCurrentAssets": "270394000",
            "cashAndShortTermInvestments": "206824000",
            "totalCurrentLiabilities": "161342000",
            "currentDebt": "None",
            "netIncome": "-13853000",
            "capitalExpenditures": "76000",
            "operatingCashflow": "-8991000",
            "grossProfit": "42738000",
            "totalRevenue": "70348000",
            "sentiment": 0.17417599405306783,
            "surprise": "0.11",
            "closePrice": "24.93"
        },
        {
            "fiscalDateEnding": "2022-06-30",
            "totalCurrentAssets": "267489000",
            "cashAndShortTermInvestments": "215178000",
            "totalCurrentLiabilities": "157137000",
            "currentDebt": "None",
            "netIncome": "-22406000",
            "capitalExpenditures": "308000",
            "operatingCashflow": "-1931000",
            "grossProfit": "40721000",
            "totalRevenue": "68362000",
            "sentiment": 0.031368385252665984,
            "surprise": "0.03",
            "closePrice": "23.86"
        },
        {
            "fiscalDateEnding": "2022-03-31",
            "totalCurrentAssets": "286798000",
            "cashAndShortTermInvestments": "217393000",
            "totalCurrentLiabilities": "164251000",
            "currentDebt": "None",
            "netIncome": "-28640000",
            "capitalExpenditures": "461000",
            "operatingCashflow": "-11014000",
            "grossProfit": "39131000",
            "totalRevenue": "66492000",
            "sentiment": 0,
            "surprise": "0.03",
            "closePrice": "28.64"
        },
        {
            "fiscalDateEnding": "2021-12-31",
            "totalCurrentAssets": "283529000",
            "cashAndShortTermInvestments": "227553000",
            "totalCurrentLiabilities": "154829000",
            "currentDebt": "None",
            "netIncome": "-23609000",
            "capitalExpenditures": "364000",
            "operatingCashflow": "-970000",
            "grossProfit": "38996000",
            "totalRevenue": "64973000",
            "sentiment": 0,
            "surprise": "0.07",
            "closePrice": "33.64"
        },
        {
            "fiscalDateEnding": "2021-09-30",
            "totalCurrentAssets": "368130000",
            "cashAndShortTermInvestments": "308642000",
            "totalCurrentLiabilities": "148558000",
            "currentDebt": "None",
            "netIncome": "-17525000",
            "capitalExpenditures": "347000",
            "operatingCashflow": "-8171000",
            "grossProfit": "36619000",
            "totalRevenue": "62671000",
            "sentiment": 0,
            "surprise": "0.09",
            "closePrice": "30.02"
        },
        {
            "fiscalDateEnding": "2021-06-30",
            "totalCurrentAssets": "374876000",
            "cashAndShortTermInvestments": "318326000",
            "totalCurrentLiabilities": "148032000",
            "currentDebt": "None",
            "netIncome": "-18046000",
            "capitalExpenditures": "785000",
            "operatingCashflow": "-4985000",
            "grossProfit": "35997000",
            "totalRevenue": "62401000",
            "sentiment": 0,
            "surprise": "0.08",
            "closePrice": "42.21"
        },
        {
            "fiscalDateEnding": "2021-03-31",
            "totalCurrentAssets": "394145000",
            "cashAndShortTermInvestments": "323929000",
            "totalCurrentLiabilities": "160384000",
            "currentDebt": "None",
            "netIncome": "-22029000",
            "capitalExpenditures": "1300000",
            "operatingCashflow": "-4429000",
            "grossProfit": "34886000",
            "totalRevenue": "61378000",
            "sentiment": 0,
            "surprise": "0.05",
            "closePrice": "40.95"
        },
        {
            "fiscalDateEnding": "2020-12-31",
            "totalCurrentAssets": "394300000",
            "cashAndShortTermInvestments": "329134000",
            "totalCurrentLiabilities": "147918000",
            "currentDebt": "None",
            "netIncome": "-18184000",
            "capitalExpenditures": "4942000",
            "operatingCashflow": "12452000",
            "grossProfit": "35539000",
            "totalRevenue": "60858000",
            "sentiment": 0,
            "surprise": "0.04",
            "closePrice": "45.38"
        },
        {
            "fiscalDateEnding": "2020-09-30",
            "totalCurrentAssets": "405219000",
            "cashAndShortTermInvestments": "322352000",
            "totalCurrentLiabilities": "159616000",
            "currentDebt": "None",
            "netIncome": "-18857000",
            "capitalExpenditures": "4353000",
            "operatingCashflow": "-14886000",
            "grossProfit": "36871000",
            "totalRevenue": "61508000",
            "sentiment": 0,
            "surprise": "0.05",
            "closePrice": "31.41"
        },
        {
            "fiscalDateEnding": "2020-06-30",
            "totalCurrentAssets": "289313000",
            "cashAndShortTermInvestments": "220157000",
            "totalCurrentLiabilities": "158658000",
            "currentDebt": "None",
            "netIncome": "-17208000",
            "capitalExpenditures": "8205000",
            "operatingCashflow": "-22782000",
            "grossProfit": "37797000",
            "totalRevenue": "63747000",
            "sentiment": 0,
            "surprise": "0.08",
            "closePrice": "38.69"
        },
        {
            "fiscalDateEnding": "2020-03-31",
            "totalCurrentAssets": "320596000",
            "cashAndShortTermInvestments": "251782000",
            "totalCurrentLiabilities": "177803000",
            "currentDebt": "7383000",
            "netIncome": "-22735000",
            "capitalExpenditures": "10993000",
            "operatingCashflow": "-24173000",
            "grossProfit": "37584000",
            "totalRevenue": "66311000",
            "sentiment": 0,
            "surprise": "0",
            "closePrice": "33.31"
        },
        {
            "fiscalDateEnding": "2019-12-31",
            "totalCurrentAssets": "385945000",
            "cashAndShortTermInvestments": "306077000",
            "totalCurrentLiabilities": "196134000",
            "currentDebt": "7173000",
            "netIncome": "-17300000",
            "capitalExpenditures": "1911000",
            "operatingCashflow": "12852000",
            "grossProfit": "37814000",
            "totalRevenue": "66175000",
            "sentiment": 0,
            "surprise": "-0.02",
            "closePrice": "60.02"
        },
        {
            "fiscalDateEnding": "2019-09-30",
            "totalCurrentAssets": "389327000",
            "cashAndShortTermInvestments": "319162000",
            "totalCurrentLiabilities": "214851000",
            "currentDebt": "49565000",
            "netIncome": "-17347000",
            "capitalExpenditures": "1053000",
            "operatingCashflow": "4037000",
            "grossProfit": "37767000",
            "totalRevenue": "64150000",
            "sentiment": 0,
            "surprise": "0.02",
            "closePrice": "55.26"
        },
        {
            "fiscalDateEnding": "2019-06-30",
            "totalCurrentAssets": "395250000",
            "cashAndShortTermInvestments": "329562000",
            "totalCurrentLiabilities": "179016000",
            "currentDebt": "26447000",
            "netIncome": "-17517000",
            "capitalExpenditures": "1696000",
            "operatingCashflow": "-3549000",
            "grossProfit": "40295000",
            "totalRevenue": "63878000",
            "sentiment": 0,
            "surprise": "0.03",
            "closePrice": "67.41"
        },
        {
            "fiscalDateEnding": "2019-03-31",
            "totalCurrentAssets": "329172000",
            "cashAndShortTermInvestments": "272636000",
            "totalCurrentLiabilities": "287229000",
            "currentDebt": "138442000",
            "netIncome": "-16917000",
            "capitalExpenditures": "661000",
            "operatingCashflow": "-8095000",
            "grossProfit": "35341000",
            "totalRevenue": "56131000",
            "sentiment": 0,
            "surprise": "0.02",
            "closePrice": "45.05"
        },
        {
            "fiscalDateEnding": "2018-12-31",
            "totalCurrentAssets": "346143000",
            "cashAndShortTermInvestments": "295476000",
            "totalCurrentLiabilities": "274750000",
            "currentDebt": "136529000",
            "netIncome": "-12760000",
            "capitalExpenditures": "194000",
            "operatingCashflow": "15188000",
            "grossProfit": "33155000",
            "totalRevenue": "52613000",
            "sentiment": 0,
            "surprise": "0.07",
            "closePrice": "36.19"
        },
        {
            "fiscalDateEnding": "2018-09-30",
            "totalCurrentAssets": "338595000",
            "cashAndShortTermInvestments": "281889000",
            "totalCurrentLiabilities": "128734000",
            "currentDebt": "None",
            "netIncome": "-15786000",
            "capitalExpenditures": "219000",
            "operatingCashflow": "-1175000",
            "grossProfit": "29599000",
            "totalRevenue": "49075000",
            "sentiment": 0,
            "surprise": "0.06",
            "closePrice": "31.76"
        },
        {
            "fiscalDateEnding": "2018-06-30",
            "totalCurrentAssets": "189787000",
            "cashAndShortTermInvestments": "141867000",
            "totalCurrentLiabilities": "115215000",
            "currentDebt": "None",
            "netIncome": "-16844000",
            "capitalExpenditures": "409000",
            "operatingCashflow": "-3578000",
            "grossProfit": "28702000",
            "totalRevenue": "47426000",
            "sentiment": 0,
            "surprise": "0.04",
            "closePrice": "38.11"
        },
        {
            "fiscalDateEnding": "2018-03-31",
            "totalCurrentAssets": "187175000",
            "cashAndShortTermInvestments": "148146000",
            "totalCurrentLiabilities": "101147000",
            "currentDebt": "None",
            "netIncome": "-18856000",
            "capitalExpenditures": "778000",
            "operatingCashflow": "-4732000",
            "grossProfit": "28389000",
            "totalRevenue": "47910000",
            "sentiment": 0,
            "surprise": "0.01",
            "closePrice": "31.97"
        },
        {
            "fiscalDateEnding": "2017-12-31",
            "totalCurrentAssets": "202056000",
            "cashAndShortTermInvestments": "160505000",
            "totalCurrentLiabilities": "102025000",
            "currentDebt": "None",
            "netIncome": "-16980000",
            "capitalExpenditures": "101000",
            "operatingCashflow": "4535000",
            "grossProfit": "28197000",
            "totalRevenue": "46344000",
            "sentiment": 0,
            "surprise": "0.05",
            "closePrice": "27.38"
        },
        {
            "fiscalDateEnding": "2017-09-30",
            "totalCurrentAssets": "204123000",
            "cashAndShortTermInvestments": "157359000",
            "totalCurrentLiabilities": "98300000",
            "currentDebt": "None",
            "netIncome": "-21226000",
            "capitalExpenditures": "615000",
            "operatingCashflow": "-8539000",
            "grossProfit": "24213000",
            "totalRevenue": "41937000",
            "sentiment": 0,
            "surprise": "0.01",
            "closePrice": "24.73"
        },
        {
            "fiscalDateEnding": "2017-06-30",
            "totalCurrentAssets": "244238000",
            "cashAndShortTermInvestments": "203969000",
            "totalCurrentLiabilities": "96808000",
            "currentDebt": "None",
            "netIncome": "-19513000",
            "capitalExpenditures": "211000",
            "operatingCashflow": "-9116000",
            "grossProfit": "24320000",
            "totalRevenue": "40406000",
            "sentiment": 0,
            "surprise": "0.04",
            "closePrice": "29.02"
        },
        {
            "fiscalDateEnding": "2017-03-31",
            "totalCurrentAssets": "157417000",
            "cashAndShortTermInvestments": "117868000",
            "totalCurrentLiabilities": "94434000",
            "currentDebt": "None",
            "netIncome": "-20207000",
            "capitalExpenditures": "484000",
            "operatingCashflow": "-12193000",
            "grossProfit": "23520000",
            "totalRevenue": "40129000",
            "sentiment": 0,
            "surprise": "0.04",
            "closePrice": "24.96"
        },
        {
            "fiscalDateEnding": "2016-12-31",
            "totalCurrentAssets": "173657000",
            "cashAndShortTermInvestments": "134035000",
            "totalCurrentLiabilities": "96721000",
            "currentDebt": "10000000",
            "netIncome": "-18513000",
            "capitalExpenditures": "2342000",
            "operatingCashflow": "-7186000",
            "grossProfit": "23974000",
            "totalRevenue": "39926000",
            "sentiment": 0,
            "surprise": "0.05",
            "closePrice": "22.48"
        },
        {
            "fiscalDateEnding": "2016-09-30",
            "totalCurrentAssets": "179313000",
            "cashAndShortTermInvestments": "146160000",
            "totalCurrentLiabilities": "89707000",
            "currentDebt": "45000000",
            "netIncome": "-15708000",
            "capitalExpenditures": "1185000",
            "operatingCashflow": "2213000",
            "grossProfit": "22742000",
            "totalRevenue": "38384000",
            "sentiment": 0,
            "surprise": "0.15",
            "closePrice": "21.8"
        },
        {
            "fiscalDateEnding": "2016-06-30",
            "totalCurrentAssets": "189331000",
            "cashAndShortTermInvestments": "145105000",
            "totalCurrentLiabilities": "89209000",
            "currentDebt": "None",
            "netIncome": "-20527000",
            "capitalExpenditures": "1817000",
            "operatingCashflow": "-6608000",
            "grossProfit": "20990000",
            "totalRevenue": "37038000",
            "sentiment": 0,
            "surprise": "0.06",
            "closePrice": "18.83"
        },
        {
            "fiscalDateEnding": "2016-03-31",
            "totalCurrentAssets": "197839000",
            "cashAndShortTermInvestments": "153651000",
            "totalCurrentLiabilities": "91641000",
            "currentDebt": "None",
            "netIncome": "-20477000",
            "capitalExpenditures": "3522000",
            "operatingCashflow": "-2764000",
            "grossProfit": "22217000",
            "totalRevenue": "37928000",
            "sentiment": 0,
            "surprise": "0.07",
            "closePrice": "11.55"
        },
        {
            "fiscalDateEnding": "2015-12-31",
            "totalCurrentAssets": "210925000",
            "cashAndShortTermInvestments": "164270000",
            "totalCurrentLiabilities": "86354000",
            "currentDebt": "None",
            "netIncome": "-17731000",
            "capitalExpenditures": "1938000",
            "operatingCashflow": "8728000",
            "grossProfit": "26599000",
            "totalRevenue": "42012000",
            "sentiment": 0,
            "surprise": "0.09",
            "closePrice": "9.51"
        },
        {
            "fiscalDateEnding": "2015-09-30",
            "totalCurrentAssets": "216951000",
            "cashAndShortTermInvestments": "157445000",
            "totalCurrentLiabilities": "84259000",
            "currentDebt": "None",
            "netIncome": "-18182000",
            "capitalExpenditures": "3006000",
            "operatingCashflow": "4827000",
            "grossProfit": "25600000",
            "totalRevenue": "40866000",
            "sentiment": 0,
            "surprise": "0.05",
            "closePrice": "24.49"
        },
        {
            "fiscalDateEnding": "2015-06-30",
            "totalCurrentAssets": "224604000",
            "cashAndShortTermInvestments": "157028000",
            "totalCurrentLiabilities": "82223000",
            "currentDebt": "None",
            "netIncome": "-15668000",
            "capitalExpenditures": "740000",
            "operatingCashflow": "3411000",
            "grossProfit": "25959000",
            "totalRevenue": "41689000",
            "sentiment": 0,
            "surprise": "0.03",
            "closePrice": "21.29"
        },
        {
            "fiscalDateEnding": "2015-03-31",
            "totalCurrentAssets": "220422000",
            "cashAndShortTermInvestments": "154147000",
            "totalCurrentLiabilities": "73946000",
            "currentDebt": "None",
            "netIncome": "-14230000",
            "capitalExpenditures": "1110000",
            "operatingCashflow": "-1434000",
            "grossProfit": "28678000",
            "totalRevenue": "43679000",
            "sentiment": 0,
            "surprise": "0",
            "closePrice": "21.55"
        },
        {
            "fiscalDateEnding": "2014-12-31",
            "totalCurrentAssets": "240289000",
            "cashAndShortTermInvestments": "161019000",
            "totalCurrentLiabilities": "88386000",
            "currentDebt": "None",
            "netIncome": "-17459000",
            "capitalExpenditures": "1209000",
            "operatingCashflow": "-1353000",
            "grossProfit": "39319000",
            "totalRevenue": "53829000",
            "sentiment": 0,
            "surprise": "0.05",
            "closePrice": "23.86"
        },
        {
            "fiscalDateEnding": "2014-09-30",
            "totalCurrentAssets": "107936000",
            "cashAndShortTermInvestments": "42735000",
            "totalCurrentLiabilities": "80013000",
            "currentDebt": "None",
            "netIncome": "-3734000",
            "capitalExpenditures": "1770000",
            "operatingCashflow": "12193000",
            "grossProfit": "32442000",
            "totalRevenue": "46719000",
            "sentiment": 0,
            "surprise": "0.04",
            "closePrice": "28.74"
        },
        {
            "fiscalDateEnding": "2014-06-30",
            "totalCurrentAssets": "105448000",
            "cashAndShortTermInvestments": "32535000",
            "totalCurrentLiabilities": "77647000",
            "currentDebt": "None",
            "netIncome": "-6996000",
            "capitalExpenditures": "2864000",
            "operatingCashflow": "-12495000",
            "grossProfit": "29615000",
            "totalRevenue": "44368000",
            "sentiment": 0,
            "surprise": "0.02",
            "closePrice": "26.61"
        },
        {
            "fiscalDateEnding": "2014-03-31",
            "totalCurrentAssets": "107861000",
            "cashAndShortTermInvestments": "49518000",
            "totalCurrentLiabilities": "79940000",
            "currentDebt": "None",
            "netIncome": "-8455000",
            "capitalExpenditures": "1656000",
            "operatingCashflow": "3409000",
            "grossProfit": "26367000",
            "totalRevenue": "40913000",
            "sentiment": 0,
            "surprise": "0.02",
            "closePrice": "26.02"
        },
        {
            "fiscalDateEnding": "2013-12-31",
            "totalCurrentAssets": "137129000",
            "cashAndShortTermInvestments": "84406000",
            "totalCurrentLiabilities": "65002000",
            "currentDebt": "None",
            "netIncome": "139000",
            "capitalExpenditures": "765000",
            "operatingCashflow": "5812000",
            "grossProfit": "28101000",
            "totalRevenue": "38871000",
            "sentiment": 0,
            "surprise": "0.03",
            "closePrice": "41.06"
        },
        {
            "fiscalDateEnding": "2013-09-30",
            "totalCurrentAssets": "141807000",
            "cashAndShortTermInvestments": "90774000",
            "totalCurrentLiabilities": "53723000",
            "currentDebt": "None",
            "netIncome": "993000",
            "capitalExpenditures": "464000",
            "operatingCashflow": "3225000",
            "grossProfit": "25787000",
            "totalRevenue": "36813000",
            "sentiment": 0,
            "surprise": "0.04",
            "closePrice": "34.73"
        },
        {
            "fiscalDateEnding": "2013-06-30",
            "totalCurrentAssets": "131821000",
            "cashAndShortTermInvestments": "88227000",
            "totalCurrentLiabilities": "49502000",
            "currentDebt": "None",
            "netIncome": "580000",
            "capitalExpenditures": "1224000",
            "operatingCashflow": "6673000",
            "grossProfit": "24741000",
            "totalRevenue": "35527000",
            "sentiment": 0,
            "surprise": "0.01",
            "closePrice": "32.76"
        },
        {
            "fiscalDateEnding": "2013-03-31",
            "totalCurrentAssets": "131403000",
            "cashAndShortTermInvestments": "82462000",
            "totalCurrentLiabilities": "55381000",
            "currentDebt": "None",
            "netIncome": "1734000",
            "capitalExpenditures": "948000",
            "operatingCashflow": "1261000",
            "grossProfit": "23073000",
            "totalRevenue": "33626000",
            "sentiment": 0,
            "surprise": "0.02",
            "closePrice": "25.37"
        },
        {
            "fiscalDateEnding": "2012-12-31",
            "totalCurrentAssets": "127426000",
            "cashAndShortTermInvestments": "83558000",
            "totalCurrentLiabilities": "54476000",
            "currentDebt": "None",
            "netIncome": "1424000",
            "capitalExpenditures": "745000",
            "operatingCashflow": "13783000",
            "grossProfit": "23045000",
            "totalRevenue": "32723000",
            "sentiment": 0,
            "surprise": "0.01",
            "closePrice": "22.2"
        },
        {
            "fiscalDateEnding": "2012-09-30",
            "totalCurrentAssets": "124413000",
            "cashAndShortTermInvestments": "72644000",
            "totalCurrentLiabilities": "53682000",
            "currentDebt": "None",
            "netIncome": "1356000",
            "capitalExpenditures": "2690000",
            "operatingCashflow": "3916000",
            "grossProfit": "21244000",
            "totalRevenue": "29913000",
            "sentiment": 0,
            "surprise": "0.01",
            "closePrice": "18.99"
        },
        {
            "fiscalDateEnding": "2012-06-30",
            "totalCurrentAssets": "111612000",
            "cashAndShortTermInvestments": "71162000",
            "totalCurrentLiabilities": "42271000",
            "currentDebt": "None",
            "netIncome": "995000",
            "capitalExpenditures": "3048000",
            "operatingCashflow": "3529000",
            "grossProfit": "20634000",
            "totalRevenue": "28134000",
            "sentiment": 0,
            "surprise": "0.01",
            "closePrice": "12.75"
        },
        {
            "fiscalDateEnding": "2012-03-31",
            "totalCurrentAssets": "107303000",
            "cashAndShortTermInvestments": "70913000",
            "totalCurrentLiabilities": "38647000",
            "currentDebt": "None",
            "netIncome": "1191000",
            "capitalExpenditures": "1031000",
            "operatingCashflow": "3424000",
            "grossProfit": "19100000",
            "totalRevenue": "27021000",
            "sentiment": 0,
            "surprise": "0",
            "closePrice": "19.79"
        },
        {
            "fiscalDateEnding": "2011-12-31",
            "totalCurrentAssets": "110674000",
            "cashAndShortTermInvestments": "68457000",
            "totalCurrentLiabilities": "44340000",
            "currentDebt": "None",
            "netIncome": "2121000",
            "capitalExpenditures": "1070000",
            "operatingCashflow": "3158000",
            "grossProfit": "18988000",
            "totalRevenue": "26240000",
            "sentiment": 0,
            "surprise": "0.02",
            "closePrice": "17.87"
        },
        {
            "fiscalDateEnding": "2011-09-30",
            "totalCurrentAssets": "102258000",
            "cashAndShortTermInvestments": "66403000",
            "totalCurrentLiabilities": "41161000",
            "currentDebt": "None",
            "netIncome": "1932000",
            "capitalExpenditures": "622000",
            "operatingCashflow": "2463000",
            "grossProfit": "18797000",
            "totalRevenue": "25208000",
            "sentiment": 0,
            "surprise": "0.03",
            "closePrice": "15.68"
        },
        {
            "fiscalDateEnding": "2011-06-30",
            "totalCurrentAssets": "96734000",
            "cashAndShortTermInvestments": "66403000",
            "totalCurrentLiabilities": "39046000",
            "currentDebt": "None",
            "netIncome": "1441000",
            "capitalExpenditures": "613000",
            "operatingCashflow": "2690000",
            "grossProfit": "17344000",
            "totalRevenue": "23785000",
            "sentiment": 0,
            "surprise": "0.01",
            "closePrice": "14.94"
        }
    ]
}