{
    "PTC": [
        {
            "fiscalDateEnding": "2023-12-31",
            "totalCurrentAssets": "1134409000",
            "cashAndShortTermInvestments": "264997000",
            "totalCurrentLiabilities": "950333000",
            "currentDebt": "12500000",
            "netIncome": "66387000",
            "capitalExpenditures": "4563000",
            "operatingCashflow": "187341000",
            "grossProfit": "440194000",
            "totalRevenue": "514880000",
            "sentiment": 0.32058898332300817,
            "surprise": "0.15",
            "closePrice": "180.65"
        },
        {
            "fiscalDateEnding": "2023-09-30",
            "totalCurrentAssets": "1277366000",
            "cashAndShortTermInvestments": "288103000",
            "totalCurrentLiabilities": "1671185000",
            "currentDebt": "9375000",
            "netIncome": "45603000",
            "capitalExpenditures": "6579000",
            "operatingCashflow": "49769000",
            "grossProfit": "430764000",
            "totalRevenue": "513571000",
            "sentiment": 0.1259192417796007,
            "surprise": "0.06",
            "closePrice": "138.89"
        },
        {
            "fiscalDateEnding": "2023-06-30",
            "totalCurrentAssets": "1103277000",
            "cashAndShortTermInvestments": "281513000",
            "totalCurrentLiabilities": "1611655000",
            "currentDebt": "None",
            "netIncome": "61398000",
            "capitalExpenditures": "5085000",
            "operatingCashflow": "169223000",
            "grossProfit": "426488000",
            "totalRevenue": "506506000",
            "sentiment": 0.4436792799691815,
            "surprise": "-0.01",
            "closePrice": "144.19"
        },
        {
            "fiscalDateEnding": "2023-03-31",
            "totalCurrentAssets": "1166410000",
            "cashAndShortTermInvestments": "320477000",
            "totalCurrentLiabilities": "1593046000",
            "currentDebt": "None",
            "netIncome": "63504000",
            "capitalExpenditures": "3770000",
            "operatingCashflow": "210948000",
            "grossProfit": "428675000",
            "totalRevenue": "501857000",
            "sentiment": 0.2809510573890966,
            "surprise": "0.02",
            "closePrice": "125.2"
        },
        {
            "fiscalDateEnding": "2022-12-31",
            "totalCurrentAssets": "1126794000",
            "cashAndShortTermInvestments": "387588000",
            "totalCurrentLiabilities": "786742000",
            "currentDebt": "None",
            "netIncome": "75035000",
            "capitalExpenditures": "9180000",
            "operatingCashflow": "180921000",
            "grossProfit": "370120000",
            "totalRevenue": "450737000",
            "sentiment": 0.16635011292172996,
            "surprise": "-0.04",
            "closePrice": "138.11"
        },
        {
            "fiscalDateEnding": "2022-09-30",
            "totalCurrentAssets": "1068657000",
            "cashAndShortTermInvestments": "272182000",
            "totalCurrentLiabilities": "792258000",
            "currentDebt": "None",
            "netIncome": "106837000",
            "capitalExpenditures": "10515000",
            "operatingCashflow": "38499000",
            "grossProfit": "412395000",
            "totalRevenue": "454466000",
            "sentiment": 0.26349370850449044,
            "surprise": "0.12",
            "closePrice": "115.73"
        },
        {
            "fiscalDateEnding": "2022-06-30",
            "totalCurrentAssets": "948432000",
            "cashAndShortTermInvestments": "322326000",
            "totalCurrentLiabilities": "769671000",
            "currentDebt": "None",
            "netIncome": "70476000",
            "capitalExpenditures": "5468000",
            "operatingCashflow": "116766000",
            "grossProfit": "360479000",
            "totalRevenue": "449892000",
            "sentiment": 0.01960905324658199,
            "surprise": "-0.09",
            "closePrice": "117.34"
        },
        {
            "fiscalDateEnding": "2022-03-31",
            "totalCurrentAssets": "966962000",
            "cashAndShortTermInvestments": "306701000",
            "totalCurrentLiabilities": "782381000",
            "currentDebt": "None",
            "netIncome": "89679000",
            "capitalExpenditures": "6152000",
            "operatingCashflow": "142325000",
            "grossProfit": "411890000",
            "totalRevenue": "494101000",
            "sentiment": 0.002512,
            "surprise": "0.25",
            "closePrice": "97.62"
        },
        {
            "fiscalDateEnding": "2021-12-31",
            "totalCurrentAssets": "1009322000",
            "cashAndShortTermInvestments": "296125000",
            "totalCurrentLiabilities": "779978000",
            "currentDebt": "None",
            "netIncome": "46089000",
            "capitalExpenditures": "3812000",
            "operatingCashflow": "137736000",
            "grossProfit": "362603000",
            "totalRevenue": "445852000",
            "sentiment": 0,
            "surprise": "-0.1",
            "closePrice": "113.48"
        },
        {
            "fiscalDateEnding": "2021-09-30",
            "totalCurrentAssets": "1073010000",
            "cashAndShortTermInvestments": "326532000",
            "totalCurrentLiabilities": "779282000",
            "currentDebt": "None",
            "netIncome": "292943000",
            "capitalExpenditures": "13051000",
            "operatingCashflow": "45321000",
            "grossProfit": "380908000",
            "totalRevenue": "460908000",
            "sentiment": 0,
            "surprise": "0.42",
            "closePrice": "129.85"
        },
        {
            "fiscalDateEnding": "2021-06-30",
            "totalCurrentAssets": "918496000",
            "cashAndShortTermInvestments": "365756000",
            "totalCurrentLiabilities": "746199000",
            "currentDebt": "None",
            "netIncome": "51203000",
            "capitalExpenditures": "3970000",
            "operatingCashflow": "88034000",
            "grossProfit": "340591000",
            "totalRevenue": "423604000",
            "sentiment": 0,
            "surprise": "0.19",
            "closePrice": "145.25"
        },
        {
            "fiscalDateEnding": "2021-03-31",
            "totalCurrentAssets": "901763000",
            "cashAndShortTermInvestments": "326081000",
            "totalCurrentLiabilities": "766820000",
            "currentDebt": "None",
            "netIncome": "109262000",
            "capitalExpenditures": "4835000",
            "operatingCashflow": "121692000",
            "grossProfit": "372337000",
            "totalRevenue": "449991000",
            "sentiment": 0,
            "surprise": "0.38",
            "closePrice": "148.29"
        },
        {
            "fiscalDateEnding": "2020-12-31",
            "totalCurrentAssets": "936204000",
            "cashAndShortTermInvestments": "398697000",
            "totalCurrentLiabilities": "712238000",
            "currentDebt": "None",
            "netIncome": "23515000",
            "capitalExpenditures": "3407000",
            "operatingCashflow": "113762000",
            "grossProfit": "342220000",
            "totalRevenue": "418616000",
            "sentiment": 0,
            "surprise": "0.31",
            "closePrice": "120.83"
        },
        {
            "fiscalDateEnding": "2020-09-30",
            "totalCurrentAssets": "833447000",
            "cashAndShortTermInvestments": "275458000",
            "totalCurrentLiabilities": "680760000",
            "currentDebt": "None",
            "netIncome": "53406000",
            "capitalExpenditures": "4784000",
            "operatingCashflow": "33974000",
            "grossProfit": "306366000",
            "totalRevenue": "378475000",
            "sentiment": 0,
            "surprise": "0.22",
            "closePrice": "82.47"
        },
        {
            "fiscalDateEnding": "2020-06-30",
            "totalCurrentAssets": "847238000",
            "cashAndShortTermInvestments": "377428000",
            "totalCurrentLiabilities": "666291000",
            "currentDebt": "36748000",
            "netIncome": "34678000",
            "capitalExpenditures": "16219000",
            "operatingCashflow": "104505000",
            "grossProfit": "272497000",
            "totalRevenue": "333057000",
            "sentiment": 0,
            "surprise": "0.18",
            "closePrice": "84.03"
        },
        {
            "fiscalDateEnding": "2020-03-31",
            "totalCurrentAssets": "1341426000",
            "cashAndShortTermInvestments": "826776000",
            "totalCurrentLiabilities": "1192172000",
            "currentDebt": "535887000",
            "netIncome": "7156000",
            "capitalExpenditures": "5536000",
            "operatingCashflow": "87817000",
            "grossProfit": "276576000",
            "totalRevenue": "327998000",
            "sentiment": 0,
            "surprise": "0.15",
            "closePrice": "69.96"
        },
        {
            "fiscalDateEnding": "2019-12-31",
            "totalCurrentAssets": "739169000",
            "cashAndShortTermInvestments": "237017000",
            "totalCurrentLiabilities": "631512000",
            "currentDebt": "33909000",
            "netIncome": "35455000",
            "capitalExpenditures": "4707000",
            "operatingCashflow": "7512000",
            "grossProfit": "268705000",
            "totalRevenue": "345024000",
            "sentiment": 0,
            "surprise": "0.13",
            "closePrice": "79.95"
        },
        {
            "fiscalDateEnding": "2019-09-30",
            "totalCurrentAssets": "782621000",
            "cashAndShortTermInvestments": "269579000",
            "totalCurrentLiabilities": "638155000",
            "currentDebt": "0",
            "netIncome": "9826000",
            "capitalExpenditures": "4832000",
            "operatingCashflow": "55216000",
            "grossProfit": "249588000",
            "totalRevenue": "321233000",
            "sentiment": 0,
            "surprise": "0",
            "closePrice": "66.89"
        },
        {
            "fiscalDateEnding": "2019-06-30",
            "totalCurrentAssets": "752663000",
            "cashAndShortTermInvestments": "267862000",
            "totalCurrentLiabilities": "601222000",
            "currentDebt": "None",
            "netIncome": "-14758000",
            "capitalExpenditures": "8311000",
            "operatingCashflow": "67585000",
            "grossProfit": "212781000",
            "totalRevenue": "284670000",
            "sentiment": 0,
            "surprise": "0.02",
            "closePrice": "91.6"
        },
        {
            "fiscalDateEnding": "2019-03-31",
            "totalCurrentAssets": "790602000",
            "cashAndShortTermInvestments": "319727000",
            "totalCurrentLiabilities": "598383000",
            "currentDebt": "None",
            "netIncome": "-43513000",
            "capitalExpenditures": "20936000",
            "operatingCashflow": "141130000",
            "grossProfit": "210547000",
            "totalRevenue": "279068000",
            "sentiment": 0,
            "surprise": "0.03",
            "closePrice": "101.89"
        },
        {
            "fiscalDateEnding": "2018-12-31",
            "totalCurrentAssets": "799985000",
            "cashAndShortTermInvestments": "302588000",
            "totalCurrentLiabilities": "540969000",
            "currentDebt": "None",
            "netIncome": "20985000",
            "capitalExpenditures": "30332000",
            "operatingCashflow": "21214000",
            "grossProfit": "257337000",
            "totalRevenue": "324413000",
            "sentiment": 0,
            "surprise": "0.16",
            "closePrice": "84.64"
        },
        {
            "fiscalDateEnding": "2018-09-30",
            "totalCurrentAssets": "633784000",
            "cashAndShortTermInvestments": "285782000",
            "totalCurrentLiabilities": "735279000",
            "currentDebt": "None",
            "netIncome": "13191000",
            "capitalExpenditures": "17375000",
            "operatingCashflow": "61960000",
            "grossProfit": "234395000",
            "totalRevenue": "312444000",
            "sentiment": 0,
            "surprise": "0.01",
            "closePrice": "84.6"
        },
        {
            "fiscalDateEnding": "2018-06-30",
            "totalCurrentAssets": "588212000",
            "cashAndShortTermInvestments": "288908000",
            "totalCurrentLiabilities": "665110000",
            "currentDebt": "None",
            "netIncome": "16997000",
            "capitalExpenditures": "7527000",
            "operatingCashflow": "49194000",
            "grossProfit": "233144000",
            "totalRevenue": "314700000",
            "sentiment": 0,
            "surprise": "0.04",
            "closePrice": "98.51"
        },
        {
            "fiscalDateEnding": "2018-03-31",
            "totalCurrentAssets": "649160000",
            "cashAndShortTermInvestments": "322573000",
            "totalCurrentLiabilities": "689326000",
            "currentDebt": "None",
            "netIncome": "7922000",
            "capitalExpenditures": "5262000",
            "operatingCashflow": "111083000",
            "grossProfit": "224175000",
            "totalRevenue": "307806000",
            "sentiment": 0,
            "surprise": "0.03",
            "closePrice": "83.56"
        },
        {
            "fiscalDateEnding": "2017-12-31",
            "totalCurrentAssets": "619459000",
            "cashAndShortTermInvestments": "311825000",
            "totalCurrentLiabilities": "604336000",
            "currentDebt": "None",
            "netIncome": "13877000",
            "capitalExpenditures": "8877000",
            "operatingCashflow": "25515000",
            "grossProfit": "223609000",
            "totalRevenue": "306567000",
            "sentiment": 0,
            "surprise": "0.01",
            "closePrice": "66.7"
        },
        {
            "fiscalDateEnding": "2017-09-30",
            "totalCurrentAssets": "666556000",
            "cashAndShortTermInvestments": "298411000",
            "totalCurrentLiabilities": "678909000",
            "currentDebt": "None",
            "netIncome": "17435000",
            "capitalExpenditures": "6111000",
            "operatingCashflow": "32740000",
            "grossProfit": "224090000",
            "totalRevenue": "306896000",
            "sentiment": 0,
            "surprise": "-0.02",
            "closePrice": "60.09"
        },
        {
            "fiscalDateEnding": "2017-06-30",
            "totalCurrentAssets": "609459000",
            "cashAndShortTermInvestments": "260695000",
            "totalCurrentLiabilities": "650940000",
            "currentDebt": "None",
            "netIncome": "-951000",
            "capitalExpenditures": "4544000",
            "operatingCashflow": "73913000",
            "grossProfit": "209025000",
            "totalRevenue": "291293000",
            "sentiment": 0,
            "surprise": "0",
            "closePrice": "58.92"
        },
        {
            "fiscalDateEnding": "2017-03-31",
            "totalCurrentAssets": "671723000",
            "cashAndShortTermInvestments": "243316000",
            "totalCurrentLiabilities": "683945000",
            "currentDebt": "None",
            "netIncome": "-1104000",
            "capitalExpenditures": "7689000",
            "operatingCashflow": "76426000",
            "grossProfit": "198210000",
            "totalRevenue": "280040000",
            "sentiment": 0,
            "surprise": "0.02",
            "closePrice": "53.69"
        },
        {
            "fiscalDateEnding": "2016-12-31",
            "totalCurrentAssets": "513188000",
            "cashAndShortTermInvestments": "196105000",
            "totalCurrentLiabilities": "556730000",
            "currentDebt": "None",
            "netIncome": "-9141000",
            "capitalExpenditures": "7100000",
            "operatingCashflow": "-47876000",
            "grossProfit": "204212000",
            "totalRevenue": "286327000",
            "sentiment": 0,
            "surprise": "0",
            "closePrice": "47.38"
        },
        {
            "fiscalDateEnding": "2016-09-30",
            "totalCurrentAssets": "642589000",
            "cashAndShortTermInvestments": "296630000",
            "totalCurrentLiabilities": "654519000",
            "currentDebt": "None",
            "netIncome": "-28473000",
            "capitalExpenditures": "9557000",
            "operatingCashflow": "13665000",
            "grossProfit": "205381000",
            "totalRevenue": "288237000",
            "sentiment": 0,
            "surprise": "-0.1",
            "closePrice": "43.55"
        },
        {
            "fiscalDateEnding": "2016-06-30",
            "totalCurrentAssets": "635286000",
            "cashAndShortTermInvestments": "294626000",
            "totalCurrentLiabilities": "603894000",
            "currentDebt": "None",
            "netIncome": "3073000",
            "capitalExpenditures": "7766000",
            "operatingCashflow": "59457000",
            "grossProfit": "206182000",
            "totalRevenue": "288652000",
            "sentiment": 0,
            "surprise": "-0.05",
            "closePrice": "39.56"
        },
        {
            "fiscalDateEnding": "2016-03-31",
            "totalCurrentAssets": "741390000",
            "cashAndShortTermInvestments": "368456000",
            "totalCurrentLiabilities": "618806000",
            "currentDebt": "None",
            "netIncome": "-5173000",
            "capitalExpenditures": "4681000",
            "operatingCashflow": "48885000",
            "grossProfit": "192436000",
            "totalRevenue": "272627000",
            "sentiment": 0,
            "surprise": "-0.14",
            "closePrice": "34.21"
        },
        {
            "fiscalDateEnding": "2015-12-31",
            "totalCurrentAssets": "659588000",
            "cashAndShortTermInvestments": "296797000",
            "totalCurrentLiabilities": "579387000",
            "currentDebt": "None",
            "netIncome": "-23892000",
            "capitalExpenditures": "4185000",
            "operatingCashflow": "61254000",
            "grossProfit": "210870000",
            "totalRevenue": "291017000",
            "sentiment": 0,
            "surprise": "0.07",
            "closePrice": "29.61"
        },
        {
            "fiscalDateEnding": "2015-09-30",
            "totalCurrentAssets": "704679000",
            "cashAndShortTermInvestments": "273417000",
            "totalCurrentLiabilities": "617260000",
            "currentDebt": "50000000",
            "netIncome": "-5554000",
            "capitalExpenditures": "9991000",
            "operatingCashflow": "-12560000",
            "grossProfit": "236206000",
            "totalRevenue": "312568000",
            "sentiment": 0,
            "surprise": "0.05",
            "closePrice": "34.795"
        },
        {
            "fiscalDateEnding": "2015-06-30",
            "totalCurrentAssets": "635205000",
            "cashAndShortTermInvestments": "275060000",
            "totalCurrentLiabilities": "638193000",
            "currentDebt": "None",
            "netIncome": "17435000",
            "capitalExpenditures": "6530000",
            "operatingCashflow": "86839000",
            "grossProfit": "223737000",
            "totalRevenue": "303113000",
            "sentiment": 0,
            "surprise": "0.02",
            "closePrice": "37.8"
        },
        {
            "fiscalDateEnding": "2015-03-31",
            "totalCurrentAssets": "706252000",
            "cashAndShortTermInvestments": "267815000",
            "totalCurrentLiabilities": "660736000",
            "currentDebt": "None",
            "netIncome": "5392000",
            "capitalExpenditures": "6160000",
            "operatingCashflow": "91992000",
            "grossProfit": "228065000",
            "totalRevenue": "314119000",
            "sentiment": 0,
            "surprise": "0.06",
            "closePrice": "36.68"
        },
        {
            "fiscalDateEnding": "2014-12-31",
            "totalCurrentAssets": "696065000",
            "cashAndShortTermInvestments": "261052000",
            "totalCurrentLiabilities": "588982000",
            "currentDebt": "None",
            "netIncome": "30284000",
            "capitalExpenditures": "7947000",
            "operatingCashflow": "13632000",
            "grossProfit": "232500000",
            "totalRevenue": "325442000",
            "sentiment": 0,
            "surprise": "0.01",
            "closePrice": "32.9"
        },
        {
            "fiscalDateEnding": "2014-09-30",
            "totalCurrentAssets": "732167000",
            "cashAndShortTermInvestments": "293654000",
            "totalCurrentLiabilities": "626667000",
            "currentDebt": "25000000",
            "netIncome": "38755000",
            "capitalExpenditures": "8554000",
            "operatingCashflow": "51165000",
            "grossProfit": "270854000",
            "totalRevenue": "366708000",
            "sentiment": 0,
            "surprise": "0.05",
            "closePrice": "38.17"
        },
        {
            "fiscalDateEnding": "2014-06-30",
            "totalCurrentAssets": "711229000",
            "cashAndShortTermInvestments": "304173000",
            "totalCurrentLiabilities": "548351000",
            "currentDebt": "15625000",
            "netIncome": "38026000",
            "capitalExpenditures": "6379000",
            "operatingCashflow": "106423000",
            "grossProfit": "245558000",
            "totalRevenue": "336634000",
            "sentiment": 0,
            "surprise": "0.03",
            "closePrice": "38.02"
        },
        {
            "fiscalDateEnding": "2014-03-31",
            "totalCurrentAssets": "703444000",
            "cashAndShortTermInvestments": "270470000",
            "totalCurrentLiabilities": "525815000",
            "currentDebt": "12500000",
            "netIncome": "43756000",
            "capitalExpenditures": "4568000",
            "operatingCashflow": "110722000",
            "grossProfit": "234903000",
            "totalRevenue": "328700000",
            "sentiment": 0,
            "surprise": "0.02",
            "closePrice": "34.95"
        },
        {
            "fiscalDateEnding": "2013-12-31",
            "totalCurrentAssets": "769100000",
            "cashAndShortTermInvestments": "371377000",
            "totalCurrentLiabilities": "455937000",
            "currentDebt": "15000000",
            "netIncome": "39657000",
            "capitalExpenditures": "5774000",
            "operatingCashflow": "36242000",
            "grossProfit": "231969000",
            "totalRevenue": "324925000",
            "sentiment": 0,
            "surprise": "0.06",
            "closePrice": "35.75"
        },
        {
            "fiscalDateEnding": "2013-09-30",
            "totalCurrentAssets": "680216000",
            "cashAndShortTermInvestments": "241913000",
            "totalCurrentLiabilities": "528613000",
            "currentDebt": "15000000",
            "netIncome": "56466000",
            "capitalExpenditures": "10200000",
            "operatingCashflow": "43661000",
            "grossProfit": "253316000",
            "totalRevenue": "344845000",
            "sentiment": 0,
            "surprise": "0.06",
            "closePrice": "28.35"
        },
        {
            "fiscalDateEnding": "2013-06-30",
            "totalCurrentAssets": "639948000",
            "cashAndShortTermInvestments": "257031000",
            "totalCurrentLiabilities": "494028000",
            "currentDebt": "9375000",
            "netIncome": "34455000",
            "capitalExpenditures": "6702000",
            "operatingCashflow": "84590000",
            "grossProfit": "223828000",
            "totalRevenue": "314996000",
            "sentiment": 0,
            "surprise": "0.02",
            "closePrice": "27.04"
        },
        {
            "fiscalDateEnding": "2013-03-31",
            "totalCurrentAssets": "645238000",
            "cashAndShortTermInvestments": "240809000",
            "totalCurrentLiabilities": "499069000",
            "currentDebt": "7500000",
            "netIncome": "17037000",
            "capitalExpenditures": "5033000",
            "operatingCashflow": "82796000",
            "grossProfit": "220679000",
            "totalRevenue": "313949000",
            "sentiment": 0,
            "surprise": "0.06",
            "closePrice": "22.29"
        },
        {
            "fiscalDateEnding": "2012-12-31",
            "totalCurrentAssets": "633498000",
            "cashAndShortTermInvestments": "248392000",
            "totalCurrentLiabilities": "453320000",
            "currentDebt": "5625000",
            "netIncome": "35811000",
            "capitalExpenditures": "7393000",
            "operatingCashflow": "13636000",
            "grossProfit": "222679000",
            "totalRevenue": "319751000",
            "sentiment": 0,
            "surprise": "0.03",
            "closePrice": "23.28"
        },
        {
            "fiscalDateEnding": "2012-09-30",
            "totalCurrentAssets": "879152000",
            "cashAndShortTermInvestments": "489543000",
            "totalCurrentLiabilities": "481744000",
            "currentDebt": "7500000",
            "netIncome": "-83985000",
            "capitalExpenditures": "8907000",
            "operatingCashflow": "20931000",
            "grossProfit": "237456000",
            "totalRevenue": "325295000",
            "sentiment": 0,
            "surprise": "0.02",
            "closePrice": "20.18"
        },
        {
            "fiscalDateEnding": "2012-06-30",
            "totalCurrentAssets": "607971000",
            "cashAndShortTermInvestments": "238047000",
            "totalCurrentLiabilities": "482295000",
            "currentDebt": "None",
            "netIncome": "22895000",
            "capitalExpenditures": "5882000",
            "operatingCashflow": "64010000",
            "grossProfit": "218129000",
            "totalRevenue": "310983000",
            "sentiment": 0,
            "surprise": "0.07",
            "closePrice": "18.75"
        },
        {
            "fiscalDateEnding": "2012-03-31",
            "totalCurrentAssets": "631260000",
            "cashAndShortTermInvestments": "224107000",
            "totalCurrentLiabilities": "506532000",
            "currentDebt": "None",
            "netIncome": "3569000",
            "capitalExpenditures": "9054000",
            "operatingCashflow": "96549000",
            "grossProfit": "207909000",
            "totalRevenue": "301125000",
            "sentiment": 0,
            "surprise": "0.03",
            "closePrice": "20.23"
        },
        {
            "fiscalDateEnding": "2011-12-31",
            "totalCurrentAssets": "588288000",
            "cashAndShortTermInvestments": "187351000",
            "totalCurrentLiabilities": "428393000",
            "currentDebt": "None",
            "netIncome": "22123000",
            "capitalExpenditures": "7570000",
            "operatingCashflow": "36485000",
            "grossProfit": "220057000",
            "totalRevenue": "318276000",
            "sentiment": 0,
            "surprise": "0.04",
            "closePrice": "21.57"
        },
        {
            "fiscalDateEnding": "2011-09-30",
            "totalCurrentAssets": "592264000",
            "cashAndShortTermInvestments": "167878000",
            "totalCurrentLiabilities": "465324000",
            "currentDebt": "None",
            "netIncome": "37621000",
            "capitalExpenditures": "9522000",
            "operatingCashflow": "27000",
            "grossProfit": "240898000",
            "totalRevenue": "339425000",
            "sentiment": 0,
            "surprise": "0.04",
            "closePrice": "18.07"
        },
        {
            "fiscalDateEnding": "2011-06-30",
            "totalCurrentAssets": "618258000",
            "cashAndShortTermInvestments": "260751000",
            "totalCurrentLiabilities": "485230000",
            "currentDebt": "None",
            "netIncome": "15526000",
            "capitalExpenditures": "6735000",
            "operatingCashflow": "48433000",
            "grossProfit": "201374000",
            "totalRevenue": "291783000",
            "sentiment": 0,
            "surprise": "0.02",
            "closePrice": "21.84"
        },
        {
            "fiscalDateEnding": "2011-03-31",
            "totalCurrentAssets": "625003000",
            "cashAndShortTermInvestments": "259504000",
            "totalCurrentLiabilities": "437709000",
            "currentDebt": "None",
            "netIncome": "19017000",
            "capitalExpenditures": "6148000",
            "operatingCashflow": "78276000",
            "grossProfit": "187418000",
            "totalRevenue": "269189000",
            "sentiment": 0.21625484485346969,
            "surprise": "0.01",
            "closePrice": "24.26"
        },
        {
            "fiscalDateEnding": "2011-12-31",
            "totalCurrentAssets": "538835000",
            "cashAndShortTermInvestments": "182915000",
            "totalCurrentLiabilities": "398128000",
            "currentDebt": "None",
            "netIncome": "13260000",
            "capitalExpenditures": "5412000",
            "operatingCashflow": "-48038000",
            "grossProfit": "180491000",
            "totalRevenue": "266552000",
            "sentiment": 0,
            "surprise": "0.04",
            "closePrice": "21.57"
        },
        {
            "fiscalDateEnding": "2010-09-30",
            "totalCurrentAssets": "568257000",
            "cashAndShortTermInvestments": "240253000",
            "totalCurrentLiabilities": "452994000",
            "currentDebt": "None",
            "netIncome": "-13215000",
            "capitalExpenditures": "5045000",
            "operatingCashflow": "15568000",
            "grossProfit": "495604000",
            "totalRevenue": "268736000",
            "sentiment": 0,
            "surprise": "0",
            "closePrice": "20.77"
        },
        {
            "fiscalDateEnding": "2010-06-30",
            "totalCurrentAssets": "534231000",
            "cashAndShortTermInvestments": "219019000",
            "totalCurrentLiabilities": "439032000",
            "currentDebt": "None",
            "netIncome": "10718000",
            "capitalExpenditures": "4582000",
            "operatingCashflow": "50368000",
            "grossProfit": "65903000",
            "totalRevenue": "242490000",
            "sentiment": 0,
            "surprise": "0.02",
            "closePrice": "18.22"
        }
    ]
}