{
    "PUBM": [
        {
            "fiscalDateEnding": "2023-12-31",
            "totalCurrentAssets": "561955000",
            "cashAndShortTermInvestments": "175344000",
            "totalCurrentLiabilities": "379593000",
            "currentDebt": "133000",
            "netIncome": "18702000",
            "capitalExpenditures": "9139000",
            "operatingCashflow": "28674000",
            "grossProfit": "60392000",
            "totalRevenue": "88615000",
            "sentiment": 0.31207971553655994,
            "surprise": "0.14",
            "closePrice": "16.57"
        },
        {
            "fiscalDateEnding": "2023-09-30",
            "totalCurrentAssets": "474372000",
            "cashAndShortTermInvestments": "171353000",
            "totalCurrentLiabilities": "303867000",
            "currentDebt": "None",
            "netIncome": "1774000",
            "capitalExpenditures": "6678000",
            "operatingCashflow": "23845000",
            "grossProfit": "37586000",
            "totalRevenue": "65923000",
            "sentiment": 0.11982813899847028,
            "surprise": "0.08",
            "closePrice": "12.1"
        },
        {
            "fiscalDateEnding": "2023-06-30",
            "totalCurrentAssets": "443238000",
            "cashAndShortTermInvestments": "170904000",
            "totalCurrentLiabilities": "268780000",
            "currentDebt": "None",
            "netIncome": "-5724000",
            "capitalExpenditures": "5053000",
            "operatingCashflow": "15848000",
            "grossProfit": "38263000",
            "totalRevenue": "65506000",
            "sentiment": 0.3334019370797639,
            "surprise": "-0.05",
            "closePrice": "18.56"
        },
        {
            "fiscalDateEnding": "2023-03-31",
            "totalCurrentAssets": "440349000",
            "cashAndShortTermInvestments": "173192000",
            "totalCurrentLiabilities": "247601000",
            "currentDebt": "None",
            "netIncome": "-5871000",
            "capitalExpenditures": "7418000",
            "operatingCashflow": "12754000",
            "grossProfit": "31544000",
            "totalRevenue": "57298000",
            "sentiment": 0.15112999525609394,
            "surprise": "0.11",
            "closePrice": "12.62"
        },
        {
            "fiscalDateEnding": "2022-12-31",
            "totalCurrentAssets": "503478000",
            "cashAndShortTermInvestments": "174395000",
            "totalCurrentLiabilities": "302026000",
            "currentDebt": "125000",
            "netIncome": "12781000",
            "capitalExpenditures": "12335000",
            "operatingCashflow": "19358000",
            "grossProfit": "51341000",
            "totalRevenue": "74992000",
            "sentiment": 0.12971144879187985,
            "surprise": "-0.04",
            "closePrice": "15.18"
        },
        {
            "fiscalDateEnding": "2022-09-30",
            "totalCurrentAssets": "458241000",
            "cashAndShortTermInvestments": "166091000",
            "totalCurrentLiabilities": "278965000",
            "currentDebt": "None",
            "netIncome": "3326000",
            "capitalExpenditures": "17397000",
            "operatingCashflow": "28072000",
            "grossProfit": "42909000",
            "totalRevenue": "64496000",
            "sentiment": 0.19268308522763872,
            "surprise": "0.09",
            "closePrice": "16.15"
        },
        {
            "fiscalDateEnding": "2022-06-30",
            "totalCurrentAssets": "460075000",
            "cashAndShortTermInvestments": "182991000",
            "totalCurrentLiabilities": "255427000",
            "currentDebt": "None",
            "netIncome": "7819000",
            "capitalExpenditures": "14778000",
            "operatingCashflow": "20468000",
            "grossProfit": "44058000",
            "totalRevenue": "63027000",
            "sentiment": 0.07699445895201795,
            "surprise": "0.06",
            "closePrice": "17.76"
        },
        {
            "fiscalDateEnding": "2022-03-31",
            "totalCurrentAssets": "404874000",
            "cashAndShortTermInvestments": "174725000",
            "totalCurrentLiabilities": "200557000",
            "currentDebt": "None",
            "netIncome": "4779000",
            "capitalExpenditures": "4383000",
            "operatingCashflow": "19314000",
            "grossProfit": "36560000",
            "totalRevenue": "54547000",
            "sentiment": 0.09053447130574942,
            "surprise": "0.03",
            "closePrice": "19.0"
        },
        {
            "fiscalDateEnding": "2021-12-31",
            "totalCurrentAssets": "460749000",
            "cashAndShortTermInvestments": "159626000",
            "totalCurrentLiabilities": "266965000",
            "currentDebt": "119000",
            "netIncome": "28239000",
            "capitalExpenditures": "9760000",
            "operatingCashflow": "28479000",
            "grossProfit": "58651000",
            "totalRevenue": "75654000",
            "sentiment": 0,
            "surprise": "0.15",
            "closePrice": "30.6"
        },
        {
            "fiscalDateEnding": "2021-09-30",
            "totalCurrentAssets": "378092000",
            "cashAndShortTermInvestments": "136731000",
            "totalCurrentLiabilities": "212993000",
            "currentDebt": "None",
            "netIncome": "13526000",
            "capitalExpenditures": "12965000",
            "operatingCashflow": "26439000",
            "grossProfit": "42066000",
            "totalRevenue": "58086000",
            "sentiment": 0,
            "surprise": "0.15",
            "closePrice": "32.11"
        },
        {
            "fiscalDateEnding": "2021-06-30",
            "totalCurrentAssets": "331588000",
            "cashAndShortTermInvestments": "121990000",
            "totalCurrentLiabilities": "176356000",
            "currentDebt": "None",
            "netIncome": "9921000",
            "capitalExpenditures": "13356000",
            "operatingCashflow": "21076000",
            "grossProfit": "36570000",
            "totalRevenue": "49658000",
            "sentiment": 0,
            "surprise": "0.1",
            "closePrice": "33.77"
        },
        {
            "fiscalDateEnding": "2021-03-31",
            "totalCurrentAssets": "291106000",
            "cashAndShortTermInvestments": "110017000",
            "totalCurrentLiabilities": "145253000",
            "currentDebt": "None",
            "netIncome": "4918000",
            "capitalExpenditures": "3280000",
            "operatingCashflow": "12687000",
            "grossProfit": "31308000",
            "totalRevenue": "43608000",
            "sentiment": 0,
            "surprise": "0.054",
            "closePrice": "34.32"
        }
    ]
}