{
    "PYCR": [
        {
            "fiscalDateEnding": "2023-12-31",
            "totalCurrentAssets": "1517285000",
            "cashAndShortTermInvestments": "61719000",
            "totalCurrentLiabilities": "1426474000",
            "currentDebt": "None",
            "netIncome": "-26249000",
            "capitalExpenditures": "16808000",
            "operatingCashflow": "26166000",
            "grossProfit": "104416000",
            "totalRevenue": "159541000",
            "sentiment": 0.19730258611156595,
            "surprise": "0.02",
            "closePrice": "19.59"
        },
        {
            "fiscalDateEnding": "2023-09-30",
            "totalCurrentAssets": "1200982000",
            "cashAndShortTermInvestments": "54277000",
            "totalCurrentLiabilities": "1116370000",
            "currentDebt": "None",
            "netIncome": "-20596000",
            "capitalExpenditures": "14701000",
            "operatingCashflow": "-26129000",
            "grossProfit": "92210000",
            "totalRevenue": "143588000",
            "sentiment": 0.14689437606918282,
            "surprise": "0.03",
            "closePrice": "17.85"
        },
        {
            "fiscalDateEnding": "2023-06-30",
            "totalCurrentAssets": "1242686000",
            "cashAndShortTermInvestments": "95233000",
            "totalCurrentLiabilities": "1163336000",
            "currentDebt": "298000",
            "netIncome": "-29360000",
            "capitalExpenditures": "14087000",
            "operatingCashflow": "31730000",
            "grossProfit": "91595000",
            "totalRevenue": "140043000",
            "sentiment": 0.22177751352160288,
            "surprise": "0.02",
            "closePrice": "22.87"
        },
        {
            "fiscalDateEnding": "2023-03-31",
            "totalCurrentAssets": "1442384000",
            "cashAndShortTermInvestments": "82858000",
            "totalCurrentLiabilities": "1349237000",
            "currentDebt": "294000",
            "netIncome": "-7340000",
            "capitalExpenditures": "26360000",
            "operatingCashflow": "34883000",
            "grossProfit": "112159000",
            "totalRevenue": "161482000",
            "sentiment": 0.24446780040588342,
            "surprise": "0.03",
            "closePrice": "22.77"
        },
        {
            "fiscalDateEnding": "2022-12-31",
            "totalCurrentAssets": "1350300000",
            "cashAndShortTermInvestments": "72277000",
            "totalCurrentLiabilities": "1276477000",
            "currentDebt": "291000",
            "netIncome": "-27463000",
            "capitalExpenditures": "12227000",
            "operatingCashflow": "5603000",
            "grossProfit": "86680000",
            "totalRevenue": "132864000",
            "sentiment": 0.2095561945460806,
            "surprise": "0.02",
            "closePrice": "24.55"
        },
        {
            "fiscalDateEnding": "2022-09-30",
            "totalCurrentAssets": "1109669000",
            "cashAndShortTermInvestments": "98161000",
            "totalCurrentLiabilities": "1010391000",
            "currentDebt": "287000",
            "netIncome": "-29052000",
            "capitalExpenditures": "14140000",
            "operatingCashflow": "-24101000",
            "grossProfit": "75118000",
            "totalRevenue": "118303000",
            "sentiment": 0.14788303432974176,
            "surprise": "0.02",
            "closePrice": "27.57"
        },
        {
            "fiscalDateEnding": "2022-06-30",
            "totalCurrentAssets": "1919532000",
            "cashAndShortTermInvestments": "133041000",
            "totalCurrentLiabilities": "1803233000",
            "currentDebt": "None",
            "netIncome": "-23819000",
            "capitalExpenditures": "13321000",
            "operatingCashflow": "12720000",
            "grossProfit": "70653000",
            "totalRevenue": "110991000",
            "sentiment": 0.02898325489694041,
            "surprise": "0.02",
            "closePrice": "31.03"
        },
        {
            "fiscalDateEnding": "2022-03-31",
            "totalCurrentAssets": "2082561000",
            "cashAndShortTermInvestments": "134004000",
            "totalCurrentLiabilities": "1958416000",
            "currentDebt": "None",
            "netIncome": "-16698000",
            "capitalExpenditures": "10357000",
            "operatingCashflow": "30355000",
            "grossProfit": "81440000",
            "totalRevenue": "122597000",
            "sentiment": 0.165396,
            "surprise": "0.01",
            "closePrice": "26.36"
        },
        {
            "fiscalDateEnding": "2021-12-31",
            "totalCurrentAssets": "1116635000",
            "cashAndShortTermInvestments": "111087000",
            "totalCurrentLiabilities": "1002788000",
            "currentDebt": "None",
            "netIncome": "-25464000",
            "capitalExpenditures": "10289000",
            "operatingCashflow": "-1479000",
            "grossProfit": "61985000",
            "totalRevenue": "103067000",
            "sentiment": 0,
            "surprise": "0.02",
            "closePrice": "25.07"
        },
        {
            "fiscalDateEnding": "2021-09-30",
            "totalCurrentAssets": "1759603000",
            "cashAndShortTermInvestments": "125787000",
            "totalCurrentLiabilities": "1639162000",
            "currentDebt": "None",
            "netIncome": "-53657000",
            "capitalExpenditures": "8522000",
            "operatingCashflow": "-17245000",
            "grossProfit": "47121000",
            "totalRevenue": "92732000",
            "sentiment": 0,
            "surprise": "-0.01",
            "closePrice": "34.56"
        },
        {
            "fiscalDateEnding": "2021-06-30",
            "totalCurrentAssets": "722026000",
            "cashAndShortTermInvestments": "2634000",
            "totalCurrentLiabilities": "741973000",
            "currentDebt": "None",
            "netIncome": "-32810000",
            "capitalExpenditures": "7738000",
            "operatingCashflow": "-15412000",
            "grossProfit": "46032000",
            "totalRevenue": "88013000",
            "sentiment": 0,
            "surprise": "-0.0292",
            "closePrice": "36.95"
        }
    ]
}