{
    "QLYS": [
        {
            "fiscalDateEnding": "2023-12-31",
            "totalCurrentAssets": "599998000",
            "cashAndShortTermInvestments": "425558000",
            "totalCurrentLiabilities": "389208000",
            "currentDebt": "None",
            "netIncome": "40593000",
            "capitalExpenditures": "1523000",
            "operatingCashflow": "33839000",
            "grossProfit": "117440000",
            "totalRevenue": "144570000",
            "sentiment": 0.20500514355422114,
            "surprise": "0.16",
            "closePrice": "177.17"
        },
        {
            "fiscalDateEnding": "2023-09-30",
            "totalCurrentAssets": "562178000",
            "cashAndShortTermInvestments": "427414000",
            "totalCurrentLiabilities": "370491000",
            "currentDebt": "None",
            "netIncome": "46515000",
            "capitalExpenditures": "1808000",
            "operatingCashflow": "92438000",
            "grossProfit": "115257000",
            "totalRevenue": "141996000",
            "sentiment": 0.21219476076094732,
            "surprise": "0.37",
            "closePrice": "152.72"
        },
        {
            "fiscalDateEnding": "2023-06-30",
            "totalCurrentAssets": "508181000",
            "cashAndShortTermInvestments": "349252000",
            "totalCurrentLiabilities": "369120000",
            "currentDebt": "None",
            "netIncome": "35382000",
            "capitalExpenditures": "1418000",
            "operatingCashflow": "51515000",
            "grossProfit": "110547000",
            "totalRevenue": "137209000",
            "sentiment": 0.19130356268581533,
            "surprise": "0.26",
            "closePrice": "138.04"
        },
        {
            "fiscalDateEnding": "2023-03-31",
            "totalCurrentAssets": "464748000",
            "cashAndShortTermInvestments": "333779000",
            "totalCurrentLiabilities": "352958000",
            "currentDebt": "None",
            "netIncome": "29105000",
            "capitalExpenditures": "4037000",
            "operatingCashflow": "66813000",
            "grossProfit": "103729000",
            "totalRevenue": "130683000",
            "sentiment": 0.20370772172495055,
            "surprise": "0.13",
            "closePrice": "108.25"
        },
        {
            "fiscalDateEnding": "2022-12-31",
            "totalCurrentAssets": "473338000",
            "cashAndShortTermInvestments": "321327000",
            "totalCurrentLiabilities": "352188000",
            "currentDebt": "None",
            "netIncome": "28326000",
            "capitalExpenditures": "2970000",
            "operatingCashflow": "43844000",
            "grossProfit": "103101000",
            "totalRevenue": "130849000",
            "sentiment": 0.2614168171692878,
            "surprise": "0.11",
            "closePrice": "122.22"
        },
        {
            "fiscalDateEnding": "2022-09-30",
            "totalCurrentAssets": "522733000",
            "cashAndShortTermInvestments": "385280000",
            "totalCurrentLiabilities": "334030000",
            "currentDebt": "None",
            "netIncome": "27660000",
            "capitalExpenditures": "1241000",
            "operatingCashflow": "42159000",
            "grossProfit": "99569000",
            "totalRevenue": "125561000",
            "sentiment": 0.16569936598175233,
            "surprise": "0.08",
            "closePrice": "133.82"
        },
        {
            "fiscalDateEnding": "2022-06-30",
            "totalCurrentAssets": "551740000",
            "cashAndShortTermInvestments": "419089000",
            "totalCurrentLiabilities": "327389000",
            "currentDebt": "None",
            "netIncome": "26596000",
            "capitalExpenditures": "3511000",
            "operatingCashflow": "33811000",
            "grossProfit": "94847000",
            "totalRevenue": "119893000",
            "sentiment": 0.046373543148303956,
            "surprise": "0.1",
            "closePrice": "127.43"
        },
        {
            "fiscalDateEnding": "2022-03-31",
            "totalCurrentAssets": "573184000",
            "cashAndShortTermInvestments": "457138000",
            "totalCurrentLiabilities": "318538000",
            "currentDebt": "None",
            "netIncome": "25410000",
            "capitalExpenditures": "7639000",
            "operatingCashflow": "79040000",
            "grossProfit": "89418000",
            "totalRevenue": "113420000",
            "sentiment": 0.08913124633281667,
            "surprise": "0.09",
            "closePrice": "138.52"
        },
        {
            "fiscalDateEnding": "2021-12-31",
            "totalCurrentAssets": "546398000",
            "cashAndShortTermInvestments": "405288000",
            "totalCurrentLiabilities": "304280000",
            "currentDebt": "None",
            "netIncome": "21821000",
            "capitalExpenditures": "4335000",
            "operatingCashflow": "39875000",
            "grossProfit": "86052000",
            "totalRevenue": "109780000",
            "sentiment": 0,
            "surprise": "0.04",
            "closePrice": "134.69"
        },
        {
            "fiscalDateEnding": "2021-09-30",
            "totalCurrentAssets": "452853000",
            "cashAndShortTermInvestments": "345687000",
            "totalCurrentLiabilities": "284692000",
            "currentDebt": "None",
            "netIncome": "27769000",
            "capitalExpenditures": "7178000",
            "operatingCashflow": "48501000",
            "grossProfit": "82455000",
            "totalRevenue": "104934000",
            "sentiment": 0,
            "surprise": "0.07",
            "closePrice": "125.18"
        },
        {
            "fiscalDateEnding": "2021-06-30",
            "totalCurrentAssets": "468242000",
            "cashAndShortTermInvestments": "360219000",
            "totalCurrentLiabilities": "272708000",
            "currentDebt": "None",
            "netIncome": "21142000",
            "capitalExpenditures": "6652000",
            "operatingCashflow": "54386000",
            "grossProfit": "78150000",
            "totalRevenue": "99702000",
            "sentiment": 0,
            "surprise": "0.11",
            "closePrice": "105.11"
        },
        {
            "fiscalDateEnding": "2021-03-31",
            "totalCurrentAssets": "464056000",
            "cashAndShortTermInvestments": "356735000",
            "totalCurrentLiabilities": "259744000",
            "currentDebt": "None",
            "netIncome": "228000",
            "capitalExpenditures": "6259000",
            "operatingCashflow": "57854000",
            "grossProfit": "75076000",
            "totalRevenue": "96756000",
            "sentiment": 0,
            "surprise": "0.06",
            "closePrice": "94.38"
        },
        {
            "fiscalDateEnding": "2020-12-31",
            "totalCurrentAssets": "475345000",
            "cashAndShortTermInvestments": "356024000",
            "totalCurrentLiabilities": "255730000",
            "currentDebt": "64000",
            "netIncome": "23816000",
            "capitalExpenditures": "7295000",
            "operatingCashflow": "38789000",
            "grossProfit": "73580000",
            "totalRevenue": "94801000",
            "sentiment": 0,
            "surprise": "0.01",
            "closePrice": "117.5"
        },
        {
            "fiscalDateEnding": "2020-09-30",
            "totalCurrentAssets": "405532000",
            "cashAndShortTermInvestments": "318761000",
            "totalCurrentLiabilities": "239055000",
            "currentDebt": "86000",
            "netIncome": "22743000",
            "capitalExpenditures": "11174000",
            "operatingCashflow": "59648000",
            "grossProfit": "72450000",
            "totalRevenue": "93069000",
            "sentiment": 0,
            "surprise": "0.1",
            "closePrice": "94.74"
        },
        {
            "fiscalDateEnding": "2020-06-30",
            "totalCurrentAssets": "448107000",
            "cashAndShortTermInvestments": "347831000",
            "totalCurrentLiabilities": "235098000",
            "currentDebt": "9278000",
            "netIncome": "26319000",
            "capitalExpenditures": "4297000",
            "operatingCashflow": "29214000",
            "grossProfit": "69939000",
            "totalRevenue": "88830000",
            "sentiment": 0,
            "surprise": "0.1",
            "closePrice": "112.87"
        },
        {
            "fiscalDateEnding": "2020-03-31",
            "totalCurrentAssets": "425138000",
            "cashAndShortTermInvestments": "331952000",
            "totalCurrentLiabilities": "234235000",
            "currentDebt": "7968000",
            "netIncome": "18694000",
            "capitalExpenditures": "7271000",
            "operatingCashflow": "52435000",
            "grossProfit": "67768000",
            "totalRevenue": "86263000",
            "sentiment": 0,
            "surprise": "0.05",
            "closePrice": "111.25"
        },
        {
            "fiscalDateEnding": "2019-12-31",
            "totalCurrentAssets": "395616000",
            "cashAndShortTermInvestments": "298890000",
            "totalCurrentLiabilities": "223467000",
            "currentDebt": "7787000",
            "netIncome": "20664000",
            "capitalExpenditures": "8100000",
            "operatingCashflow": "33658000",
            "grossProfit": "67501000",
            "totalRevenue": "84664000",
            "sentiment": 0,
            "surprise": "0.05",
            "closePrice": "91.05"
        },
        {
            "fiscalDateEnding": "2019-09-30",
            "totalCurrentAssets": "379809000",
            "cashAndShortTermInvestments": "298036000",
            "totalCurrentLiabilities": "213745000",
            "currentDebt": "None",
            "netIncome": "19174000",
            "capitalExpenditures": "33611000",
            "operatingCashflow": "45674000",
            "grossProfit": "65563000",
            "totalRevenue": "82671000",
            "sentiment": 0,
            "surprise": "0.13",
            "closePrice": "83.34"
        },
        {
            "fiscalDateEnding": "2019-06-30",
            "totalCurrentAssets": "381586000",
            "cashAndShortTermInvestments": "299007000",
            "totalCurrentLiabilities": "208713000",
            "currentDebt": "None",
            "netIncome": "16232000",
            "capitalExpenditures": "-22746000",
            "operatingCashflow": "36928000",
            "grossProfit": "61392000",
            "totalRevenue": "78929000",
            "sentiment": 0,
            "surprise": "0.08",
            "closePrice": "86.56"
        },
        {
            "fiscalDateEnding": "2019-03-31",
            "totalCurrentAssets": "382537000",
            "cashAndShortTermInvestments": "298136000",
            "totalCurrentLiabilities": "208188000",
            "currentDebt": "None",
            "netIncome": "13266000",
            "capitalExpenditures": "8608000",
            "operatingCashflow": "44347000",
            "grossProfit": "57634000",
            "totalRevenue": "75343000",
            "sentiment": 0,
            "surprise": "0.07",
            "closePrice": "90.51"
        },
        {
            "fiscalDateEnding": "2018-12-31",
            "totalCurrentAssets": "378965000",
            "cashAndShortTermInvestments": "289166000",
            "totalCurrentLiabilities": "196907000",
            "currentDebt": "1565000",
            "netIncome": "14400000",
            "capitalExpenditures": "3279000",
            "operatingCashflow": "26644000",
            "grossProfit": "56675000",
            "totalRevenue": "74200000",
            "sentiment": 0,
            "surprise": "0.11",
            "closePrice": "96.41"
        },
        {
            "fiscalDateEnding": "2018-09-30",
            "totalCurrentAssets": "401741000",
            "cashAndShortTermInvestments": "326506000",
            "totalCurrentLiabilities": "183046000",
            "currentDebt": "None",
            "netIncome": "23469000",
            "capitalExpenditures": "6256000",
            "operatingCashflow": "31593000",
            "grossProfit": "55147000",
            "totalRevenue": "71658000",
            "sentiment": 0,
            "surprise": "0.11",
            "closePrice": "76.23"
        },
        {
            "fiscalDateEnding": "2018-06-30",
            "totalCurrentAssets": "390869000",
            "cashAndShortTermInvestments": "322519000",
            "totalCurrentLiabilities": "179897000",
            "currentDebt": "None",
            "netIncome": "10293000",
            "capitalExpenditures": "7255000",
            "operatingCashflow": "24238000",
            "grossProfit": "51905000",
            "totalRevenue": "68153000",
            "sentiment": 0,
            "surprise": "0.05",
            "closePrice": "87.1"
        },
        {
            "fiscalDateEnding": "2018-03-31",
            "totalCurrentAssets": "393889000",
            "cashAndShortTermInvestments": "328527000",
            "totalCurrentLiabilities": "171147000",
            "currentDebt": "None",
            "netIncome": "9142000",
            "capitalExpenditures": "5985000",
            "operatingCashflow": "42989000",
            "grossProfit": "48977000",
            "totalRevenue": "64878000",
            "sentiment": 0,
            "surprise": "0.03",
            "closePrice": "77.3"
        },
        {
            "fiscalDateEnding": "2017-12-31",
            "totalCurrentAssets": "369350000",
            "cashAndShortTermInvestments": "288414000",
            "totalCurrentLiabilities": "165774000",
            "currentDebt": "None",
            "netIncome": "2857000",
            "capitalExpenditures": "11206000",
            "operatingCashflow": "25867000",
            "grossProfit": "48510000",
            "totalRevenue": "62915000",
            "sentiment": 0,
            "surprise": "0.04",
            "closePrice": "62.6"
        },
        {
            "fiscalDateEnding": "2017-09-30",
            "totalCurrentAssets": "367380000",
            "cashAndShortTermInvestments": "302727000",
            "totalCurrentLiabilities": "148244000",
            "currentDebt": "None",
            "netIncome": "8452000",
            "capitalExpenditures": "13433000",
            "operatingCashflow": "32837000",
            "grossProfit": "46762000",
            "totalRevenue": "59490000",
            "sentiment": 0,
            "surprise": "0.09",
            "closePrice": "52.9"
        },
        {
            "fiscalDateEnding": "2017-06-30",
            "totalCurrentAssets": "344276000",
            "cashAndShortTermInvestments": "278862000",
            "totalCurrentLiabilities": "140498000",
            "currentDebt": "None",
            "netIncome": "7202000",
            "capitalExpenditures": "8636000",
            "operatingCashflow": "16517000",
            "grossProfit": "43149000",
            "totalRevenue": "55302000",
            "sentiment": 0,
            "surprise": "0.06",
            "closePrice": "40.85"
        },
        {
            "fiscalDateEnding": "2017-03-31",
            "totalCurrentAssets": "295461000",
            "cashAndShortTermInvestments": "244779000",
            "totalCurrentLiabilities": "137720000",
            "currentDebt": "None",
            "netIncome": "21930000",
            "capitalExpenditures": "4543000",
            "operatingCashflow": "32425000",
            "grossProfit": "40827000",
            "totalRevenue": "53121000",
            "sentiment": 0,
            "surprise": "0.02",
            "closePrice": "39.1"
        },
        {
            "fiscalDateEnding": "2016-12-31",
            "totalCurrentAssets": "300688000",
            "cashAndShortTermInvestments": "243856000",
            "totalCurrentLiabilities": "130332000",
            "currentDebt": "None",
            "netIncome": "5907000",
            "capitalExpenditures": "4436000",
            "operatingCashflow": "14606000",
            "grossProfit": "40547000",
            "totalRevenue": "52224000",
            "sentiment": 0,
            "surprise": "0.05",
            "closePrice": "36.85"
        },
        {
            "fiscalDateEnding": "2016-09-30",
            "totalCurrentAssets": "260959000",
            "cashAndShortTermInvestments": "209977000",
            "totalCurrentLiabilities": "126841000",
            "currentDebt": "None",
            "netIncome": "4996000",
            "capitalExpenditures": "9843000",
            "operatingCashflow": "20243000",
            "grossProfit": "39522000",
            "totalRevenue": "50987000",
            "sentiment": 0,
            "surprise": "0.03",
            "closePrice": "36.05"
        },
        {
            "fiscalDateEnding": "2016-06-30",
            "totalCurrentAssets": "262402000",
            "cashAndShortTermInvestments": "194485000",
            "totalCurrentLiabilities": "126457000",
            "currentDebt": "None",
            "netIncome": "3538000",
            "capitalExpenditures": "4785000",
            "operatingCashflow": "17323000",
            "grossProfit": "38206000",
            "totalRevenue": "48466000",
            "sentiment": 0,
            "surprise": "0.03",
            "closePrice": "30.32"
        },
        {
            "fiscalDateEnding": "2016-03-31",
            "totalCurrentAssets": "255571000",
            "cashAndShortTermInvestments": "205709000",
            "totalCurrentLiabilities": "117463000",
            "currentDebt": "None",
            "netIncome": "4783000",
            "capitalExpenditures": "4181000",
            "operatingCashflow": "17138000",
            "grossProfit": "36697000",
            "totalRevenue": "46248000",
            "sentiment": 0,
            "surprise": "0.06",
            "closePrice": "25.99"
        },
        {
            "fiscalDateEnding": "2015-12-31",
            "totalCurrentAssets": "229236000",
            "cashAndShortTermInvestments": "178966000",
            "totalCurrentLiabilities": "112179000",
            "currentDebt": "None",
            "netIncome": "5424000",
            "capitalExpenditures": "5186000",
            "operatingCashflow": "24292000",
            "grossProfit": "35443000",
            "totalRevenue": "44445000",
            "sentiment": 0,
            "surprise": "0.04",
            "closePrice": "22.51"
        },
        {
            "fiscalDateEnding": "2015-09-30",
            "totalCurrentAssets": "225321000",
            "cashAndShortTermInvestments": "174145000",
            "totalCurrentLiabilities": "105352000",
            "currentDebt": "None",
            "netIncome": "4123000",
            "capitalExpenditures": "4458000",
            "operatingCashflow": "16118000",
            "grossProfit": "33707000",
            "totalRevenue": "42469000",
            "sentiment": 0,
            "surprise": "0.06",
            "closePrice": "35.89"
        },
        {
            "fiscalDateEnding": "2015-06-30",
            "totalCurrentAssets": "205513000",
            "cashAndShortTermInvestments": "158110000",
            "totalCurrentLiabilities": "99051000",
            "currentDebt": "None",
            "netIncome": "3316000",
            "capitalExpenditures": "4259000",
            "operatingCashflow": "15524000",
            "grossProfit": "31720000",
            "totalRevenue": "39877000",
            "sentiment": 0,
            "surprise": "0.05",
            "closePrice": "36.37"
        },
        {
            "fiscalDateEnding": "2015-03-31",
            "totalCurrentAssets": "195849000",
            "cashAndShortTermInvestments": "142950000",
            "totalCurrentLiabilities": "100528000",
            "currentDebt": "None",
            "netIncome": "3002000",
            "capitalExpenditures": "6148000",
            "operatingCashflow": "10026000",
            "grossProfit": "29529000",
            "totalRevenue": "37493000",
            "sentiment": 0,
            "surprise": "0.04",
            "closePrice": "55.08"
        },
        {
            "fiscalDateEnding": "2014-12-31",
            "totalCurrentAssets": "166739000",
            "cashAndShortTermInvestments": "127218000",
            "totalCurrentLiabilities": "97161000",
            "currentDebt": "None",
            "netIncome": "25913000",
            "capitalExpenditures": "3662000",
            "operatingCashflow": "16561000",
            "grossProfit": "29052000",
            "totalRevenue": "36573000",
            "sentiment": 0,
            "surprise": "0.06",
            "closePrice": "40.85"
        },
        {
            "fiscalDateEnding": "2014-09-30",
            "totalCurrentAssets": "149597000",
            "cashAndShortTermInvestments": "113418000",
            "totalCurrentLiabilities": "85336000",
            "currentDebt": "None",
            "netIncome": "3105000",
            "capitalExpenditures": "3757000",
            "operatingCashflow": "9668000",
            "grossProfit": "26927000",
            "totalRevenue": "34348000",
            "sentiment": 0,
            "surprise": "0.06",
            "closePrice": "32.68"
        },
        {
            "fiscalDateEnding": "2014-06-30",
            "totalCurrentAssets": "142909000",
            "cashAndShortTermInvestments": "109345000",
            "totalCurrentLiabilities": "82247000",
            "currentDebt": "270000",
            "netIncome": "1657000",
            "capitalExpenditures": "2717000",
            "operatingCashflow": "88000",
            "grossProfit": "25127000",
            "totalRevenue": "32302000",
            "sentiment": 0,
            "surprise": "0.05",
            "closePrice": "25.34"
        },
        {
            "fiscalDateEnding": "2014-03-31",
            "totalCurrentAssets": "131884000",
            "cashAndShortTermInvestments": "105608000",
            "totalCurrentLiabilities": "82410000",
            "currentDebt": "538000",
            "netIncome": "-431000",
            "capitalExpenditures": "3778000",
            "operatingCashflow": "15106000",
            "grossProfit": "23510000",
            "totalRevenue": "30356000",
            "sentiment": 0,
            "surprise": "0.02",
            "closePrice": "19.11"
        },
        {
            "fiscalDateEnding": "2013-12-31",
            "totalCurrentAssets": "130456000",
            "cashAndShortTermInvestments": "97196000",
            "totalCurrentLiabilities": "79277000",
            "currentDebt": "805000",
            "netIncome": "35000",
            "capitalExpenditures": "3299000",
            "operatingCashflow": "9890000",
            "grossProfit": "22513000",
            "totalRevenue": "29039000",
            "sentiment": 0,
            "surprise": "0",
            "closePrice": "28.69"
        },
        {
            "fiscalDateEnding": "2013-09-30",
            "totalCurrentAssets": "131004000",
            "cashAndShortTermInvestments": "100866000",
            "totalCurrentLiabilities": "71507000",
            "currentDebt": "1071000",
            "netIncome": "1297000",
            "capitalExpenditures": "4126000",
            "operatingCashflow": "2321000",
            "grossProfit": "21334000",
            "totalRevenue": "27749000",
            "sentiment": 0,
            "surprise": "0.03",
            "closePrice": "21.7"
        },
        {
            "fiscalDateEnding": "2013-06-30",
            "totalCurrentAssets": "134188000",
            "cashAndShortTermInvestments": "106377000",
            "totalCurrentLiabilities": "73805000",
            "currentDebt": "1058000",
            "netIncome": "822000",
            "capitalExpenditures": "2588000",
            "operatingCashflow": "2811000",
            "grossProfit": "20367000",
            "totalRevenue": "26291000",
            "sentiment": 0,
            "surprise": "0.03",
            "closePrice": "17.63"
        },
        {
            "fiscalDateEnding": "2013-03-31",
            "totalCurrentAssets": "116006000",
            "cashAndShortTermInvestments": "92646000",
            "totalCurrentLiabilities": "69988000",
            "currentDebt": "1122000",
            "netIncome": "-613000",
            "capitalExpenditures": "3650000",
            "operatingCashflow": "10059000",
            "grossProfit": "19088000",
            "totalRevenue": "24883000",
            "sentiment": 0,
            "surprise": "None",
            "closePrice": "10.79"
        },
        {
            "fiscalDateEnding": "2012-12-31",
            "totalCurrentAssets": "147354000",
            "cashAndShortTermInvestments": "118432000",
            "totalCurrentLiabilities": "67514000",
            "currentDebt": "1183000",
            "netIncome": "1175000",
            "capitalExpenditures": "3133000",
            "operatingCashflow": "11255000",
            "grossProfit": "19676000",
            "totalRevenue": "24657000",
            "sentiment": 0,
            "surprise": "0.01",
            "closePrice": "12.72"
        },
        {
            "fiscalDateEnding": "2012-09-30",
            "totalCurrentAssets": "55758000",
            "cashAndShortTermInvestments": "25804000",
            "totalCurrentLiabilities": "64049000",
            "currentDebt": "1556000",
            "netIncome": "1667000",
            "capitalExpenditures": "2115000",
            "operatingCashflow": "646000",
            "grossProfit": "18748000",
            "totalRevenue": "23382000",
            "sentiment": 0,
            "surprise": "None",
            "closePrice": "13.25"
        }
    ]
}