{
    "QTWO": [
        {
            "fiscalDateEnding": "2023-12-31",
            "totalCurrentAssets": "427964000",
            "cashAndShortTermInvestments": "324008000",
            "totalCurrentLiabilities": "191563000",
            "currentDebt": "None",
            "netIncome": "-18079000",
            "capitalExpenditures": "6753000",
            "operatingCashflow": "36577000",
            "grossProfit": "81393000",
            "totalRevenue": "162118000",
            "sentiment": 0.2553592181139226,
            "surprise": "-0.05",
            "closePrice": "41.84"
        },
        {
            "fiscalDateEnding": "2023-09-30",
            "totalCurrentAssets": "396695000",
            "cashAndShortTermInvestments": "290782000",
            "totalCurrentLiabilities": "176092000",
            "currentDebt": "None",
            "netIncome": "-23167000",
            "capitalExpenditures": "7469000",
            "operatingCashflow": "16753000",
            "grossProfit": "74133000",
            "totalRevenue": "154967000",
            "sentiment": 0.23990085787622606,
            "surprise": "-0.59",
            "closePrice": "29.8"
        },
        {
            "fiscalDateEnding": "2023-06-30",
            "totalCurrentAssets": "379202000",
            "cashAndShortTermInvestments": "280006000",
            "totalCurrentLiabilities": "168899000",
            "currentDebt": "None",
            "netIncome": "-23622000",
            "capitalExpenditures": "9340000",
            "operatingCashflow": "13068000",
            "grossProfit": "73828000",
            "totalRevenue": "154531000",
            "sentiment": 0.2732685963485787,
            "surprise": "-0.54",
            "closePrice": "34.25"
        },
        {
            "fiscalDateEnding": "2023-03-31",
            "totalCurrentAssets": "375115000",
            "cashAndShortTermInvestments": "271734000",
            "totalCurrentLiabilities": "176901000",
            "currentDebt": "None",
            "netIncome": "-516000",
            "capitalExpenditures": "7081000",
            "operatingCashflow": "3894000",
            "grossProfit": "73297000",
            "totalRevenue": "153008000",
            "sentiment": 0.1160799503864693,
            "surprise": "-0.0789",
            "closePrice": "22.99"
        },
        {
            "fiscalDateEnding": "2022-12-31",
            "totalCurrentAssets": "531076000",
            "cashAndShortTermInvestments": "433353000",
            "totalCurrentLiabilities": "192042000",
            "currentDebt": "10903000",
            "netIncome": "-32411000",
            "capitalExpenditures": "5457000",
            "operatingCashflow": "43863000",
            "grossProfit": "66202000",
            "totalRevenue": "146542000",
            "sentiment": -0.002774926179919992,
            "surprise": "-0.68",
            "closePrice": "31.72"
        },
        {
            "fiscalDateEnding": "2022-09-30",
            "totalCurrentAssets": "499294000",
            "cashAndShortTermInvestments": "395690000",
            "totalCurrentLiabilities": "166228000",
            "currentDebt": "10887000",
            "netIncome": "-27791000",
            "capitalExpenditures": "10013000",
            "operatingCashflow": "6513000",
            "grossProfit": "66856000",
            "totalRevenue": "144751000",
            "sentiment": 0.09471255735099313,
            "surprise": "-0.52",
            "closePrice": "26.44"
        },
        {
            "fiscalDateEnding": "2022-06-30",
            "totalCurrentAssets": "496207000",
            "cashAndShortTermInvestments": "399349000",
            "totalCurrentLiabilities": "160291000",
            "currentDebt": "10871000",
            "netIncome": "-25222000",
            "capitalExpenditures": "6425000",
            "operatingCashflow": "-9318000",
            "grossProfit": "62888000",
            "totalRevenue": "140309000",
            "sentiment": -0.07820253480947538,
            "surprise": "-0.49",
            "closePrice": "46.16"
        },
        {
            "fiscalDateEnding": "2022-03-31",
            "totalCurrentAssets": "511590000",
            "cashAndShortTermInvestments": "413688000",
            "totalCurrentLiabilities": "171847000",
            "currentDebt": "10855000",
            "netIncome": "-23559000",
            "capitalExpenditures": "8157000",
            "operatingCashflow": "-4502000",
            "grossProfit": "60399000",
            "totalRevenue": "134071000",
            "sentiment": 0.05461907878536883,
            "surprise": "-0.47",
            "closePrice": "49.3"
        },
        {
            "fiscalDateEnding": "2021-12-31",
            "totalCurrentAssets": "522450000",
            "cashAndShortTermInvestments": "427726000",
            "totalCurrentLiabilities": "168358000",
            "currentDebt": "None",
            "netIncome": "-25381000",
            "capitalExpenditures": "5652000",
            "operatingCashflow": "39478000",
            "grossProfit": "59484000",
            "totalRevenue": "131891000",
            "sentiment": 0,
            "surprise": "-0.5",
            "closePrice": "66.07"
        },
        {
            "fiscalDateEnding": "2021-09-30",
            "totalCurrentAssets": "504081000",
            "cashAndShortTermInvestments": "394576000",
            "totalCurrentLiabilities": "163938000",
            "currentDebt": "None",
            "netIncome": "-31583000",
            "capitalExpenditures": "3281000",
            "operatingCashflow": "-14395000",
            "grossProfit": "57010000",
            "totalRevenue": "126736000",
            "sentiment": 0,
            "surprise": "-0.59",
            "closePrice": "87.11"
        },
        {
            "fiscalDateEnding": "2021-06-30",
            "totalCurrentAssets": "495359000",
            "cashAndShortTermInvestments": "411291000",
            "totalCurrentLiabilities": "153035000",
            "currentDebt": "None",
            "netIncome": "-30127000",
            "capitalExpenditures": "9753000",
            "operatingCashflow": "11487000",
            "grossProfit": "55340000",
            "totalRevenue": "123573000",
            "sentiment": 0,
            "surprise": "-0.61",
            "closePrice": "92.44"
        },
        {
            "fiscalDateEnding": "2021-03-31",
            "totalCurrentAssets": "616944000",
            "cashAndShortTermInvestments": "528560000",
            "totalCurrentLiabilities": "153403000",
            "currentDebt": "None",
            "netIncome": "-25655000",
            "capitalExpenditures": "6933000",
            "operatingCashflow": "-5478000",
            "grossProfit": "53201000",
            "totalRevenue": "116520000",
            "sentiment": 0,
            "surprise": "-0.54",
            "closePrice": "94.93"
        },
        {
            "fiscalDateEnding": "2020-12-31",
            "totalCurrentAssets": "616216000",
            "cashAndShortTermInvestments": "539055000",
            "totalCurrentLiabilities": "145826000",
            "currentDebt": "None",
            "netIncome": "-37821000",
            "capitalExpenditures": "7476000",
            "operatingCashflow": "19041000",
            "grossProfit": "44510000",
            "totalRevenue": "108986000",
            "sentiment": 0,
            "surprise": "-0.74",
            "closePrice": "137.5"
        },
        {
            "fiscalDateEnding": "2020-09-30",
            "totalCurrentAssets": "480593000",
            "cashAndShortTermInvestments": "396109000",
            "totalCurrentLiabilities": "145055000",
            "currentDebt": "None",
            "netIncome": "-26720000",
            "capitalExpenditures": "2018000",
            "operatingCashflow": "5235000",
            "grossProfit": "46438000",
            "totalRevenue": "103804000",
            "sentiment": 0,
            "surprise": "-0.56",
            "closePrice": "100.71"
        },
        {
            "fiscalDateEnding": "2020-06-30",
            "totalCurrentAssets": "464539000",
            "cashAndShortTermInvestments": "388944000",
            "totalCurrentLiabilities": "119844000",
            "currentDebt": "None",
            "netIncome": "-38971000",
            "capitalExpenditures": "10244000",
            "operatingCashflow": "-11415000",
            "grossProfit": "44378000",
            "totalRevenue": "97581000",
            "sentiment": 0,
            "surprise": "-0.74",
            "closePrice": "102.54"
        },
        {
            "fiscalDateEnding": "2020-03-31",
            "totalCurrentAssets": "178814000",
            "cashAndShortTermInvestments": "112830000",
            "totalCurrentLiabilities": "140528000",
            "currentDebt": "8960000",
            "netIncome": "-34108000",
            "capitalExpenditures": "4929000",
            "operatingCashflow": "-15799000",
            "grossProfit": "39273000",
            "totalRevenue": "92380000",
            "sentiment": 0,
            "surprise": "-0.58",
            "closePrice": "84.43"
        },
        {
            "fiscalDateEnding": "2019-12-31",
            "totalCurrentAssets": "186335000",
            "cashAndShortTermInvestments": "132419000",
            "totalCurrentLiabilities": "132966000",
            "currentDebt": "9140000",
            "netIncome": "-15666000",
            "capitalExpenditures": "1547000",
            "operatingCashflow": "1895000",
            "grossProfit": "42038000",
            "totalRevenue": "86840000",
            "sentiment": 0,
            "surprise": "-0.42",
            "closePrice": "84.77"
        },
        {
            "fiscalDateEnding": "2019-09-30",
            "totalCurrentAssets": "688833000",
            "cashAndShortTermInvestments": "636852000",
            "totalCurrentLiabilities": "116178000",
            "currentDebt": "7472000",
            "netIncome": "-18569000",
            "capitalExpenditures": "1626000",
            "operatingCashflow": "17351000",
            "grossProfit": "39255000",
            "totalRevenue": "79702000",
            "sentiment": 0,
            "surprise": "-0.42",
            "closePrice": "68.78"
        },
        {
            "fiscalDateEnding": "2019-06-30",
            "totalCurrentAssets": "669871000",
            "cashAndShortTermInvestments": "617699000",
            "totalCurrentLiabilities": "99681000",
            "currentDebt": "6725000",
            "netIncome": "-17331000",
            "capitalExpenditures": "5607000",
            "operatingCashflow": "-7793000",
            "grossProfit": "37594000",
            "totalRevenue": "77646000",
            "sentiment": 0,
            "surprise": "-0.37",
            "closePrice": "86.01"
        },
        {
            "fiscalDateEnding": "2019-03-31",
            "totalCurrentAssets": "209175000",
            "cashAndShortTermInvestments": "164513000",
            "totalCurrentLiabilities": "100425000",
            "currentDebt": "None",
            "netIncome": "-19311000",
            "capitalExpenditures": "5545000",
            "operatingCashflow": "-10886000",
            "grossProfit": "34112000",
            "totalRevenue": "71296000",
            "sentiment": 0,
            "surprise": "-0.4",
            "closePrice": "69.32"
        },
        {
            "fiscalDateEnding": "2018-12-31",
            "totalCurrentAssets": "218312000",
            "cashAndShortTermInvestments": "177320000",
            "totalCurrentLiabilities": "73681000",
            "currentDebt": "None",
            "netIncome": "-11863000",
            "capitalExpenditures": "1111000",
            "operatingCashflow": "8455000",
            "grossProfit": "31742000",
            "totalRevenue": "67177000",
            "sentiment": 0,
            "surprise": "-0.26",
            "closePrice": "65.15"
        },
        {
            "fiscalDateEnding": "2018-09-30",
            "totalCurrentAssets": "342788000",
            "cashAndShortTermInvestments": "298015000",
            "totalCurrentLiabilities": "60955000",
            "currentDebt": "None",
            "netIncome": "-8859000",
            "capitalExpenditures": "1066000",
            "operatingCashflow": "17424000",
            "grossProfit": "30401000",
            "totalRevenue": "60541000",
            "sentiment": 0,
            "surprise": "0.08",
            "closePrice": "51.98"
        },
        {
            "fiscalDateEnding": "2018-06-30",
            "totalCurrentAssets": "327378000",
            "cashAndShortTermInvestments": "278712000",
            "totalCurrentLiabilities": "54586000",
            "currentDebt": "None",
            "netIncome": "-8627000",
            "capitalExpenditures": "5758000",
            "operatingCashflow": "-14181000",
            "grossProfit": "29271000",
            "totalRevenue": "58574000",
            "sentiment": 0,
            "surprise": "0",
            "closePrice": "62.95"
        },
        {
            "fiscalDateEnding": "2018-03-31",
            "totalCurrentAssets": "330494000",
            "cashAndShortTermInvestments": "294115000",
            "totalCurrentLiabilities": "61795000",
            "currentDebt": "None",
            "netIncome": "-6048000",
            "capitalExpenditures": "5396000",
            "operatingCashflow": "-7103000",
            "grossProfit": "27831000",
            "totalRevenue": "54808000",
            "sentiment": 0,
            "surprise": "0.06",
            "closePrice": "49.9"
        },
        {
            "fiscalDateEnding": "2017-12-31",
            "totalCurrentAssets": "131087000",
            "cashAndShortTermInvestments": "99646000",
            "totalCurrentLiabilities": "68073000",
            "currentDebt": "None",
            "netIncome": "-5521000",
            "capitalExpenditures": "936000",
            "operatingCashflow": "8129000",
            "grossProfit": "25131000",
            "totalRevenue": "51703000",
            "sentiment": 0,
            "surprise": "0.04",
            "closePrice": "43.75"
        },
        {
            "fiscalDateEnding": "2017-09-30",
            "totalCurrentAssets": "125639000",
            "cashAndShortTermInvestments": "88857000",
            "totalCurrentLiabilities": "64254000",
            "currentDebt": "None",
            "netIncome": "-5782000",
            "capitalExpenditures": "3962000",
            "operatingCashflow": "11603000",
            "grossProfit": "24303000",
            "totalRevenue": "50116000",
            "sentiment": 0,
            "surprise": "0.06",
            "closePrice": "41.9"
        },
        {
            "fiscalDateEnding": "2017-06-30",
            "totalCurrentAssets": "112239000",
            "cashAndShortTermInvestments": "78656000",
            "totalCurrentLiabilities": "51957000",
            "currentDebt": "None",
            "netIncome": "-7821000",
            "capitalExpenditures": "2494000",
            "operatingCashflow": "408000",
            "grossProfit": "23297000",
            "totalRevenue": "47625000",
            "sentiment": 0,
            "surprise": "0.03",
            "closePrice": "37.0"
        },
        {
            "fiscalDateEnding": "2017-03-31",
            "totalCurrentAssets": "109643000",
            "cashAndShortTermInvestments": "82165000",
            "totalCurrentLiabilities": "51617000",
            "currentDebt": "None",
            "netIncome": "-7040000",
            "capitalExpenditures": "5893000",
            "operatingCashflow": "-10668000",
            "grossProfit": "21762000",
            "totalRevenue": "44534000",
            "sentiment": 0,
            "surprise": "0.03",
            "closePrice": "39.0"
        },
        {
            "fiscalDateEnding": "2016-12-31",
            "totalCurrentAssets": "125669000",
            "cashAndShortTermInvestments": "97122000",
            "totalCurrentLiabilities": "59211000",
            "currentDebt": "None",
            "netIncome": "-7513000",
            "capitalExpenditures": "-1076000",
            "operatingCashflow": "4783000",
            "grossProfit": "21009000",
            "totalRevenue": "42155000",
            "sentiment": 0,
            "surprise": "0.01",
            "closePrice": "32.9"
        },
        {
            "fiscalDateEnding": "2016-09-30",
            "totalCurrentAssets": "127413000",
            "cashAndShortTermInvestments": "92331000",
            "totalCurrentLiabilities": "60478000",
            "currentDebt": "None",
            "netIncome": "-9481000",
            "capitalExpenditures": "5675000",
            "operatingCashflow": "1000000",
            "grossProfit": "18706000",
            "totalRevenue": "38305000",
            "sentiment": 0,
            "surprise": "0.01",
            "closePrice": "26.55"
        },
        {
            "fiscalDateEnding": "2016-06-30",
            "totalCurrentAssets": "124085000",
            "cashAndShortTermInvestments": "95640000",
            "totalCurrentLiabilities": "52418000",
            "currentDebt": "None",
            "netIncome": "-9708000",
            "capitalExpenditures": "5845000",
            "operatingCashflow": "-2576000",
            "grossProfit": "17135000",
            "totalRevenue": "36005000",
            "sentiment": 0,
            "surprise": "0.01",
            "closePrice": "30.37"
        },
        {
            "fiscalDateEnding": "2016-03-31",
            "totalCurrentAssets": "128439000",
            "cashAndShortTermInvestments": "104999000",
            "totalCurrentLiabilities": "48658000",
            "currentDebt": "74000",
            "netIncome": "-9652000",
            "capitalExpenditures": "4228000",
            "operatingCashflow": "187000",
            "grossProfit": "15945000",
            "totalRevenue": "33759000",
            "sentiment": 0,
            "surprise": "0.01",
            "closePrice": "24.91"
        },
        {
            "fiscalDateEnding": "2015-12-31",
            "totalCurrentAssets": "133218000",
            "cashAndShortTermInvestments": "110620000",
            "totalCurrentLiabilities": "45693000",
            "currentDebt": "161000",
            "netIncome": "-8420000",
            "capitalExpenditures": "3558000",
            "operatingCashflow": "5021000",
            "grossProfit": "13825000",
            "totalRevenue": "30408000",
            "sentiment": 0,
            "surprise": "0.01",
            "closePrice": "18.33"
        },
        {
            "fiscalDateEnding": "2015-09-30",
            "totalCurrentAssets": "141057000",
            "cashAndShortTermInvestments": "119889000",
            "totalCurrentLiabilities": "39275000",
            "currentDebt": "253000",
            "netIncome": "-7016000",
            "capitalExpenditures": "1249000",
            "operatingCashflow": "47000",
            "grossProfit": "12883000",
            "totalRevenue": "28018000",
            "sentiment": 0,
            "surprise": "0",
            "closePrice": "24.36"
        },
        {
            "fiscalDateEnding": "2015-06-30",
            "totalCurrentAssets": "135676000",
            "cashAndShortTermInvestments": "118519000",
            "totalCurrentLiabilities": "32534000",
            "currentDebt": "344000",
            "netIncome": "-4982000",
            "capitalExpenditures": "1885000",
            "operatingCashflow": "2975000",
            "grossProfit": "12146000",
            "totalRevenue": "26284000",
            "sentiment": 0,
            "surprise": "0.02",
            "closePrice": "26.43"
        },
        {
            "fiscalDateEnding": "2015-03-31",
            "totalCurrentAssets": "137155000",
            "cashAndShortTermInvestments": "119695000",
            "totalCurrentLiabilities": "35477000",
            "currentDebt": "338000",
            "netIncome": "-4645000",
            "capitalExpenditures": "436000",
            "operatingCashflow": "-2644000",
            "grossProfit": "10885000",
            "totalRevenue": "24157000",
            "sentiment": 0,
            "surprise": "0.04",
            "closePrice": "21.58"
        },
        {
            "fiscalDateEnding": "2014-12-31",
            "totalCurrentAssets": "104522000",
            "cashAndShortTermInvestments": "88935000",
            "totalCurrentLiabilities": "32404000",
            "currentDebt": "408000",
            "netIncome": "-4760000",
            "capitalExpenditures": "1221000",
            "operatingCashflow": "-1028000",
            "grossProfit": "9279000",
            "totalRevenue": "22148000",
            "sentiment": 0,
            "surprise": "0",
            "closePrice": "18.42"
        },
        {
            "fiscalDateEnding": "2014-09-30",
            "totalCurrentAssets": "106384000",
            "cashAndShortTermInvestments": "90368000",
            "totalCurrentLiabilities": "28214000",
            "currentDebt": "453000",
            "netIncome": "-4625000",
            "capitalExpenditures": "1347000",
            "operatingCashflow": "-144000",
            "grossProfit": "8846000",
            "totalRevenue": "20989000",
            "sentiment": 0,
            "surprise": "0.03",
            "closePrice": "15.1"
        },
        {
            "fiscalDateEnding": "2014-06-30",
            "totalCurrentAssets": "107533000",
            "cashAndShortTermInvestments": "94906000",
            "totalCurrentLiabilities": "23506000",
            "currentDebt": "513000",
            "netIncome": "-4683000",
            "capitalExpenditures": "638000",
            "operatingCashflow": "384000",
            "grossProfit": "8328000",
            "totalRevenue": "19158000",
            "sentiment": 0,
            "surprise": "0.03",
            "closePrice": "12.99"
        },
        {
            "fiscalDateEnding": "2014-03-31",
            "totalCurrentAssets": "99343000",
            "cashAndShortTermInvestments": "86673000",
            "totalCurrentLiabilities": "24218000",
            "currentDebt": "636000",
            "netIncome": "-5566000",
            "capitalExpenditures": "1830000",
            "operatingCashflow": "-4498000",
            "grossProfit": "6622000",
            "totalRevenue": "16834000",
            "sentiment": 0,
            "surprise": "0.02",
            "closePrice": "10.03"
        }
    ]
}