{
    "RELY": [
        {
            "fiscalDateEnding": "2023-12-31",
            "totalCurrentAssets": "932118000",
            "cashAndShortTermInvestments": "323710000",
            "totalCurrentLiabilities": "366839000",
            "currentDebt": "2481000",
            "netIncome": "-35021000",
            "capitalExpenditures": "2587000",
            "operatingCashflow": "-34468000",
            "grossProfit": "139127000",
            "totalRevenue": "263972000",
            "sentiment": 0.11903070643048433,
            "surprise": "0",
            "closePrice": "17.69"
        },
        {
            "fiscalDateEnding": "2023-09-30",
            "totalCurrentAssets": "728836000",
            "cashAndShortTermInvestments": "223273000",
            "totalCurrentLiabilities": "300397000",
            "currentDebt": "2354000",
            "netIncome": "-35655000",
            "capitalExpenditures": "2607000",
            "operatingCashflow": "32345000",
            "grossProfit": "126421000",
            "totalRevenue": "241044000",
            "sentiment": 0.13070319661975568,
            "surprise": "-0.04",
            "closePrice": "27.59"
        },
        {
            "fiscalDateEnding": "2023-06-30",
            "totalCurrentAssets": "679165000",
            "cashAndShortTermInvestments": "227507000",
            "totalCurrentLiabilities": "226656000",
            "currentDebt": "2432000",
            "netIncome": "-18850000",
            "capitalExpenditures": "1750000",
            "operatingCashflow": "-51900000",
            "grossProfit": "138651000",
            "totalRevenue": "233441000",
            "sentiment": 0.18407813587768995,
            "surprise": "0.05",
            "closePrice": "18.27"
        },
        {
            "fiscalDateEnding": "2023-03-31",
            "totalCurrentAssets": "606938000",
            "cashAndShortTermInvestments": "244159000",
            "totalCurrentLiabilities": "197467000",
            "currentDebt": "2490000",
            "netIncome": "-28314000",
            "capitalExpenditures": "2160000",
            "operatingCashflow": "433000",
            "grossProfit": "115545000",
            "totalRevenue": "203476000",
            "sentiment": 0.15232067368099667,
            "surprise": "0.02",
            "closePrice": "17.27"
        },
        {
            "fiscalDateEnding": "2022-12-31",
            "totalCurrentAssets": "669419000",
            "cashAndShortTermInvestments": "300635000",
            "totalCurrentLiabilities": "209142000",
            "currentDebt": "0",
            "netIncome": "-19395000",
            "capitalExpenditures": "2420000",
            "operatingCashflow": "-77351000",
            "grossProfit": "111447000",
            "totalRevenue": "190705000",
            "sentiment": 0.149598112289993,
            "surprise": "0.03",
            "closePrice": "11.65"
        },
        {
            "fiscalDateEnding": "2022-09-30",
            "totalCurrentAssets": "666135000",
            "cashAndShortTermInvestments": "376451000",
            "totalCurrentLiabilities": "215782000",
            "currentDebt": "None",
            "netIncome": "-33069000",
            "capitalExpenditures": "1461000",
            "operatingCashflow": "-53819000",
            "grossProfit": "88288000",
            "totalRevenue": "168929000",
            "sentiment": -0.094312,
            "surprise": "-0.06",
            "closePrice": "10.72"
        },
        {
            "fiscalDateEnding": "2022-06-30",
            "totalCurrentAssets": "704098000",
            "cashAndShortTermInvestments": "429709000",
            "totalCurrentLiabilities": "251877000",
            "currentDebt": "None",
            "netIncome": "-38245000",
            "capitalExpenditures": "1555000",
            "operatingCashflow": "-14220000",
            "grossProfit": "75565000",
            "totalRevenue": "156923000",
            "sentiment": -0.030462509380830772,
            "surprise": "-0.1",
            "closePrice": "10.51"
        },
        {
            "fiscalDateEnding": "2022-03-31",
            "totalCurrentAssets": "606897000",
            "cashAndShortTermInvestments": "444605000",
            "totalCurrentLiabilities": "150565000",
            "currentDebt": "None",
            "netIncome": "-23310000",
            "capitalExpenditures": "1625000",
            "operatingCashflow": "40250000",
            "grossProfit": "71738000",
            "totalRevenue": "135701000",
            "sentiment": -0.03950874146826907,
            "surprise": "-0.02",
            "closePrice": "10.39"
        },
        {
            "fiscalDateEnding": "2021-12-31",
            "totalCurrentAssets": "607552000",
            "cashAndShortTermInvestments": "403262000",
            "totalCurrentLiabilities": "141616000",
            "currentDebt": "None",
            "netIncome": "-16576000",
            "capitalExpenditures": "1246000",
            "operatingCashflow": "-37816000",
            "grossProfit": "73268000",
            "totalRevenue": "135047000",
            "sentiment": 0,
            "surprise": "0",
            "closePrice": "10.9"
        },
        {
            "fiscalDateEnding": "2021-09-30",
            "totalCurrentAssets": "647318000",
            "cashAndShortTermInvestments": "443313000",
            "totalCurrentLiabilities": "172662000",
            "currentDebt": "None",
            "netIncome": "-12962000",
            "capitalExpenditures": "1036000",
            "operatingCashflow": "-40851000",
            "grossProfit": "65828000",
            "totalRevenue": "120732000",
            "sentiment": 0,
            "surprise": "-0.33",
            "closePrice": "36.5"
        }
    ]
}