{
    "RIOT": [
        {
            "fiscalDateEnding": "2023-12-31",
            "totalCurrentAssets": "1008571000",
            "cashAndShortTermInvestments": "597169000",
            "totalCurrentLiabilities": "121015000",
            "currentDebt": "None",
            "netIncome": "79228000",
            "capitalExpenditures": "45495000",
            "operatingCashflow": "45035000",
            "grossProfit": "-22239000",
            "totalRevenue": "78812000",
            "sentiment": 0.24143939461531883,
            "surprise": "0.73",
            "closePrice": "14.85"
        },
        {
            "fiscalDateEnding": "2023-09-30",
            "totalCurrentAssets": "513388000",
            "cashAndShortTermInvestments": "290107000",
            "totalCurrentLiabilities": "71115000",
            "currentDebt": "None",
            "netIncome": "-45325000",
            "capitalExpenditures": "40785000",
            "operatingCashflow": "-6166000",
            "grossProfit": "-41745000",
            "totalRevenue": "51891000",
            "sentiment": 0.1808864228571797,
            "surprise": "-0.05",
            "closePrice": "11.07"
        },
        {
            "fiscalDateEnding": "2023-06-30",
            "totalCurrentAssets": "482754000",
            "cashAndShortTermInvestments": "289176000",
            "totalCurrentLiabilities": "74331000",
            "currentDebt": "None",
            "netIncome": "-27687000",
            "capitalExpenditures": "33470000",
            "operatingCashflow": "-38147000",
            "grossProfit": "-9259000",
            "totalRevenue": "76739000",
            "sentiment": 0.09011667810157892,
            "surprise": "0.04",
            "closePrice": "16.34"
        },
        {
            "fiscalDateEnding": "2023-03-31",
            "totalCurrentAssets": "365679000",
            "cashAndShortTermInvestments": "158272000",
            "totalCurrentLiabilities": "112066000",
            "currentDebt": "None",
            "netIncome": "-55688000",
            "capitalExpenditures": "73988000",
            "operatingCashflow": "32363000",
            "grossProfit": "1221000",
            "totalRevenue": "73236000",
            "sentiment": 0.17638067143335484,
            "surprise": "-0.16",
            "closePrice": "12.28"
        },
        {
            "fiscalDateEnding": "2022-12-31",
            "totalCurrentAssets": "443381000",
            "cashAndShortTermInvestments": "230328000",
            "totalCurrentLiabilities": "121543000",
            "currentDebt": "None",
            "netIncome": "-160137000",
            "capitalExpenditures": "13234000",
            "operatingCashflow": "1494000",
            "grossProfit": "-663379000",
            "totalRevenue": "60147000",
            "sentiment": 0.04194678089426995,
            "surprise": "-0.77",
            "closePrice": "6.18"
        },
        {
            "fiscalDateEnding": "2022-09-30",
            "totalCurrentAssets": "472302000",
            "cashAndShortTermInvestments": "257170000",
            "totalCurrentLiabilities": "107058000",
            "currentDebt": "None",
            "netIncome": "-32435000",
            "capitalExpenditures": "57038000",
            "operatingCashflow": "13429000",
            "grossProfit": "-2173000",
            "totalRevenue": "46290000",
            "sentiment": 0.14228177766221753,
            "surprise": "-0.22",
            "closePrice": "5.75"
        },
        {
            "fiscalDateEnding": "2022-06-30",
            "totalCurrentAssets": "487704000",
            "cashAndShortTermInvestments": "272511000",
            "totalCurrentLiabilities": "100567000",
            "currentDebt": "None",
            "netIncome": "-353559000",
            "capitalExpenditures": "41035000",
            "operatingCashflow": "30925000",
            "grossProfit": "-756411000",
            "totalRevenue": "72947000",
            "sentiment": -0.0340476379098681,
            "surprise": "-2.84",
            "closePrice": "9.76"
        },
        {
            "fiscalDateEnding": "2022-03-31",
            "totalCurrentAssets": "431702000",
            "cashAndShortTermInvestments": "122774000",
            "totalCurrentLiabilities": "116177000",
            "currentDebt": "None",
            "netIncome": "36578000",
            "capitalExpenditures": "37105000",
            "operatingCashflow": "-45318000",
            "grossProfit": "28242000",
            "totalRevenue": "79787000",
            "sentiment": 0.003404089549824669,
            "surprise": "0.26",
            "closePrice": "7.53"
        },
        {
            "fiscalDateEnding": "2021-12-31",
            "totalCurrentAssets": "564588000",
            "cashAndShortTermInvestments": "323119000",
            "totalCurrentLiabilities": "109878000",
            "currentDebt": "None",
            "netIncome": "-17567000",
            "capitalExpenditures": "68272000",
            "operatingCashflow": "-25208000",
            "grossProfit": "-169244000",
            "totalRevenue": "90890000",
            "sentiment": 0,
            "surprise": "-0.44",
            "closePrice": "16.39"
        },
        {
            "fiscalDateEnding": "2021-09-30",
            "totalCurrentAssets": "168190000",
            "cashAndShortTermInvestments": "71527000",
            "totalCurrentLiabilities": "25574000",
            "currentDebt": "None",
            "netIncome": "-22035000",
            "capitalExpenditures": "71732000",
            "operatingCashflow": "-33714000",
            "grossProfit": "11742000",
            "totalRevenue": "64808000",
            "sentiment": 0,
            "surprise": "-0.41",
            "closePrice": "42.09"
        },
        {
            "fiscalDateEnding": "2021-06-30",
            "totalCurrentAssets": "217181000",
            "cashAndShortTermInvestments": "171982000",
            "totalCurrentLiabilities": "37475000",
            "currentDebt": "None",
            "netIncome": "19009000",
            "capitalExpenditures": "4834000",
            "operatingCashflow": "-21171000",
            "grossProfit": "8066000",
            "totalRevenue": "34348000",
            "sentiment": 0,
            "surprise": "0.08",
            "closePrice": "35.73"
        },
        {
            "fiscalDateEnding": "2021-03-31",
            "totalCurrentAssets": "272394000",
            "cashAndShortTermInvestments": "241012000",
            "totalCurrentLiabilities": "7433000",
            "currentDebt": "None",
            "netIncome": "5156000",
            "capitalExpenditures": "2308000",
            "operatingCashflow": "-5989000",
            "grossProfit": "15663000",
            "totalRevenue": "23197000",
            "sentiment": 0,
            "surprise": "-0.11",
            "closePrice": "24.31"
        },
        {
            "fiscalDateEnding": "2020-12-31",
            "totalCurrentAssets": "236265000",
            "cashAndShortTermInvestments": "223382000",
            "totalCurrentLiabilities": "2397000",
            "currentDebt": "None",
            "netIncome": "2470000",
            "capitalExpenditures": "1887000",
            "operatingCashflow": "5973000",
            "grossProfit": "3189000",
            "totalRevenue": "5291000",
            "sentiment": 0,
            "surprise": "0.24",
            "closePrice": "53.27"
        },
        {
            "fiscalDateEnding": "2020-09-30",
            "totalCurrentAssets": "40589000",
            "cashAndShortTermInvestments": "30086000",
            "totalCurrentLiabilities": "1260000",
            "currentDebt": "None",
            "netIncome": "-1717000",
            "capitalExpenditures": "4819000",
            "operatingCashflow": "-3536000",
            "grossProfit": "1160000",
            "totalRevenue": "2462000",
            "sentiment": 0,
            "surprise": "0.04",
            "closePrice": "3.5"
        },
        {
            "fiscalDateEnding": "2020-06-30",
            "totalCurrentAssets": "17210000",
            "cashAndShortTermInvestments": "9140000",
            "totalCurrentLiabilities": "1331000",
            "currentDebt": "None",
            "netIncome": "-10590000",
            "capitalExpenditures": "1450000",
            "operatingCashflow": "-2627000",
            "grossProfit": "503000",
            "totalRevenue": "1942000",
            "sentiment": 0,
            "surprise": "0.1",
            "closePrice": "4.13"
        },
        {
            "fiscalDateEnding": "2020-03-31",
            "totalCurrentAssets": "20044000",
            "cashAndShortTermInvestments": "13956000",
            "totalCurrentLiabilities": "3071000",
            "currentDebt": "None",
            "netIncome": "-4277000",
            "capitalExpenditures": "27000",
            "operatingCashflow": "-2659000",
            "grossProfit": "979000",
            "totalRevenue": "2386000",
            "sentiment": 0,
            "surprise": "0.07",
            "closePrice": "1.85"
        },
        {
            "fiscalDateEnding": "2019-12-31",
            "totalCurrentAssets": "12628000",
            "cashAndShortTermInvestments": "7440000",
            "totalCurrentLiabilities": "3369000",
            "currentDebt": "368000",
            "netIncome": "-3398000",
            "capitalExpenditures": "4960865",
            "operatingCashflow": "-2483000",
            "grossProfit": "-362000",
            "totalRevenue": "1200000",
            "sentiment": 0,
            "surprise": "-0.01",
            "closePrice": "0.7732"
        },
        {
            "fiscalDateEnding": "2019-09-30",
            "totalCurrentAssets": "20324236",
            "cashAndShortTermInvestments": "15162781",
            "totalCurrentLiabilities": "3804430",
            "currentDebt": "890904",
            "netIncome": "-1834000",
            "capitalExpenditures": "3607",
            "operatingCashflow": "-4750000",
            "grossProfit": "264000",
            "totalRevenue": "1740000",
            "sentiment": 0,
            "surprise": "0.05",
            "closePrice": "1.52"
        },
        {
            "fiscalDateEnding": "2019-06-30",
            "totalCurrentAssets": "18366085",
            "cashAndShortTermInvestments": "16110630",
            "totalCurrentLiabilities": "3802514",
            "currentDebt": "889232",
            "netIncome": "-1279000",
            "capitalExpenditures": "2545",
            "operatingCashflow": "-4998000",
            "grossProfit": "879000",
            "totalRevenue": "2467000",
            "sentiment": 0,
            "surprise": "0.11",
            "closePrice": "2.07"
        },
        {
            "fiscalDateEnding": "2019-03-31",
            "totalCurrentAssets": "2894727",
            "cashAndShortTermInvestments": "1016019",
            "totalCurrentLiabilities": "21455439",
            "currentDebt": "8858299",
            "netIncome": "-13529000",
            "capitalExpenditures": "28983",
            "operatingCashflow": "-3184000",
            "grossProfit": "-41000",
            "totalRevenue": "1430000",
            "sentiment": 0,
            "surprise": "0.02",
            "closePrice": "4.04"
        },
        {
            "fiscalDateEnding": "2018-12-31",
            "totalCurrentAssets": "2311000",
            "cashAndShortTermInvestments": "225390",
            "totalCurrentLiabilities": "6658000",
            "currentDebt": "None",
            "netIncome": "-11411030",
            "capitalExpenditures": "-33806",
            "operatingCashflow": "-3087288",
            "grossProfit": "-201548",
            "totalRevenue": "1685071",
            "sentiment": 0,
            "surprise": "-0.63",
            "closePrice": "3.21"
        },
        {
            "fiscalDateEnding": "2018-09-30",
            "totalCurrentAssets": "6862912",
            "cashAndShortTermInvestments": "3322394",
            "totalCurrentLiabilities": "8041087",
            "currentDebt": "1696083",
            "netIncome": "-6229958",
            "capitalExpenditures": "700150",
            "operatingCashflow": "-6384709",
            "grossProfit": "334798",
            "totalRevenue": "2366683",
            "sentiment": 0,
            "surprise": "0.19",
            "closePrice": "1.89"
        },
        {
            "fiscalDateEnding": "2018-06-30",
            "totalCurrentAssets": "9445721",
            "cashAndShortTermInvestments": "1654000",
            "totalCurrentLiabilities": "6572187",
            "currentDebt": "None",
            "netIncome": "-24016920",
            "capitalExpenditures": "1196029",
            "operatingCashflow": "-3950406",
            "grossProfit": "1315207",
            "totalRevenue": "2792794",
            "sentiment": 0,
            "surprise": "-0.58",
            "closePrice": "6.65"
        },
        {
            "fiscalDateEnding": "2018-03-31",
            "totalCurrentAssets": "13612276",
            "cashAndShortTermInvestments": "5258000",
            "totalCurrentLiabilities": "4697345",
            "currentDebt": "54534",
            "netIncome": "-16350092",
            "capitalExpenditures": "18979283",
            "operatingCashflow": "-5629597",
            "grossProfit": "576543",
            "totalRevenue": "925554",
            "sentiment": 0,
            "surprise": "-0.26",
            "closePrice": "9.51"
        },
        {
            "fiscalDateEnding": "2017-12-31",
            "totalCurrentAssets": "42390985",
            "cashAndShortTermInvestments": "41652000",
            "totalCurrentLiabilities": "1040524",
            "currentDebt": "135574",
            "netIncome": "-8878253",
            "capitalExpenditures": "46839",
            "operatingCashflow": "-1276179",
            "grossProfit": "2875686",
            "totalRevenue": "197133",
            "sentiment": 0,
            "surprise": "None",
            "closePrice": "10.58"
        },
        {
            "fiscalDateEnding": "2017-09-30",
            "totalCurrentAssets": "13446313",
            "cashAndShortTermInvestments": "13139722",
            "totalCurrentLiabilities": "890959",
            "currentDebt": "215712",
            "netIncome": "-5302073",
            "capitalExpenditures": "1290",
            "operatingCashflow": "-587893",
            "grossProfit": "-5346240",
            "totalRevenue": "24175",
            "sentiment": 0,
            "surprise": "None",
            "closePrice": "7.25"
        },
        {
            "fiscalDateEnding": "2017-06-30",
            "totalCurrentAssets": "11986390",
            "cashAndShortTermInvestments": "11933573",
            "totalCurrentLiabilities": "849540",
            "currentDebt": "None",
            "netIncome": "-1311771",
            "capitalExpenditures": "1054",
            "operatingCashflow": "-912153",
            "grossProfit": "-1062431",
            "totalRevenue": "24174",
            "sentiment": 0,
            "surprise": "None",
            "closePrice": "3.28"
        },
        {
            "fiscalDateEnding": "2017-03-31",
            "totalCurrentAssets": "12337542",
            "cashAndShortTermInvestments": "11981618",
            "totalCurrentLiabilities": "871251",
            "currentDebt": "None",
            "netIncome": "-4353776",
            "capitalExpenditures": "11911",
            "operatingCashflow": "-1663825",
            "grossProfit": "-989092",
            "totalRevenue": "24175",
            "sentiment": 0,
            "surprise": "None",
            "closePrice": "3.29782608695652"
        },
        {
            "fiscalDateEnding": "2016-12-31",
            "totalCurrentAssets": "13743490",
            "cashAndShortTermInvestments": "13037000",
            "totalCurrentLiabilities": "1055140",
            "currentDebt": "None",
            "netIncome": "-2285388",
            "capitalExpenditures": "47091",
            "operatingCashflow": "-1678677",
            "grossProfit": "6002",
            "totalRevenue": "160759",
            "sentiment": 0,
            "surprise": "None",
            "closePrice": "3.56521739130435"
        },
        {
            "fiscalDateEnding": "2016-09-30",
            "totalCurrentAssets": "15619888",
            "cashAndShortTermInvestments": "14863407",
            "totalCurrentLiabilities": "1178481",
            "currentDebt": "None",
            "netIncome": "-1711085",
            "capitalExpenditures": "0",
            "operatingCashflow": "-1294991",
            "grossProfit": "356",
            "totalRevenue": "36776",
            "sentiment": 0,
            "surprise": "None",
            "closePrice": "2.43326086956522"
        },
        {
            "fiscalDateEnding": "2016-06-30",
            "totalCurrentAssets": "16258263",
            "cashAndShortTermInvestments": "16147221",
            "totalCurrentLiabilities": "457307",
            "currentDebt": "None",
            "netIncome": "-835875",
            "capitalExpenditures": "3600",
            "operatingCashflow": "-643114",
            "grossProfit": "-831897",
            "totalRevenue": "24938",
            "sentiment": 0,
            "surprise": "0.26",
            "closePrice": "2.87"
        },
        {
            "fiscalDateEnding": "2016-03-31",
            "totalCurrentAssets": "16841991",
            "cashAndShortTermInvestments": "16600174",
            "totalCurrentLiabilities": "658582",
            "currentDebt": "None",
            "netIncome": "559511",
            "capitalExpenditures": "10778",
            "operatingCashflow": "-1902962",
            "grossProfit": "753812",
            "totalRevenue": "1917938",
            "sentiment": 0,
            "surprise": "0.21",
            "closePrice": "2.78086956521739"
        },
        {
            "fiscalDateEnding": "2015-12-31",
            "totalCurrentAssets": "16412052",
            "cashAndShortTermInvestments": "16160000",
            "totalCurrentLiabilities": "1790767",
            "currentDebt": "None",
            "netIncome": "-2956000",
            "capitalExpenditures": "32119",
            "operatingCashflow": "5000",
            "grossProfit": "5000",
            "totalRevenue": "8000",
            "sentiment": 0,
            "surprise": "-0.16",
            "closePrice": "1.99652173913043"
        },
        {
            "fiscalDateEnding": "2015-09-30",
            "totalCurrentAssets": "19394973",
            "cashAndShortTermInvestments": "18932210",
            "totalCurrentLiabilities": "1116631",
            "currentDebt": "None",
            "netIncome": "-1583084",
            "capitalExpenditures": "12892",
            "operatingCashflow": "-1571259",
            "grossProfit": "42556",
            "totalRevenue": "55871",
            "sentiment": 0,
            "surprise": "None",
            "closePrice": "1.99652173913043"
        },
        {
            "fiscalDateEnding": "2015-06-30",
            "totalCurrentAssets": "20586054",
            "cashAndShortTermInvestments": "20430729",
            "totalCurrentLiabilities": "950423",
            "currentDebt": "None",
            "netIncome": "-2033235",
            "capitalExpenditures": "32343",
            "operatingCashflow": "-1995235",
            "grossProfit": "16421",
            "totalRevenue": "24496",
            "sentiment": 0,
            "surprise": "0.16",
            "closePrice": "2.92347826086956"
        },
        {
            "fiscalDateEnding": "2015-03-31",
            "totalCurrentAssets": "22363951",
            "cashAndShortTermInvestments": "22103635",
            "totalCurrentLiabilities": "1017122",
            "currentDebt": "None",
            "netIncome": "-2186373",
            "capitalExpenditures": "14679",
            "operatingCashflow": "-4007480",
            "grossProfit": "7281",
            "totalRevenue": "10399",
            "sentiment": 0,
            "surprise": "0.24",
            "closePrice": "3.8504347826087"
        },
        {
            "fiscalDateEnding": "2014-12-31",
            "totalCurrentAssets": "24895783",
            "cashAndShortTermInvestments": "24539000",
            "totalCurrentLiabilities": "1781968",
            "currentDebt": "None",
            "netIncome": "-2370000",
            "capitalExpenditures": "95821",
            "operatingCashflow": "51000",
            "grossProfit": "51000",
            "totalRevenue": "79000",
            "sentiment": 0,
            "surprise": "0.2",
            "closePrice": "3.23008695652174"
        },
        {
            "fiscalDateEnding": "2014-09-30",
            "totalCurrentAssets": "27251992",
            "cashAndShortTermInvestments": "26715639",
            "totalCurrentLiabilities": "1788481",
            "currentDebt": "None",
            "netIncome": "-2533000",
            "capitalExpenditures": "26354",
            "operatingCashflow": "-2296482",
            "grossProfit": "24000",
            "totalRevenue": "33283",
            "sentiment": 0,
            "surprise": "0.48",
            "closePrice": "9.55478260869565"
        },
        {
            "fiscalDateEnding": "2014-06-30",
            "totalCurrentAssets": "29369590",
            "cashAndShortTermInvestments": "29100909",
            "totalCurrentLiabilities": "1566560",
            "currentDebt": "None",
            "netIncome": "-2592000",
            "capitalExpenditures": "70217",
            "operatingCashflow": "-2214127",
            "grossProfit": "-179",
            "totalRevenue": "3006",
            "sentiment": 0,
            "surprise": "0.35",
            "closePrice": "12.8347826086957"
        },
        {
            "fiscalDateEnding": "2014-03-31",
            "totalCurrentAssets": "13282196",
            "cashAndShortTermInvestments": "12858305",
            "totalCurrentLiabilities": "1695419",
            "currentDebt": "None",
            "netIncome": "-2948000",
            "capitalExpenditures": "45287",
            "operatingCashflow": "-2837457",
            "grossProfit": "20000",
            "totalRevenue": "33513",
            "sentiment": 0,
            "surprise": "-0.11",
            "closePrice": "13.8330434782609"
        },
        {
            "fiscalDateEnding": "2013-12-31",
            "totalCurrentAssets": "14760727",
            "cashAndShortTermInvestments": "14301000",
            "totalCurrentLiabilities": "2249023",
            "currentDebt": "None",
            "netIncome": "-3130000",
            "capitalExpenditures": "48450",
            "operatingCashflow": "-2799450",
            "grossProfit": "37",
            "totalRevenue": "1502904",
            "sentiment": 0,
            "surprise": "0.05",
            "closePrice": "17.6834782608696"
        },
        {
            "fiscalDateEnding": "2013-09-30",
            "totalCurrentAssets": "17847009",
            "cashAndShortTermInvestments": "17287907",
            "totalCurrentLiabilities": "2400881",
            "currentDebt": "None",
            "netIncome": "-3072000",
            "capitalExpenditures": "28393",
            "operatingCashflow": "-2573414",
            "grossProfit": "35000",
            "totalRevenue": "77776",
            "sentiment": 0,
            "surprise": "0.04",
            "closePrice": "12.1217391304348"
        },
        {
            "fiscalDateEnding": "2013-06-30",
            "totalCurrentAssets": "20114239",
            "cashAndShortTermInvestments": "19993075",
            "totalCurrentLiabilities": "2034446",
            "currentDebt": "None",
            "netIncome": "-3145000",
            "capitalExpenditures": "34775",
            "operatingCashflow": "-1884943",
            "grossProfit": "-1336081",
            "totalRevenue": "21249",
            "sentiment": 0,
            "surprise": "0.16",
            "closePrice": "10.2321739130435"
        },
        {
            "fiscalDateEnding": "2013-03-31",
            "totalCurrentAssets": "9554399",
            "cashAndShortTermInvestments": "9267638",
            "totalCurrentLiabilities": "3219604",
            "currentDebt": "None",
            "netIncome": "-2802000",
            "capitalExpenditures": "40128",
            "operatingCashflow": "-2471847",
            "grossProfit": "-1410645",
            "totalRevenue": "18655",
            "sentiment": 0,
            "surprise": "0.24",
            "closePrice": "12.4782608695652"
        },
        {
            "fiscalDateEnding": "2012-12-31",
            "totalCurrentAssets": "12528358",
            "cashAndShortTermInvestments": "12141000",
            "totalCurrentLiabilities": "4078953",
            "currentDebt": "None",
            "netIncome": "-2504000",
            "capitalExpenditures": "54445",
            "operatingCashflow": "-1886949",
            "grossProfit": "1000",
            "totalRevenue": "2000",
            "sentiment": 0,
            "surprise": "-1.68",
            "closePrice": "16.2573913043478"
        },
        {
            "fiscalDateEnding": "2012-09-30",
            "totalCurrentAssets": "10694271",
            "cashAndShortTermInvestments": "10225916",
            "totalCurrentLiabilities": "4298225",
            "currentDebt": "None",
            "netIncome": "-2460000",
            "capitalExpenditures": "48949",
            "operatingCashflow": "-537192",
            "grossProfit": "6000",
            "totalRevenue": "10730",
            "sentiment": 0,
            "surprise": "0.48",
            "closePrice": "18.2539130434783"
        },
        {
            "fiscalDateEnding": "2012-06-30",
            "totalCurrentAssets": "11331170",
            "cashAndShortTermInvestments": "11159927",
            "totalCurrentLiabilities": "1977815",
            "currentDebt": "None",
            "netIncome": "-2310000",
            "capitalExpenditures": "29845",
            "operatingCashflow": "-1330248",
            "grossProfit": "27000",
            "totalRevenue": "27241",
            "sentiment": 0,
            "surprise": "-6.48",
            "closePrice": "10.859652173913"
        },
        {
            "fiscalDateEnding": "2012-03-31",
            "totalCurrentAssets": "2090985",
            "cashAndShortTermInvestments": "1878240",
            "totalCurrentLiabilities": "1654095",
            "currentDebt": "None",
            "netIncome": "-1938000",
            "capitalExpenditures": "23099",
            "operatingCashflow": "-1734586",
            "grossProfit": "7000",
            "totalRevenue": "7275",
            "sentiment": 0,
            "surprise": "8.64",
            "closePrice": "21.391304347826"
        },
        {
            "fiscalDateEnding": "2011-12-31",
            "totalCurrentAssets": "4321044",
            "cashAndShortTermInvestments": "3971228",
            "totalCurrentLiabilities": "2071926",
            "currentDebt": "None",
            "netIncome": "-1557000",
            "capitalExpenditures": "60195",
            "operatingCashflow": "-1918179",
            "grossProfit": "44000",
            "totalRevenue": "45000",
            "sentiment": 0,
            "surprise": "None",
            "closePrice": "32.0869565217391"
        },
        {
            "fiscalDateEnding": "2011-09-30",
            "totalCurrentAssets": "5327946",
            "cashAndShortTermInvestments": "4793416",
            "totalCurrentLiabilities": "3312339",
            "currentDebt": "None",
            "netIncome": "-3064000",
            "capitalExpenditures": "47667",
            "operatingCashflow": "-2067397",
            "grossProfit": "22000",
            "totalRevenue": "40147",
            "sentiment": 0,
            "surprise": "0.96",
            "closePrice": "91.1269565217389"
        },
        {
            "fiscalDateEnding": "2011-06-30",
            "totalCurrentAssets": "7274609",
            "cashAndShortTermInvestments": "7059792",
            "totalCurrentLiabilities": "2608056",
            "currentDebt": "None",
            "netIncome": "-2787000",
            "capitalExpenditures": "56524",
            "operatingCashflow": "-2195155",
            "grossProfit": "52000",
            "totalRevenue": "28936",
            "sentiment": 0,
            "surprise": "2.4",
            "closePrice": "102.678260869565"
        }
    ]
}