{
    "RMBS": [
        {
            "fiscalDateEnding": "2023-12-31",
            "totalCurrentAssets": "630645000",
            "cashAndShortTermInvestments": "425844000",
            "totalCurrentLiabilities": "89121000",
            "currentDebt": "None",
            "netIncome": "58545000",
            "capitalExpenditures": "786000",
            "operatingCashflow": "54850000",
            "grossProfit": "98109000",
            "totalRevenue": "122225000",
            "sentiment": 0.1447446386874745,
            "surprise": "0.02",
            "closePrice": "68.37"
        },
        {
            "fiscalDateEnding": "2023-09-30",
            "totalCurrentAssets": "550625000",
            "cashAndShortTermInvestments": "375546000",
            "totalCurrentLiabilities": "84196000",
            "currentDebt": "None",
            "netIncome": "103198000",
            "capitalExpenditures": "7967000",
            "operatingCashflow": "51588000",
            "grossProfit": "81266000",
            "totalRevenue": "105298000",
            "sentiment": 0.1792881561606418,
            "surprise": "0.52",
            "closePrice": "58.07"
        },
        {
            "fiscalDateEnding": "2023-06-30",
            "totalCurrentAssets": "536465000",
            "cashAndShortTermInvestments": "332626000",
            "totalCurrentLiabilities": "101444000",
            "currentDebt": "None",
            "netIncome": "168880000",
            "capitalExpenditures": "6749000",
            "operatingCashflow": "50442000",
            "grossProfit": "96234000",
            "totalRevenue": "119832000",
            "sentiment": 0.2030248972720633,
            "surprise": "1.12",
            "closePrice": "53.77"
        },
        {
            "fiscalDateEnding": "2023-03-31",
            "totalCurrentAssets": "492763000",
            "cashAndShortTermInvestments": "292137000",
            "totalCurrentLiabilities": "96174000",
            "currentDebt": "None",
            "netIncome": "3281000",
            "capitalExpenditures": "7738000",
            "operatingCashflow": "38906000",
            "grossProfit": "82086000",
            "totalRevenue": "113762000",
            "sentiment": 0.23122869727418113,
            "surprise": "-0.39",
            "closePrice": "48.33"
        },
        {
            "fiscalDateEnding": "2022-12-31",
            "totalCurrentAssets": "527214000",
            "cashAndShortTermInvestments": "313226000",
            "totalCurrentLiabilities": "126709000",
            "currentDebt": "10378000",
            "netIncome": "15949000",
            "capitalExpenditures": "4828000",
            "operatingCashflow": "51289000",
            "grossProfit": "88983000",
            "totalRevenue": "122367000",
            "sentiment": 0.24947322460075613,
            "surprise": "-0.3",
            "closePrice": "43.66"
        },
        {
            "fiscalDateEnding": "2022-09-30",
            "totalCurrentAssets": "474177000",
            "cashAndShortTermInvestments": "264848000",
            "totalCurrentLiabilities": "116431000",
            "currentDebt": "None",
            "netIncome": "939000",
            "capitalExpenditures": "6217000",
            "operatingCashflow": "79991000",
            "grossProfit": "85260000",
            "totalRevenue": "112244000",
            "sentiment": 0.26578997182238606,
            "surprise": "-0.4",
            "closePrice": "35.29"
        },
        {
            "fiscalDateEnding": "2022-06-30",
            "totalCurrentAssets": "581146000",
            "cashAndShortTermInvestments": "351635000",
            "totalCurrentLiabilities": "161444000",
            "currentDebt": "None",
            "netIncome": "35020000",
            "capitalExpenditures": "4750000",
            "operatingCashflow": "56499000",
            "grossProfit": "96320000",
            "totalRevenue": "121132000",
            "sentiment": 0.12325931412036281,
            "surprise": "-0.09",
            "closePrice": "26.88"
        },
        {
            "fiscalDateEnding": "2022-03-31",
            "totalCurrentAssets": "545112000",
            "cashAndShortTermInvestments": "343691000",
            "totalCurrentLiabilities": "168402000",
            "currentDebt": "None",
            "netIncome": "-66218000",
            "capitalExpenditures": "4683000",
            "operatingCashflow": "42614000",
            "grossProfit": "76651000",
            "totalRevenue": "99050000",
            "sentiment": 0.11754510385971648,
            "surprise": "-0.97",
            "closePrice": "25.78"
        },
        {
            "fiscalDateEnding": "2021-12-31",
            "totalCurrentAssets": "684364000",
            "cashAndShortTermInvestments": "485609000",
            "totalCurrentLiabilities": "267267000",
            "currentDebt": "163687000",
            "netIncome": "6105000",
            "capitalExpenditures": "6265000",
            "operatingCashflow": "72168000",
            "grossProfit": "74043000",
            "totalRevenue": "91781000",
            "sentiment": 0,
            "surprise": "-0.3169",
            "closePrice": "27.0"
        },
        {
            "fiscalDateEnding": "2021-09-30",
            "totalCurrentAssets": "624759000",
            "cashAndShortTermInvestments": "419728000",
            "totalCurrentLiabilities": "95175000",
            "currentDebt": "None",
            "netIncome": "3676000",
            "capitalExpenditures": "2260000",
            "operatingCashflow": "45997000",
            "grossProfit": "62856000",
            "totalRevenue": "81282000",
            "sentiment": 0,
            "surprise": "-0.3",
            "closePrice": "24.0"
        },
        {
            "fiscalDateEnding": "2021-06-30",
            "totalCurrentAssets": "678985000",
            "cashAndShortTermInvestments": "477113000",
            "totalCurrentLiabilities": "81426000",
            "currentDebt": "None",
            "netIncome": "11166000",
            "capitalExpenditures": "1750000",
            "operatingCashflow": "51594000",
            "grossProfit": "67981000",
            "totalRevenue": "84859000",
            "sentiment": 0,
            "surprise": "-0.21",
            "closePrice": "24.91"
        },
        {
            "fiscalDateEnding": "2021-03-31",
            "totalCurrentAssets": "724336000",
            "cashAndShortTermInvestments": "529128000",
            "totalCurrentLiabilities": "80402000",
            "currentDebt": "None",
            "netIncome": "-2613000",
            "capitalExpenditures": "3517000",
            "operatingCashflow": "39458000",
            "grossProfit": "53030000",
            "totalRevenue": "70382000",
            "sentiment": 0,
            "surprise": "-0.3033",
            "closePrice": "19.36"
        },
        {
            "fiscalDateEnding": "2020-12-31",
            "totalCurrentAssets": "699712000",
            "cashAndShortTermInvestments": "136146000",
            "totalCurrentLiabilities": "85864000",
            "currentDebt": "None",
            "netIncome": "-12055000",
            "capitalExpenditures": "8929000",
            "operatingCashflow": "42067000",
            "grossProfit": "48462000",
            "totalRevenue": "61913000",
            "sentiment": 0,
            "surprise": "-0.36",
            "closePrice": "20.98"
        },
        {
            "fiscalDateEnding": "2020-09-30",
            "totalCurrentAssets": "725034000",
            "cashAndShortTermInvestments": "89475000",
            "totalCurrentLiabilities": "90882000",
            "currentDebt": "4576000",
            "netIncome": "-12737000",
            "capitalExpenditures": "8019000",
            "operatingCashflow": "44119000",
            "grossProfit": "41651000",
            "totalRevenue": "56915000",
            "sentiment": 0,
            "surprise": "-0.38",
            "closePrice": "15.02"
        },
        {
            "fiscalDateEnding": "2020-06-30",
            "totalCurrentAssets": "707796000",
            "cashAndShortTermInvestments": "103275000",
            "totalCurrentLiabilities": "83458000",
            "currentDebt": "4463000",
            "netIncome": "-9140000",
            "capitalExpenditures": "10830000",
            "operatingCashflow": "62015000",
            "grossProfit": "45569000",
            "totalRevenue": "61717000",
            "sentiment": 0,
            "surprise": "-0.3449",
            "closePrice": "14.88"
        },
        {
            "fiscalDateEnding": "2020-03-31",
            "totalCurrentAssets": "678756000",
            "cashAndShortTermInvestments": "175446000",
            "totalCurrentLiabilities": "80063000",
            "currentDebt": "5194000",
            "netIncome": "-6539000",
            "capitalExpenditures": "1950000",
            "operatingCashflow": "37258000",
            "grossProfit": "49892000",
            "totalRevenue": "65777000",
            "sentiment": 0,
            "surprise": "-0.3007",
            "closePrice": "15.24"
        },
        {
            "fiscalDateEnding": "2019-12-31",
            "totalCurrentAssets": "664679000",
            "cashAndShortTermInvestments": "102176000",
            "totalCurrentLiabilities": "86179000",
            "currentDebt": "6357000",
            "netIncome": "-6876000",
            "capitalExpenditures": "2311000",
            "operatingCashflow": "35411000",
            "grossProfit": "47159000",
            "totalRevenue": "61735000",
            "sentiment": 0,
            "surprise": "-0.3359",
            "closePrice": "14.45"
        },
        {
            "fiscalDateEnding": "2019-09-30",
            "totalCurrentAssets": "656449000",
            "cashAndShortTermInvestments": "91838000",
            "totalCurrentLiabilities": "88293000",
            "currentDebt": "None",
            "netIncome": "-17331000",
            "capitalExpenditures": "1378000",
            "operatingCashflow": "25664000",
            "grossProfit": "46613000",
            "totalRevenue": "59187000",
            "sentiment": 0,
            "surprise": "-0.39",
            "closePrice": "13.91"
        },
        {
            "fiscalDateEnding": "2019-06-30",
            "totalCurrentAssets": "640904000",
            "cashAndShortTermInvestments": "114186000",
            "totalCurrentLiabilities": "84424000",
            "currentDebt": "None",
            "netIncome": "-36980000",
            "capitalExpenditures": "2119000",
            "operatingCashflow": "38699000",
            "grossProfit": "45270000",
            "totalRevenue": "58297000",
            "sentiment": 0,
            "surprise": "-0.53",
            "closePrice": "12.29"
        },
        {
            "fiscalDateEnding": "2019-03-31",
            "totalCurrentAssets": "545012000",
            "cashAndShortTermInvestments": "143016000",
            "totalCurrentLiabilities": "69276000",
            "currentDebt": "None",
            "netIncome": "-26576000",
            "capitalExpenditures": "664000",
            "operatingCashflow": "28761000",
            "grossProfit": "37186000",
            "totalRevenue": "48384000",
            "sentiment": 0,
            "surprise": "-0.47",
            "closePrice": "11.7"
        },
        {
            "fiscalDateEnding": "2018-12-31",
            "totalCurrentAssets": "527750000",
            "cashAndShortTermInvestments": "115924000",
            "totalCurrentLiabilities": "69285000",
            "currentDebt": "None",
            "netIncome": "-2018000",
            "capitalExpenditures": "3263000",
            "operatingCashflow": "35053000",
            "grossProfit": "57056000",
            "totalRevenue": "68563000",
            "sentiment": 0,
            "surprise": "-0.2786",
            "closePrice": "10.61"
        },
        {
            "fiscalDateEnding": "2018-09-30",
            "totalCurrentAssets": "476038000",
            "cashAndShortTermInvestments": "134534000",
            "totalCurrentLiabilities": "59378000",
            "currentDebt": "None",
            "netIncome": "-104893000",
            "capitalExpenditures": "2562000",
            "operatingCashflow": "17867000",
            "grossProfit": "49826000",
            "totalRevenue": "55778000",
            "sentiment": 0,
            "surprise": "0",
            "closePrice": "8.53"
        },
        {
            "fiscalDateEnding": "2018-06-30",
            "totalCurrentAssets": "537706000",
            "cashAndShortTermInvestments": "298340000",
            "totalCurrentLiabilities": "152198000",
            "currentDebt": "80648000",
            "netIncome": "-15357000",
            "capitalExpenditures": "3599000",
            "operatingCashflow": "-15357000",
            "grossProfit": "40735000",
            "totalRevenue": "51824000",
            "sentiment": 0,
            "surprise": "0.01",
            "closePrice": "13.12"
        },
        {
            "fiscalDateEnding": "2018-03-31",
            "totalCurrentAssets": "501762000",
            "cashAndShortTermInvestments": "291220000",
            "totalCurrentLiabilities": "145852000",
            "currentDebt": "79541000",
            "netIncome": "-35689000",
            "capitalExpenditures": "1688000",
            "operatingCashflow": "32043000",
            "grossProfit": "29883000",
            "totalRevenue": "42005000",
            "sentiment": 0,
            "surprise": "0",
            "closePrice": "14.13"
        },
        {
            "fiscalDateEnding": "2017-12-31",
            "totalCurrentAssets": "371744000",
            "cashAndShortTermInvestments": "329376000",
            "totalCurrentLiabilities": "132842000",
            "currentDebt": "78451000",
            "netIncome": "-36168000",
            "capitalExpenditures": "3941000",
            "operatingCashflow": "29240000",
            "grossProfit": "101891000",
            "totalRevenue": "101891000",
            "sentiment": 0,
            "surprise": "0",
            "closePrice": "14.2"
        },
        {
            "fiscalDateEnding": "2017-09-30",
            "totalCurrentAssets": "249444000",
            "cashAndShortTermInvestments": "183632000",
            "totalCurrentLiabilities": "182739000",
            "currentDebt": "131490000",
            "netIncome": "7695000",
            "capitalExpenditures": "2082000",
            "operatingCashflow": "7695000",
            "grossProfit": "81391000",
            "totalRevenue": "95847000",
            "sentiment": 0,
            "surprise": "0.02",
            "closePrice": "13.75"
        },
        {
            "fiscalDateEnding": "2017-06-30",
            "totalCurrentAssets": "222324000",
            "cashAndShortTermInvestments": "167953000",
            "totalCurrentLiabilities": "51117000",
            "currentDebt": "None",
            "netIncome": "2605000",
            "capitalExpenditures": "1564000",
            "operatingCashflow": "2605000",
            "grossProfit": "77122000",
            "totalRevenue": "91459000",
            "sentiment": 0,
            "surprise": "0.01",
            "closePrice": "12.64"
        },
        {
            "fiscalDateEnding": "2017-03-31",
            "totalCurrentAssets": "233494000",
            "cashAndShortTermInvestments": "187625000",
            "totalCurrentLiabilities": "44124000",
            "currentDebt": "None",
            "netIncome": "3006000",
            "capitalExpenditures": "1918000",
            "operatingCashflow": "24093000",
            "grossProfit": "74414000",
            "totalRevenue": "94145000",
            "sentiment": 0,
            "surprise": "0.02",
            "closePrice": "13.28"
        },
        {
            "fiscalDateEnding": "2016-12-31",
            "totalCurrentAssets": "216781000",
            "cashAndShortTermInvestments": "172182000",
            "totalCurrentLiabilities": "51301000",
            "currentDebt": "None",
            "netIncome": "-3445000",
            "capitalExpenditures": "3806000",
            "operatingCashflow": "-3707000",
            "grossProfit": "97559000",
            "totalRevenue": "97559000",
            "sentiment": 0,
            "surprise": "0",
            "closePrice": "13.98"
        },
        {
            "fiscalDateEnding": "2016-09-30",
            "totalCurrentAssets": "199302000",
            "cashAndShortTermInvestments": "150789000",
            "totalCurrentLiabilities": "59801000",
            "currentDebt": "None",
            "netIncome": "4511000",
            "capitalExpenditures": "1193000",
            "operatingCashflow": "4511000",
            "grossProfit": "67238000",
            "totalRevenue": "86662000",
            "sentiment": 0,
            "surprise": "0.03",
            "closePrice": "11.99"
        },
        {
            "fiscalDateEnding": "2016-06-30",
            "totalCurrentAssets": "283650000",
            "cashAndShortTermInvestments": "259331000",
            "totalCurrentLiabilities": "43982000",
            "currentDebt": "None",
            "netIncome": "3876000",
            "capitalExpenditures": "1958000",
            "operatingCashflow": "3876000",
            "grossProfit": "59249000",
            "totalRevenue": "73338000",
            "sentiment": 0,
            "surprise": "0.02",
            "closePrice": "12.81"
        },
        {
            "fiscalDateEnding": "2016-03-31",
            "totalCurrentAssets": "253206000",
            "cashAndShortTermInvestments": "225572000",
            "totalCurrentLiabilities": "40115000",
            "currentDebt": "None",
            "netIncome": "1878000",
            "capitalExpenditures": "1599000",
            "operatingCashflow": "24177000",
            "grossProfit": "57334000",
            "totalRevenue": "69541000",
            "sentiment": 0,
            "surprise": "0.01",
            "closePrice": "13.77"
        },
        {
            "fiscalDateEnding": "2015-12-31",
            "totalCurrentAssets": "315590000",
            "cashAndShortTermInvestments": "287706000",
            "totalCurrentLiabilities": "28366000",
            "currentDebt": "None",
            "netIncome": "12992000",
            "capitalExpenditures": "1383000",
            "operatingCashflow": "-187124000",
            "grossProfit": "73173000",
            "totalRevenue": "76773000",
            "sentiment": 0,
            "surprise": "0.03",
            "closePrice": "11.2"
        },
        {
            "fiscalDateEnding": "2015-09-30",
            "totalCurrentAssets": "401947000",
            "cashAndShortTermInvestments": "362878000",
            "totalCurrentLiabilities": "27610000",
            "currentDebt": "None",
            "netIncome": "182033000",
            "capitalExpenditures": "1632000",
            "operatingCashflow": "182033000",
            "grossProfit": "59551000",
            "totalRevenue": "70662000",
            "sentiment": 0,
            "surprise": "0",
            "closePrice": "13.89"
        },
        {
            "fiscalDateEnding": "2015-06-30",
            "totalCurrentAssets": "365674000",
            "cashAndShortTermInvestments": "348126000",
            "totalCurrentLiabilities": "31369000",
            "currentDebt": "None",
            "netIncome": "6861000",
            "capitalExpenditures": "2022000",
            "operatingCashflow": "6861000",
            "grossProfit": "57584000",
            "totalRevenue": "69721000",
            "sentiment": 0,
            "surprise": "0",
            "closePrice": "12.98"
        },
        {
            "fiscalDateEnding": "2015-03-31",
            "totalCurrentAssets": "335566000",
            "cashAndShortTermInvestments": "317761000",
            "totalCurrentLiabilities": "28029000",
            "currentDebt": "None",
            "netIncome": "9502000",
            "capitalExpenditures": "1095000",
            "operatingCashflow": "25379000",
            "grossProfit": "59075000",
            "totalRevenue": "69831000",
            "sentiment": 0,
            "surprise": "0.01",
            "closePrice": "12.77"
        },
        {
            "fiscalDateEnding": "2014-12-31",
            "totalCurrentAssets": "314838000",
            "cashAndShortTermInvestments": "300109000",
            "totalCurrentLiabilities": "34658000",
            "currentDebt": "None",
            "netIncome": "7841000",
            "capitalExpenditures": "1611000",
            "operatingCashflow": "2837000",
            "grossProfit": "72040000",
            "totalRevenue": "72040000",
            "sentiment": 0,
            "surprise": "-0.01",
            "closePrice": "10.51"
        },
        {
            "fiscalDateEnding": "2014-09-30",
            "totalCurrentAssets": "285563000",
            "cashAndShortTermInvestments": "271126000",
            "totalCurrentLiabilities": "26276000",
            "currentDebt": "None",
            "netIncome": "5513000",
            "capitalExpenditures": "1300000",
            "operatingCashflow": "5513000",
            "grossProfit": "56113000",
            "totalRevenue": "66653000",
            "sentiment": 0,
            "surprise": "0",
            "closePrice": "10.97"
        },
        {
            "fiscalDateEnding": "2014-06-30",
            "totalCurrentAssets": "267285000",
            "cashAndShortTermInvestments": "246430000",
            "totalCurrentLiabilities": "30185000",
            "currentDebt": "None",
            "netIncome": "5043000",
            "capitalExpenditures": "1148000",
            "operatingCashflow": "5043000",
            "grossProfit": "57111000",
            "totalRevenue": "67748000",
            "sentiment": 0,
            "surprise": "-0.01",
            "closePrice": "13.76"
        },
        {
            "fiscalDateEnding": "2014-03-31",
            "totalCurrentAssets": "421015000",
            "cashAndShortTermInvestments": "403424000",
            "totalCurrentLiabilities": "209641000",
            "currentDebt": "168658000",
            "netIncome": "7804000",
            "capitalExpenditures": "3145000",
            "operatingCashflow": "16511000",
            "grossProfit": "58340000",
            "totalRevenue": "68362000",
            "sentiment": 0,
            "surprise": "0.04",
            "closePrice": "12.3"
        },
        {
            "fiscalDateEnding": "2013-12-31",
            "totalCurrentAssets": "398371000",
            "cashAndShortTermInvestments": "387662000",
            "totalCurrentLiabilities": "212842000",
            "currentDebt": "164047000",
            "netIncome": "-9777000",
            "capitalExpenditures": "1152000",
            "operatingCashflow": "6214000",
            "grossProfit": "71222000",
            "totalRevenue": "73422000",
            "sentiment": 0,
            "surprise": "-0.11",
            "closePrice": "9.58"
        },
        {
            "fiscalDateEnding": "2013-09-30",
            "totalCurrentAssets": "374280000",
            "cashAndShortTermInvestments": "366357000",
            "totalCurrentLiabilities": "204347000",
            "currentDebt": "159731000",
            "netIncome": "-5725000",
            "capitalExpenditures": "633000",
            "operatingCashflow": "6279000",
            "grossProfit": "55850000",
            "totalRevenue": "64808000",
            "sentiment": 0,
            "surprise": "-0.03",
            "closePrice": "9.6"
        },
        {
            "fiscalDateEnding": "2013-06-30",
            "totalCurrentAssets": "216125000",
            "cashAndShortTermInvestments": "205640000",
            "totalCurrentLiabilities": "197985000",
            "currentDebt": "155473000",
            "netIncome": "-7844000",
            "capitalExpenditures": "2231000",
            "operatingCashflow": "-7862000",
            "grossProfit": "41709000",
            "totalRevenue": "49074000",
            "sentiment": 0,
            "surprise": "0.06",
            "closePrice": "9.89"
        },
        {
            "fiscalDateEnding": "2013-03-31",
            "totalCurrentAssets": "224714000",
            "cashAndShortTermInvestments": "214828000",
            "totalCurrentLiabilities": "54171000",
            "currentDebt": "None",
            "netIncome": "-10402000",
            "capitalExpenditures": "5578000",
            "operatingCashflow": "15312000",
            "grossProfit": "54285000",
            "totalRevenue": "59534000",
            "sentiment": 0,
            "surprise": "-0.05",
            "closePrice": "6.75"
        },
        {
            "fiscalDateEnding": "2012-12-31",
            "totalCurrentAssets": "215176000",
            "cashAndShortTermInvestments": "203330000",
            "totalCurrentLiabilities": "54134000",
            "currentDebt": "None",
            "netIncome": "-16132000",
            "capitalExpenditures": "6007000",
            "operatingCashflow": "-4027000",
            "grossProfit": "56743000",
            "totalRevenue": "57443000",
            "sentiment": 0,
            "surprise": "-0.03",
            "closePrice": "5.11"
        },
        {
            "fiscalDateEnding": "2012-09-30",
            "totalCurrentAssets": "219104000",
            "cashAndShortTermInvestments": "207086000",
            "totalCurrentLiabilities": "61109000",
            "currentDebt": "None",
            "netIncome": "-58098000",
            "capitalExpenditures": "7529000",
            "operatingCashflow": "-58106000",
            "grossProfit": "42868000",
            "totalRevenue": "50397000",
            "sentiment": 0,
            "surprise": "0.08",
            "closePrice": "4.94"
        },
        {
            "fiscalDateEnding": "2012-06-30",
            "totalCurrentAssets": "213462000",
            "cashAndShortTermInvestments": "203242000",
            "totalCurrentLiabilities": "51336000",
            "currentDebt": "None",
            "netIncome": "-32216000",
            "capitalExpenditures": "6680000",
            "operatingCashflow": "-32194000",
            "grossProfit": "42245000",
            "totalRevenue": "49585000",
            "sentiment": 0,
            "surprise": "-0.1",
            "closePrice": "5.215"
        },
        {
            "fiscalDateEnding": "2012-03-31",
            "totalCurrentAssets": "243054000",
            "cashAndShortTermInvestments": "232518000",
            "totalCurrentLiabilities": "59426000",
            "currentDebt": "None",
            "netIncome": "-27890000",
            "capitalExpenditures": "3293000",
            "operatingCashflow": "-10992000",
            "grossProfit": "49218000",
            "totalRevenue": "56381000",
            "sentiment": 0,
            "surprise": "-0.02",
            "closePrice": "5.6"
        },
        {
            "fiscalDateEnding": "2011-12-31",
            "totalCurrentAssets": "301376000",
            "cashAndShortTermInvestments": "289456000",
            "totalCurrentLiabilities": "65311000",
            "currentDebt": "None",
            "netIncome": "-28716000",
            "capitalExpenditures": "5481000",
            "operatingCashflow": "-28716000",
            "grossProfit": "70453000",
            "totalRevenue": "77906000",
            "sentiment": 0,
            "surprise": "-0.23",
            "closePrice": "8.92"
        },
        {
            "fiscalDateEnding": "2011-09-30",
            "totalCurrentAssets": "305634000",
            "cashAndShortTermInvestments": "292753000",
            "totalCurrentLiabilities": "66329000",
            "currentDebt": "None",
            "netIncome": "478000",
            "capitalExpenditures": "4145000",
            "operatingCashflow": "478000",
            "grossProfit": "87428000",
            "totalRevenue": "94853000",
            "sentiment": 0,
            "surprise": "None",
            "closePrice": "16.19"
        },
        {
            "fiscalDateEnding": "2011-06-30",
            "totalCurrentAssets": "373576000",
            "cashAndShortTermInvestments": "359354000",
            "totalCurrentLiabilities": "51246000",
            "currentDebt": "None",
            "netIncome": "-10585000",
            "capitalExpenditures": "4537000",
            "operatingCashflow": "19992000",
            "grossProfit": "54944000",
            "totalRevenue": "61002000",
            "sentiment": 0,
            "surprise": "0.04",
            "closePrice": "14.94"
        },
        {
            "fiscalDateEnding": "2011-03-31",
            "totalCurrentAssets": "522372000",
            "cashAndShortTermInvestments": "508575000",
            "totalCurrentLiabilities": "37721000",
            "currentDebt": "None",
            "netIncome": "-4230000",
            "capitalExpenditures": "6478000",
            "operatingCashflow": "-4545000",
            "grossProfit": "23884000",
            "totalRevenue": "56703000",
            "sentiment": 0,
            "surprise": "0.02",
            "closePrice": "20.61"
        },
        {
            "fiscalDateEnding": "2010-12-31",
            "totalCurrentAssets": "527927000",
            "cashAndShortTermInvestments": "512009000",
            "totalCurrentLiabilities": "55811000",
            "currentDebt": "None",
            "netIncome": "33084000",
            "capitalExpenditures": "15860000",
            "operatingCashflow": "55837000",
            "grossProfit": "84020000",
            "totalRevenue": "85931000",
            "sentiment": 0,
            "surprise": "-0.01",
            "closePrice": "20.95"
        },
        {
            "fiscalDateEnding": "2010-09-30",
            "totalCurrentAssets": "498309000",
            "cashAndShortTermInvestments": "484893000",
            "totalCurrentLiabilities": "74628000",
            "currentDebt": "None",
            "netIncome": "-20576000",
            "capitalExpenditures": "13807000",
            "operatingCashflow": "2941000",
            "grossProfit": "25734000",
            "totalRevenue": "27102000",
            "sentiment": 0,
            "surprise": "0.03",
            "closePrice": "19.29"
        },
        {
            "fiscalDateEnding": "2010-06-30",
            "totalCurrentAssets": "608924000",
            "cashAndShortTermInvestments": "597609000",
            "totalCurrentLiabilities": "64181000",
            "currentDebt": "None",
            "netIncome": "-12490000",
            "capitalExpenditures": "4259000",
            "operatingCashflow": "-1058000",
            "grossProfit": "33634000",
            "totalRevenue": "35438000",
            "sentiment": 0,
            "surprise": "-0.01",
            "closePrice": "18.99"
        }
    ]
}