{
    "RNG": [
        {
            "fiscalDateEnding": "2023-12-31",
            "totalCurrentAssets": "848649000",
            "cashAndShortTermInvestments": "222195000",
            "totalCurrentLiabilities": "632546000",
            "currentDebt": "20000000",
            "netIncome": "-47243000",
            "capitalExpenditures": "75984000",
            "operatingCashflow": "113844000",
            "grossProfit": "401047000",
            "totalRevenue": "565275000",
            "sentiment": 0.3460442374513083,
            "surprise": "0.04",
            "closePrice": "30.86"
        },
        {
            "fiscalDateEnding": "2023-09-30",
            "totalCurrentAssets": "1052319000",
            "cashAndShortTermInvestments": "432352000",
            "totalCurrentLiabilities": "605310000",
            "currentDebt": "20000000",
            "netIncome": "-42116000",
            "capitalExpenditures": "16632000",
            "operatingCashflow": "86594000",
            "grossProfit": "389190000",
            "totalRevenue": "546002000",
            "sentiment": 0.2562985949164897,
            "surprise": "0.03",
            "closePrice": "28.25"
        },
        {
            "fiscalDateEnding": "2023-06-30",
            "totalCurrentAssets": "803543000",
            "cashAndShortTermInvestments": "225351000",
            "totalCurrentLiabilities": "592352000",
            "currentDebt": "20000000",
            "netIncome": "-21482000",
            "capitalExpenditures": "17805000",
            "operatingCashflow": "90691000",
            "grossProfit": "374888000",
            "totalRevenue": "534187000",
            "sentiment": 0.2850211893405688,
            "surprise": "0.08",
            "closePrice": "38.98"
        },
        {
            "fiscalDateEnding": "2023-03-31",
            "totalCurrentAssets": "851030000",
            "cashAndShortTermInvestments": "274804000",
            "totalCurrentLiabilities": "591188000",
            "currentDebt": "None",
            "netIncome": "-54399000",
            "capitalExpenditures": "21319000",
            "operatingCashflow": "108533000",
            "grossProfit": "373013000",
            "totalRevenue": "531477000",
            "sentiment": 0.09821444092714073,
            "surprise": "0.07",
            "closePrice": "26.5"
        },
        {
            "fiscalDateEnding": "2022-12-31",
            "totalCurrentAssets": "796016000",
            "cashAndShortTermInvestments": "269984000",
            "totalCurrentLiabilities": "652559000",
            "currentDebt": "None",
            "netIncome": "-284063000",
            "capitalExpenditures": "82177000",
            "operatingCashflow": "39372000",
            "grossProfit": "364153000",
            "totalRevenue": "523552000",
            "sentiment": 0.21112623760684962,
            "surprise": "0.01",
            "closePrice": "48.41"
        },
        {
            "fiscalDateEnding": "2022-09-30",
            "totalCurrentAssets": "774600000",
            "cashAndShortTermInvestments": "305383000",
            "totalCurrentLiabilities": "639202000",
            "currentDebt": "None",
            "netIncome": "-284616000",
            "capitalExpenditures": "21745000",
            "operatingCashflow": "42260000",
            "grossProfit": "341558000",
            "totalRevenue": "507854000",
            "sentiment": 0.1804941365027199,
            "surprise": "0.04",
            "closePrice": "28.36"
        },
        {
            "fiscalDateEnding": "2022-06-30",
            "totalCurrentAssets": "739298000",
            "cashAndShortTermInvestments": "306497000",
            "totalCurrentLiabilities": "621963000",
            "currentDebt": "None",
            "netIncome": "-159515000",
            "capitalExpenditures": "21278000",
            "operatingCashflow": "50678000",
            "grossProfit": "328706000",
            "totalRevenue": "485693000",
            "sentiment": 0.04603140237174085,
            "surprise": "0.05",
            "closePrice": "49.7"
        },
        {
            "fiscalDateEnding": "2022-03-31",
            "totalCurrentAssets": "720755000",
            "cashAndShortTermInvestments": "301929000",
            "totalCurrentLiabilities": "575669000",
            "currentDebt": "None",
            "netIncome": "-150972000",
            "capitalExpenditures": "20443000",
            "operatingCashflow": "58995000",
            "grossProfit": "312182000",
            "totalRevenue": "466424000",
            "sentiment": 0.17790567157358791,
            "surprise": "0.05",
            "closePrice": "68.66"
        },
        {
            "fiscalDateEnding": "2021-12-31",
            "totalCurrentAssets": "650741000",
            "cashAndShortTermInvestments": "267162000",
            "totalCurrentLiabilities": "526270000",
            "currentDebt": "None",
            "netIncome": "-118357000",
            "capitalExpenditures": "382330000",
            "operatingCashflow": "47651000",
            "grossProfit": "312480000",
            "totalRevenue": "432311000",
            "sentiment": 0,
            "surprise": "0.02",
            "closePrice": "147.64"
        },
        {
            "fiscalDateEnding": "2021-09-30",
            "totalCurrentAssets": "693597000",
            "cashAndShortTermInvestments": "345152000",
            "totalCurrentLiabilities": "475610000",
            "currentDebt": "None",
            "netIncome": "-146751000",
            "capitalExpenditures": "18734000",
            "operatingCashflow": "43029000",
            "grossProfit": "304180000",
            "totalRevenue": "398652000",
            "sentiment": 0,
            "surprise": "0.03",
            "closePrice": "233.64"
        },
        {
            "fiscalDateEnding": "2021-06-30",
            "totalCurrentAssets": "648108000",
            "cashAndShortTermInvestments": "325297000",
            "totalCurrentLiabilities": "446791000",
            "currentDebt": "None",
            "netIncome": "-110956000",
            "capitalExpenditures": "7149000",
            "operatingCashflow": "24516000",
            "grossProfit": "274350000",
            "totalRevenue": "363331000",
            "sentiment": 0,
            "surprise": "0.04",
            "closePrice": "269.9"
        },
        {
            "fiscalDateEnding": "2021-03-31",
            "totalCurrentAssets": "743703000",
            "cashAndShortTermInvestments": "463067000",
            "totalCurrentLiabilities": "444358000",
            "currentDebt": "53729000",
            "netIncome": "-186000",
            "capitalExpenditures": "26836000",
            "operatingCashflow": "36955000",
            "grossProfit": "255375000",
            "totalRevenue": "335226000",
            "sentiment": 0,
            "surprise": "0.02",
            "closePrice": "296.67"
        },
        {
            "fiscalDateEnding": "2020-12-31",
            "totalCurrentAssets": "926129000",
            "cashAndShortTermInvestments": "639853000",
            "totalCurrentLiabilities": "438068000",
            "currentDebt": "47415000",
            "netIncome": "-1827000",
            "capitalExpenditures": "87545000",
            "operatingCashflow": "-2484000",
            "grossProfit": "243324000",
            "totalRevenue": "334536000",
            "sentiment": 0,
            "surprise": "0.02",
            "closePrice": "437.02"
        },
        {
            "fiscalDateEnding": "2020-09-30",
            "totalCurrentAssets": "992604000",
            "cashAndShortTermInvestments": "745558000",
            "totalCurrentLiabilities": "369213000",
            "currentDebt": "30563000",
            "netIncome": "-20957000",
            "capitalExpenditures": "29439000",
            "operatingCashflow": "-72816000",
            "grossProfit": "221310000",
            "totalRevenue": "290944000",
            "sentiment": 0,
            "surprise": "0.02",
            "closePrice": "267.01"
        },
        {
            "fiscalDateEnding": "2020-06-30",
            "totalCurrentAssets": "1002016000",
            "cashAndShortTermInvestments": "773756000",
            "totalCurrentLiabilities": "371128000",
            "currentDebt": "60214000",
            "netIncome": "509000",
            "capitalExpenditures": "18352000",
            "operatingCashflow": "27040000",
            "grossProfit": "201348000",
            "totalRevenue": "265387000",
            "sentiment": 0,
            "surprise": "0.04",
            "closePrice": "305.36"
        },
        {
            "fiscalDateEnding": "2020-03-31",
            "totalCurrentAssets": "971584000",
            "cashAndShortTermInvestments": "762064000",
            "totalCurrentLiabilities": "307770000",
            "currentDebt": "15092000",
            "netIncome": "-60721000",
            "capitalExpenditures": "14250000",
            "operatingCashflow": "13069000",
            "grossProfit": "194068000",
            "totalRevenue": "251796000",
            "sentiment": 0,
            "surprise": "0.01",
            "closePrice": "245.04"
        },
        {
            "fiscalDateEnding": "2019-12-31",
            "totalCurrentAssets": "535539000",
            "cashAndShortTermInvestments": "343606000",
            "totalCurrentLiabilities": "280713000",
            "currentDebt": "14249000",
            "netIncome": "-25257000",
            "capitalExpenditures": "119026000",
            "operatingCashflow": "-6162000",
            "grossProfit": "185992000",
            "totalRevenue": "252865000",
            "sentiment": 0,
            "surprise": "0.01",
            "closePrice": "212.61"
        },
        {
            "fiscalDateEnding": "2019-09-30",
            "totalCurrentAssets": "765045000",
            "cashAndShortTermInvestments": "582663000",
            "totalCurrentLiabilities": "268137000",
            "currentDebt": "13626000",
            "netIncome": "-12749000",
            "capitalExpenditures": "10231000",
            "operatingCashflow": "26760000",
            "grossProfit": "173647000",
            "totalRevenue": "228192000",
            "sentiment": 0,
            "surprise": "0.03",
            "closePrice": "157.65"
        },
        {
            "fiscalDateEnding": "2019-06-30",
            "totalCurrentAssets": "735106000",
            "cashAndShortTermInvestments": "567668000",
            "totalCurrentLiabilities": "245598000",
            "currentDebt": "13092000",
            "netIncome": "-9243000",
            "capitalExpenditures": "12191000",
            "operatingCashflow": "24051000",
            "grossProfit": "161522000",
            "totalRevenue": "210064000",
            "sentiment": 0,
            "surprise": "0.05",
            "closePrice": "126.15"
        },
        {
            "fiscalDateEnding": "2019-03-31",
            "totalCurrentAssets": "704368000",
            "cashAndShortTermInvestments": "549030000",
            "totalCurrentLiabilities": "228557000",
            "currentDebt": "None",
            "netIncome": "-6358000",
            "capitalExpenditures": "10405000",
            "operatingCashflow": "20197000",
            "grossProfit": "150654000",
            "totalRevenue": "196468000",
            "sentiment": 0,
            "surprise": "0.02",
            "closePrice": "121.06"
        },
        {
            "fiscalDateEnding": "2018-12-31",
            "totalCurrentAssets": "707514000",
            "cashAndShortTermInvestments": "566329000",
            "totalCurrentLiabilities": "199359000",
            "currentDebt": "None",
            "netIncome": "-5678000",
            "capitalExpenditures": "24275000",
            "operatingCashflow": "23028000",
            "grossProfit": "144509000",
            "totalRevenue": "188624000",
            "sentiment": 0,
            "surprise": "0.05",
            "closePrice": "99.87"
        },
        {
            "fiscalDateEnding": "2018-09-30",
            "totalCurrentAssets": "702158000",
            "cashAndShortTermInvestments": "577283000",
            "totalCurrentLiabilities": "172698000",
            "currentDebt": "943000",
            "netIncome": "-9518000",
            "capitalExpenditures": "8746000",
            "operatingCashflow": "20227000",
            "grossProfit": "134551000",
            "totalRevenue": "168909000",
            "sentiment": 0,
            "surprise": "0.03",
            "closePrice": "74.96"
        },
        {
            "fiscalDateEnding": "2018-06-30",
            "totalCurrentAssets": "678078000",
            "cashAndShortTermInvestments": "567280000",
            "totalCurrentLiabilities": "156931000",
            "currentDebt": "943000",
            "netIncome": "-8291000",
            "capitalExpenditures": "9877000",
            "operatingCashflow": "16690000",
            "grossProfit": "122766000",
            "totalRevenue": "155996000",
            "sentiment": 0,
            "surprise": "0.04",
            "closePrice": "81.4"
        },
        {
            "fiscalDateEnding": "2018-03-31",
            "totalCurrentAssets": "651109000",
            "cashAndShortTermInvestments": "554963000",
            "totalCurrentLiabilities": "138107000",
            "currentDebt": "1252000",
            "netIncome": "-2716000",
            "capitalExpenditures": "25816000",
            "operatingCashflow": "12185000",
            "grossProfit": "114669000",
            "totalRevenue": "150343000",
            "sentiment": 0,
            "surprise": "0.04",
            "closePrice": "73.2"
        },
        {
            "fiscalDateEnding": "2017-12-31",
            "totalCurrentAssets": "264818000",
            "cashAndShortTermInvestments": "181192000",
            "totalCurrentLiabilities": "125216000",
            "currentDebt": "None",
            "netIncome": "-121000",
            "capitalExpenditures": "13899000",
            "operatingCashflow": "10289000",
            "grossProfit": "107565000",
            "totalRevenue": "141185000",
            "sentiment": 0,
            "surprise": "0.01",
            "closePrice": "53.35"
        },
        {
            "fiscalDateEnding": "2017-09-30",
            "totalCurrentAssets": "234222000",
            "cashAndShortTermInvestments": "172306000",
            "totalCurrentLiabilities": "121320000",
            "currentDebt": "None",
            "netIncome": "269000",
            "capitalExpenditures": "9016000",
            "operatingCashflow": "13424000",
            "grossProfit": "99495000",
            "totalRevenue": "130279000",
            "sentiment": 0,
            "surprise": "0.02",
            "closePrice": "43.65"
        },
        {
            "fiscalDateEnding": "2017-06-30",
            "totalCurrentAssets": "218215000",
            "cashAndShortTermInvestments": "167015000",
            "totalCurrentLiabilities": "108643000",
            "currentDebt": "None",
            "netIncome": "-2115000",
            "capitalExpenditures": "5507000",
            "operatingCashflow": "4060000",
            "grossProfit": "90358000",
            "totalRevenue": "119919000",
            "sentiment": 0,
            "surprise": "0.01",
            "closePrice": "34.9"
        },
        {
            "fiscalDateEnding": "2017-03-31",
            "totalCurrentAssets": "198366000",
            "cashAndShortTermInvestments": "149690000",
            "totalCurrentLiabilities": "105996000",
            "currentDebt": "None",
            "netIncome": "-2237000",
            "capitalExpenditures": "6795000",
            "operatingCashflow": "24483000",
            "grossProfit": "84928000",
            "totalRevenue": "112234000",
            "sentiment": 0,
            "surprise": "0.01",
            "closePrice": "30.5"
        },
        {
            "fiscalDateEnding": "2016-12-31",
            "totalCurrentAssets": "205911000",
            "cashAndShortTermInvestments": "160355000",
            "totalCurrentLiabilities": "116000000",
            "currentDebt": "None",
            "netIncome": "-6946000",
            "capitalExpenditures": "7749000",
            "operatingCashflow": "-1511000",
            "grossProfit": "79851000",
            "totalRevenue": "104503000",
            "sentiment": 0,
            "surprise": "0.01",
            "closePrice": "23.8"
        },
        {
            "fiscalDateEnding": "2016-09-30",
            "totalCurrentAssets": "192701000",
            "cashAndShortTermInvestments": "152390000",
            "totalCurrentLiabilities": "108516000",
            "currentDebt": "None",
            "netIncome": "-7979000",
            "capitalExpenditures": "4132000",
            "operatingCashflow": "-7979000",
            "grossProfit": "73384000",
            "totalRevenue": "96839000",
            "sentiment": 0,
            "surprise": "0.02",
            "closePrice": "23.15"
        },
        {
            "fiscalDateEnding": "2016-06-30",
            "totalCurrentAssets": "186707000",
            "cashAndShortTermInvestments": "147791000",
            "totalCurrentLiabilities": "92849000",
            "currentDebt": "None",
            "netIncome": "-7771000",
            "capitalExpenditures": "4555000",
            "operatingCashflow": "-7771000",
            "grossProfit": "69480000",
            "totalRevenue": "91844000",
            "sentiment": 0,
            "surprise": "0.01",
            "closePrice": "23.22"
        },
        {
            "fiscalDateEnding": "2016-03-31",
            "totalCurrentAssets": "178549000",
            "cashAndShortTermInvestments": "139074000",
            "totalCurrentLiabilities": "87430000",
            "currentDebt": "None",
            "netIncome": "-6613000",
            "capitalExpenditures": "2462000",
            "operatingCashflow": "6017000",
            "grossProfit": "64798000",
            "totalRevenue": "86538000",
            "sentiment": 0,
            "surprise": "0",
            "closePrice": "18.83"
        },
        {
            "fiscalDateEnding": "2015-12-31",
            "totalCurrentAssets": "171046000",
            "cashAndShortTermInvestments": "137588000",
            "totalCurrentLiabilities": "80574000",
            "currentDebt": "None",
            "netIncome": "-6941000",
            "capitalExpenditures": "6302000",
            "operatingCashflow": "-5996000",
            "grossProfit": "60577000",
            "totalRevenue": "83439000",
            "sentiment": 0,
            "surprise": "0.0084",
            "closePrice": "21.34"
        },
        {
            "fiscalDateEnding": "2015-09-30",
            "totalCurrentAssets": "162534000",
            "cashAndShortTermInvestments": "132311000",
            "totalCurrentLiabilities": "79851000",
            "currentDebt": "None",
            "netIncome": "-6336000",
            "capitalExpenditures": "4616000",
            "operatingCashflow": "-6336000",
            "grossProfit": "54447000",
            "totalRevenue": "76780000",
            "sentiment": 0,
            "surprise": "0.05",
            "closePrice": "19.35"
        },
        {
            "fiscalDateEnding": "2015-06-30",
            "totalCurrentAssets": "158498000",
            "cashAndShortTermInvestments": "132703000",
            "totalCurrentLiabilities": "87746000",
            "currentDebt": "None",
            "netIncome": "-8211000",
            "capitalExpenditures": "5028000",
            "operatingCashflow": "-8211000",
            "grossProfit": "49162000",
            "totalRevenue": "70691000",
            "sentiment": 0,
            "surprise": "0.03",
            "closePrice": "17.9"
        },
        {
            "fiscalDateEnding": "2015-03-31",
            "totalCurrentAssets": "158853000",
            "cashAndShortTermInvestments": "134706000",
            "totalCurrentLiabilities": "80863000",
            "currentDebt": "None",
            "netIncome": "-10611000",
            "capitalExpenditures": "3298000",
            "operatingCashflow": "-4623000",
            "grossProfit": "44771000",
            "totalRevenue": "65318000",
            "sentiment": 0,
            "surprise": "0.01",
            "closePrice": "17.09"
        },
        {
            "fiscalDateEnding": "2014-12-31",
            "totalCurrentAssets": "159789000",
            "cashAndShortTermInvestments": "139663000",
            "totalCurrentLiabilities": "76276000",
            "currentDebt": "None",
            "netIncome": "-10120000",
            "capitalExpenditures": "3494000",
            "operatingCashflow": "-9343000",
            "grossProfit": "41972000",
            "totalRevenue": "61894000",
            "sentiment": 0,
            "surprise": "0.01",
            "closePrice": "14.05"
        },
        {
            "fiscalDateEnding": "2014-09-30",
            "totalCurrentAssets": "167177000",
            "cashAndShortTermInvestments": "122687000",
            "totalCurrentLiabilities": "79878000",
            "currentDebt": "None",
            "netIncome": "-11986000",
            "capitalExpenditures": "4663000",
            "operatingCashflow": "-11986000",
            "grossProfit": "37539000",
            "totalRevenue": "56944000",
            "sentiment": 0,
            "surprise": "0.02",
            "closePrice": "12.37"
        },
        {
            "fiscalDateEnding": "2014-06-30",
            "totalCurrentAssets": "167835000",
            "cashAndShortTermInvestments": "151418000",
            "totalCurrentLiabilities": "60253000",
            "currentDebt": "None",
            "netIncome": "-13330000",
            "capitalExpenditures": "6997000",
            "operatingCashflow": "-12905000",
            "grossProfit": "33244000",
            "totalRevenue": "52311000",
            "sentiment": 0,
            "surprise": "0.01",
            "closePrice": "12.8"
        },
        {
            "fiscalDateEnding": "2014-03-31",
            "totalCurrentAssets": "179775000",
            "cashAndShortTermInvestments": "166826000",
            "totalCurrentLiabilities": "60917000",
            "currentDebt": "None",
            "netIncome": "-12904000",
            "capitalExpenditures": "3509000",
            "operatingCashflow": "-2463000",
            "grossProfit": "30359000",
            "totalRevenue": "47661000",
            "sentiment": 0,
            "surprise": "0",
            "closePrice": "14.52"
        },
        {
            "fiscalDateEnding": "2013-12-31",
            "totalCurrentAssets": "126748000",
            "cashAndShortTermInvestments": "116378000",
            "totalCurrentLiabilities": "51743000",
            "currentDebt": "None",
            "netIncome": "-13365000",
            "capitalExpenditures": "3082000",
            "operatingCashflow": "-3181000",
            "grossProfit": "28190000",
            "totalRevenue": "45342000",
            "sentiment": 0,
            "surprise": "0.02",
            "closePrice": "18.12"
        },
        {
            "fiscalDateEnding": "2013-09-30",
            "totalCurrentAssets": "41634000",
            "cashAndShortTermInvestments": "25452000",
            "totalCurrentLiabilities": "52506000",
            "currentDebt": "None",
            "netIncome": "-8852000",
            "capitalExpenditures": "3073000",
            "operatingCashflow": "-8852000",
            "grossProfit": "25966000",
            "totalRevenue": "40939000",
            "sentiment": 0,
            "surprise": "0.07",
            "closePrice": "19.1"
        }
    ]
}