{
    "ROG": [
        {
            "fiscalDateEnding": "2023-12-31",
            "totalCurrentAssets": "526900000",
            "cashAndShortTermInvestments": "131700000",
            "totalCurrentLiabilities": "116400000",
            "currentDebt": "400000",
            "netIncome": "23206000",
            "capitalExpenditures": "22461000",
            "operatingCashflow": "71878000",
            "grossProfit": "67422000",
            "totalRevenue": "206128000",
            "sentiment": 0.07515777526768311,
            "surprise": "-0.4",
            "closePrice": "116.23"
        },
        {
            "fiscalDateEnding": "2023-09-30",
            "totalCurrentAssets": "554797000",
            "cashAndShortTermInvestments": "126455000",
            "totalCurrentLiabilities": "116137000",
            "currentDebt": "345000",
            "netIncome": "19035000",
            "capitalExpenditures": "6658000",
            "operatingCashflow": "41981000",
            "grossProfit": "80360000",
            "totalRevenue": "226820000",
            "sentiment": 0.09834451358887558,
            "surprise": "0.1",
            "closePrice": "119.11"
        },
        {
            "fiscalDateEnding": "2023-06-30",
            "totalCurrentAssets": "582779000",
            "cashAndShortTermInvestments": "141452000",
            "totalCurrentLiabilities": "118580000",
            "currentDebt": "355000",
            "netIncome": "17864000",
            "capitalExpenditures": "11471000",
            "operatingCashflow": "15706000",
            "grossProfit": "79617000",
            "totalRevenue": "227984000",
            "sentiment": 0.41271651094509926,
            "surprise": "0.05",
            "closePrice": "156.03"
        },
        {
            "fiscalDateEnding": "2023-03-31",
            "totalCurrentAssets": "611881000",
            "cashAndShortTermInvestments": "193724000",
            "totalCurrentLiabilities": "127478000",
            "currentDebt": "380000",
            "netIncome": "-3505000",
            "capitalExpenditures": "16410000",
            "operatingCashflow": "1835000",
            "grossProfit": "79701000",
            "totalRevenue": "240367000",
            "sentiment": 0.22336208681279388,
            "surprise": "0.14",
            "closePrice": "155.6"
        },
        {
            "fiscalDateEnding": "2022-12-31",
            "totalCurrentAssets": "659900000",
            "cashAndShortTermInvestments": "235850000",
            "totalCurrentLiabilities": "142500000",
            "currentDebt": "498000",
            "netIncome": "67308000",
            "capitalExpenditures": "29788000",
            "operatingCashflow": "127627000",
            "grossProfit": "71039000",
            "totalRevenue": "217541000",
            "sentiment": 0.20076634334977797,
            "surprise": "0.18",
            "closePrice": "147.2"
        },
        {
            "fiscalDateEnding": "2022-09-30",
            "totalCurrentAssets": "637678000",
            "cashAndShortTermInvestments": "236461000",
            "totalCurrentLiabilities": "137916000",
            "currentDebt": "389000",
            "netIncome": "14838000",
            "capitalExpenditures": "33795000",
            "operatingCashflow": "13510000",
            "grossProfit": "78064000",
            "totalRevenue": "244289000",
            "sentiment": 0.26578974479240935,
            "surprise": "-0.16",
            "closePrice": "104.56"
        },
        {
            "fiscalDateEnding": "2022-06-30",
            "totalCurrentAssets": "635696000",
            "cashAndShortTermInvestments": "225332000",
            "totalCurrentLiabilities": "154948000",
            "currentDebt": "413000",
            "netIncome": "17883000",
            "capitalExpenditures": "24956000",
            "operatingCashflow": "2047000",
            "grossProfit": "86518000",
            "totalRevenue": "250422000",
            "sentiment": 0.12744275097098884,
            "surprise": "-0.21",
            "closePrice": "267.77"
        },
        {
            "fiscalDateEnding": "2022-03-31",
            "totalCurrentAssets": "576529000",
            "cashAndShortTermInvestments": "182144000",
            "totalCurrentLiabilities": "161166000",
            "currentDebt": "192000",
            "netIncome": "16600000",
            "capitalExpenditures": "28249000",
            "operatingCashflow": "-13723000",
            "grossProfit": "85394000",
            "totalRevenue": "247212000",
            "sentiment": 0.14731292448653302,
            "surprise": "0.39",
            "closePrice": "272.5"
        },
        {
            "fiscalDateEnding": "2021-12-31",
            "totalCurrentAssets": "584065000",
            "cashAndShortTermInvestments": "232296000",
            "totalCurrentLiabilities": "163949000",
            "currentDebt": "198000",
            "netIncome": "23131000",
            "capitalExpenditures": "27714000",
            "operatingCashflow": "18248000",
            "grossProfit": "78153000",
            "totalRevenue": "232575000",
            "sentiment": 0,
            "surprise": "0.17",
            "closePrice": "272.25"
        },
        {
            "fiscalDateEnding": "2021-09-30",
            "totalCurrentAssets": "554565000",
            "cashAndShortTermInvestments": "220901000",
            "totalCurrentLiabilities": "138242000",
            "currentDebt": "184000",
            "netIncome": "25129000",
            "capitalExpenditures": "21996000",
            "operatingCashflow": "39909000",
            "grossProfit": "91654000",
            "totalRevenue": "237822000",
            "sentiment": 0,
            "surprise": "-0.14",
            "closePrice": "269.9"
        },
        {
            "fiscalDateEnding": "2021-06-30",
            "totalCurrentAssets": "525125000",
            "cashAndShortTermInvestments": "203945000",
            "totalCurrentLiabilities": "127022000",
            "currentDebt": "219000",
            "netIncome": "28655000",
            "capitalExpenditures": "17813000",
            "operatingCashflow": "29685000",
            "grossProfit": "89833000",
            "totalRevenue": "234502000",
            "sentiment": 0,
            "surprise": "-0.17",
            "closePrice": "203.99"
        },
        {
            "fiscalDateEnding": "2021-03-31",
            "totalCurrentAssets": "505780000",
            "cashAndShortTermInvestments": "199109000",
            "totalCurrentLiabilities": "129562000",
            "currentDebt": "4453000",
            "netIncome": "31218000",
            "capitalExpenditures": "3602000",
            "operatingCashflow": "36521000",
            "grossProfit": "89499000",
            "totalRevenue": "228746000",
            "sentiment": 0,
            "surprise": "0.13",
            "closePrice": "189.48"
        },
        {
            "fiscalDateEnding": "2020-12-31",
            "totalCurrentAssets": "474175000",
            "cashAndShortTermInvestments": "191785000",
            "totalCurrentLiabilities": "111509000",
            "currentDebt": "4755000",
            "netIncome": "15205000",
            "capitalExpenditures": "11441000",
            "operatingCashflow": "51383000",
            "grossProfit": "80703000",
            "totalRevenue": "210672000",
            "sentiment": 0,
            "surprise": "0.16",
            "closePrice": "170.42"
        },
        {
            "fiscalDateEnding": "2020-09-30",
            "totalCurrentAssets": "474443000",
            "cashAndShortTermInvestments": "186123000",
            "totalCurrentLiabilities": "106356000",
            "currentDebt": "4433000",
            "netIncome": "7006000",
            "capitalExpenditures": "10794000",
            "operatingCashflow": "58714000",
            "grossProfit": "75518000",
            "totalRevenue": "198391000",
            "sentiment": 0,
            "surprise": "0.45",
            "closePrice": "102.98"
        },
        {
            "fiscalDateEnding": "2020-06-30",
            "totalCurrentAssets": "590690000",
            "cashAndShortTermInvestments": "298742000",
            "totalCurrentLiabilities": "96865000",
            "currentDebt": "4350000",
            "netIncome": "14520000",
            "capitalExpenditures": "6990000",
            "operatingCashflow": "46326000",
            "grossProfit": "69969000",
            "totalRevenue": "189378000",
            "sentiment": 0,
            "surprise": "0.23",
            "closePrice": "133.23"
        },
        {
            "fiscalDateEnding": "2020-03-31",
            "totalCurrentAssets": "621293000",
            "cashAndShortTermInvestments": "308277000",
            "totalCurrentLiabilities": "97339000",
            "currentDebt": "2797000",
            "netIncome": "13259000",
            "capitalExpenditures": "11160000",
            "operatingCashflow": "8633000",
            "grossProfit": "65630000",
            "totalRevenue": "197583000",
            "sentiment": 0,
            "surprise": "0.09",
            "closePrice": "111.04"
        },
        {
            "fiscalDateEnding": "2019-12-31",
            "totalCurrentAssets": "464102000",
            "cashAndShortTermInvestments": "166849000",
            "totalCurrentLiabilities": "100225000",
            "currentDebt": "2743000",
            "netIncome": "-28760000",
            "capitalExpenditures": "-38827000",
            "operatingCashflow": "45651000",
            "grossProfit": "64203000",
            "totalRevenue": "193768000",
            "sentiment": 0,
            "surprise": "0.08",
            "closePrice": "110.76"
        },
        {
            "fiscalDateEnding": "2019-09-30",
            "totalCurrentAssets": "458492000",
            "cashAndShortTermInvestments": "140747000",
            "totalCurrentLiabilities": "105189000",
            "currentDebt": "2853000",
            "netIncome": "23387000",
            "capitalExpenditures": "14801000",
            "operatingCashflow": "48171000",
            "grossProfit": "78867000",
            "totalRevenue": "220042000",
            "sentiment": 0,
            "surprise": "0.15",
            "closePrice": "149.95"
        },
        {
            "fiscalDateEnding": "2019-06-30",
            "totalCurrentAssets": "509859000",
            "cashAndShortTermInvestments": "173068000",
            "totalCurrentLiabilities": "112692000",
            "currentDebt": "3014000",
            "netIncome": "24293000",
            "capitalExpenditures": "11379000",
            "operatingCashflow": "50441000",
            "grossProfit": "85828000",
            "totalRevenue": "240752000",
            "sentiment": 0,
            "surprise": "0.09",
            "closePrice": "158.66"
        },
        {
            "fiscalDateEnding": "2019-03-31",
            "totalCurrentAssets": "503910000",
            "cashAndShortTermInvestments": "162074000",
            "totalCurrentLiabilities": "108365000",
            "currentDebt": "None",
            "netIncome": "28399000",
            "capitalExpenditures": "12647000",
            "operatingCashflow": "17060000",
            "grossProfit": "85394000",
            "totalRevenue": "239798000",
            "sentiment": 0,
            "surprise": "0.5",
            "closePrice": "167.52"
        },
        {
            "fiscalDateEnding": "2018-12-31",
            "totalCurrentAssets": "485786000",
            "cashAndShortTermInvestments": "167738000",
            "totalCurrentLiabilities": "107180000",
            "currentDebt": "420000",
            "netIncome": "24452000",
            "capitalExpenditures": "6877000",
            "operatingCashflow": "33396000",
            "grossProfit": "78375000",
            "totalRevenue": "222942000",
            "sentiment": 0,
            "surprise": "0.41",
            "closePrice": "136.59"
        },
        {
            "fiscalDateEnding": "2018-09-30",
            "totalCurrentAssets": "472325000",
            "cashAndShortTermInvestments": "149556000",
            "totalCurrentLiabilities": "107590000",
            "currentDebt": "436000",
            "netIncome": "19734000",
            "capitalExpenditures": "16380000",
            "operatingCashflow": "10606000",
            "grossProfit": "79130000",
            "totalRevenue": "226863000",
            "sentiment": 0,
            "surprise": "0.11",
            "closePrice": "131.5"
        },
        {
            "fiscalDateEnding": "2018-06-30",
            "totalCurrentAssets": "485429000",
            "cashAndShortTermInvestments": "174700000",
            "totalCurrentLiabilities": "98744000",
            "currentDebt": "600000",
            "netIncome": "17329000",
            "capitalExpenditures": "11055000",
            "operatingCashflow": "14050000",
            "grossProfit": "76672000",
            "totalRevenue": "214675000",
            "sentiment": 0,
            "surprise": "-0.13",
            "closePrice": "116.57"
        },
        {
            "fiscalDateEnding": "2018-03-31",
            "totalCurrentAssets": "475785000",
            "cashAndShortTermInvestments": "173019000",
            "totalCurrentLiabilities": "99894000",
            "currentDebt": "604000",
            "netIncome": "26136000",
            "capitalExpenditures": "9122000",
            "operatingCashflow": "8768000",
            "grossProfit": "76606000",
            "totalRevenue": "214611000",
            "sentiment": 0,
            "surprise": "0.09",
            "closePrice": "117.12"
        },
        {
            "fiscalDateEnding": "2017-12-31",
            "totalCurrentAssets": "454523000",
            "cashAndShortTermInvestments": "181159000",
            "totalCurrentLiabilities": "113808000",
            "currentDebt": "579000",
            "netIncome": "6999000",
            "capitalExpenditures": "-17678000",
            "operatingCashflow": "39131000",
            "grossProfit": "75491000",
            "totalRevenue": "209008000",
            "sentiment": 0,
            "surprise": "-0.06",
            "closePrice": "155.96"
        },
        {
            "fiscalDateEnding": "2017-09-30",
            "totalCurrentAssets": "425920000",
            "cashAndShortTermInvestments": "150993000",
            "totalCurrentLiabilities": "113987000",
            "currentDebt": "399000",
            "netIncome": "25532000",
            "capitalExpenditures": "7982000",
            "operatingCashflow": "35362000",
            "grossProfit": "82188000",
            "totalRevenue": "206783000",
            "sentiment": 0,
            "surprise": "0.12",
            "closePrice": "145.19"
        },
        {
            "fiscalDateEnding": "2017-06-30",
            "totalCurrentAssets": "441441000",
            "cashAndShortTermInvestments": "177312000",
            "totalCurrentLiabilities": "107211000",
            "currentDebt": "383000",
            "netIncome": "20896000",
            "capitalExpenditures": "4426000",
            "operatingCashflow": "41255000",
            "grossProfit": "80546000",
            "totalRevenue": "201424000",
            "sentiment": 0,
            "surprise": "0.11",
            "closePrice": "117.97"
        },
        {
            "fiscalDateEnding": "2017-03-31",
            "totalCurrentAssets": "440356000",
            "cashAndShortTermInvestments": "186111000",
            "totalCurrentLiabilities": "97116000",
            "currentDebt": "356000",
            "netIncome": "27032000",
            "capitalExpenditures": "5270000",
            "operatingCashflow": "23234000",
            "grossProfit": "80350000",
            "totalRevenue": "203828000",
            "sentiment": 0,
            "surprise": "0.53",
            "closePrice": "92.47"
        },
        {
            "fiscalDateEnding": "2016-12-31",
            "totalCurrentAssets": "458401000",
            "cashAndShortTermInvestments": "227767000",
            "totalCurrentLiabilities": "101185000",
            "currentDebt": "4003000",
            "netIncome": "11913000",
            "capitalExpenditures": "3210000",
            "operatingCashflow": "22744000",
            "grossProfit": "66849000",
            "totalRevenue": "175819000",
            "sentiment": 0,
            "surprise": "0.12",
            "closePrice": "86.55"
        },
        {
            "fiscalDateEnding": "2016-09-30",
            "totalCurrentAssets": "392960000",
            "cashAndShortTermInvestments": "173516000",
            "totalCurrentLiabilities": "94178000",
            "currentDebt": "3653000",
            "netIncome": "16065000",
            "capitalExpenditures": "4934000",
            "operatingCashflow": "42919000",
            "grossProfit": "61929000",
            "totalRevenue": "164659000",
            "sentiment": 0,
            "surprise": "0.27",
            "closePrice": "56.17"
        },
        {
            "fiscalDateEnding": "2016-06-30",
            "totalCurrentAssets": "468098000",
            "cashAndShortTermInvestments": "247397000",
            "totalCurrentLiabilities": "88538000",
            "currentDebt": "3653000",
            "netIncome": "5377000",
            "capitalExpenditures": "5179000",
            "operatingCashflow": "25117000",
            "grossProfit": "60199000",
            "totalRevenue": "156489000",
            "sentiment": 0,
            "surprise": "-0.05",
            "closePrice": "67.28"
        },
        {
            "fiscalDateEnding": "2016-03-31",
            "totalCurrentAssets": "450318000",
            "cashAndShortTermInvestments": "229203000",
            "totalCurrentLiabilities": "84235000",
            "currentDebt": "3309000",
            "netIncome": "14928000",
            "capitalExpenditures": "4813000",
            "operatingCashflow": "26187000",
            "grossProfit": "60508000",
            "totalRevenue": "159566000",
            "sentiment": 0,
            "surprise": "0.22",
            "closePrice": "58.66"
        },
        {
            "fiscalDateEnding": "2015-12-31",
            "totalCurrentAssets": "428665000",
            "cashAndShortTermInvestments": "204586000",
            "totalCurrentLiabilities": "78648000",
            "currentDebt": "3722000",
            "netIncome": "6578000",
            "capitalExpenditures": "3263000",
            "operatingCashflow": "28361000",
            "grossProfit": "52604000",
            "totalRevenue": "152928000",
            "sentiment": 0,
            "surprise": "0.14",
            "closePrice": "45.5"
        },
        {
            "fiscalDateEnding": "2015-09-30",
            "totalCurrentAssets": "424479000",
            "cashAndShortTermInvestments": "192606000",
            "totalCurrentLiabilities": "88326000",
            "currentDebt": "3381000",
            "netIncome": "12546000",
            "capitalExpenditures": "7300000",
            "operatingCashflow": "14894000",
            "grossProfit": "59672000",
            "totalRevenue": "159366000",
            "sentiment": 0,
            "surprise": "0.07",
            "closePrice": "52.98"
        },
        {
            "fiscalDateEnding": "2015-06-30",
            "totalCurrentAssets": "441136000",
            "cashAndShortTermInvestments": "209762000",
            "totalCurrentLiabilities": "87720000",
            "currentDebt": "3440000",
            "netIncome": "13554000",
            "capitalExpenditures": "5788000",
            "operatingCashflow": "13540000",
            "grossProfit": "60661000",
            "totalRevenue": "161898000",
            "sentiment": 0,
            "surprise": "0.05",
            "closePrice": "52.52"
        },
        {
            "fiscalDateEnding": "2015-03-31",
            "totalCurrentAssets": "435166000",
            "cashAndShortTermInvestments": "199858000",
            "totalCurrentLiabilities": "138560000",
            "currentDebt": "43162000",
            "netIncome": "13643000",
            "capitalExpenditures": "8486000",
            "operatingCashflow": "17782000",
            "grossProfit": "62425000",
            "totalRevenue": "164151000",
            "sentiment": 0,
            "surprise": "0.14",
            "closePrice": "75.45"
        },
        {
            "fiscalDateEnding": "2014-12-31",
            "totalCurrentAssets": "438174000",
            "cashAndShortTermInvestments": "237375000",
            "totalCurrentLiabilities": "120445000",
            "currentDebt": "35747000",
            "netIncome": "7542000",
            "capitalExpenditures": "9967000",
            "operatingCashflow": "27740000",
            "grossProfit": "58335000",
            "totalRevenue": "147724000",
            "sentiment": 0,
            "surprise": "0.17",
            "closePrice": "80.72"
        },
        {
            "fiscalDateEnding": "2014-09-30",
            "totalCurrentAssets": "438067000",
            "cashAndShortTermInvestments": "227973000",
            "totalCurrentLiabilities": "121311000",
            "currentDebt": "28277000",
            "netIncome": "20388000",
            "capitalExpenditures": "8451000",
            "operatingCashflow": "27794000",
            "grossProfit": "64548000",
            "totalRevenue": "162452000",
            "sentiment": 0,
            "surprise": "0.37",
            "closePrice": "58.09"
        },
        {
            "fiscalDateEnding": "2014-06-30",
            "totalCurrentAssets": "418636000",
            "cashAndShortTermInvestments": "218692000",
            "totalCurrentLiabilities": "97795000",
            "currentDebt": "20842000",
            "netIncome": "10902000",
            "capitalExpenditures": "8104000",
            "operatingCashflow": "11889000",
            "grossProfit": "57138000",
            "totalRevenue": "152895000",
            "sentiment": 0,
            "surprise": "0.02",
            "closePrice": "61.0"
        },
        {
            "fiscalDateEnding": "2014-03-31",
            "totalCurrentAssets": "407568000",
            "cashAndShortTermInvestments": "216458000",
            "totalCurrentLiabilities": "93764000",
            "currentDebt": "19600000",
            "netIncome": "14580000",
            "capitalExpenditures": "2233000",
            "operatingCashflow": "17784000",
            "grossProfit": "53919000",
            "totalRevenue": "146061000",
            "sentiment": 0,
            "surprise": "0.06",
            "closePrice": "58.7"
        },
        {
            "fiscalDateEnding": "2013-12-31",
            "totalCurrentAssets": "377707000",
            "cashAndShortTermInvestments": "191884000",
            "totalCurrentLiabilities": "90040000",
            "currentDebt": "18349000",
            "netIncome": "12071000",
            "capitalExpenditures": "3310000",
            "operatingCashflow": "32911000",
            "grossProfit": "50796000",
            "totalRevenue": "136231000",
            "sentiment": 0,
            "surprise": "0.05",
            "closePrice": "62.54"
        },
        {
            "fiscalDateEnding": "2013-09-30",
            "totalCurrentAssets": "356767000",
            "cashAndShortTermInvestments": "158608000",
            "totalCurrentLiabilities": "86439000",
            "currentDebt": "17084000",
            "netIncome": "13572000",
            "capitalExpenditures": "3012000",
            "operatingCashflow": "14536000",
            "grossProfit": "51186000",
            "totalRevenue": "142220000",
            "sentiment": 0,
            "surprise": "0.1",
            "closePrice": "57.93"
        },
        {
            "fiscalDateEnding": "2013-06-30",
            "totalCurrentAssets": "326189000",
            "cashAndShortTermInvestments": "137015000",
            "totalCurrentLiabilities": "87308000",
            "currentDebt": "24004000",
            "netIncome": "5565000",
            "capitalExpenditures": "2831000",
            "operatingCashflow": "10618000",
            "grossProfit": "44429000",
            "totalRevenue": "131852000",
            "sentiment": 0,
            "surprise": "-0.01",
            "closePrice": "52.7"
        },
        {
            "fiscalDateEnding": "2013-03-31",
            "totalCurrentAssets": "310088000",
            "cashAndShortTermInvestments": "126414000",
            "totalCurrentLiabilities": "87562000",
            "currentDebt": "22935000",
            "netIncome": "7096000",
            "capitalExpenditures": "7706000",
            "operatingCashflow": "19950000",
            "grossProfit": "41289000",
            "totalRevenue": "125353000",
            "sentiment": 0,
            "surprise": "-0.05",
            "closePrice": "42.64"
        },
        {
            "fiscalDateEnding": "2012-12-31",
            "totalCurrentAssets": "306936000",
            "cashAndShortTermInvestments": "115813000",
            "totalCurrentLiabilities": "84505000",
            "currentDebt": "21923000",
            "netIncome": "5063000",
            "capitalExpenditures": "7309000",
            "operatingCashflow": "24517000",
            "grossProfit": "42711000",
            "totalRevenue": "124176000",
            "sentiment": 0,
            "surprise": "0.02",
            "closePrice": "48.6"
        },
        {
            "fiscalDateEnding": "2012-09-30",
            "totalCurrentAssets": "289987000",
            "cashAndShortTermInvestments": "92030000",
            "totalCurrentLiabilities": "87716000",
            "currentDebt": "18342000",
            "netIncome": "58976000",
            "capitalExpenditures": "5698000",
            "operatingCashflow": "11221000",
            "grossProfit": "42977000",
            "totalRevenue": "129148000",
            "sentiment": 0,
            "surprise": "0.05",
            "closePrice": "41.9"
        },
        {
            "fiscalDateEnding": "2012-06-30",
            "totalCurrentAssets": "282980000",
            "cashAndShortTermInvestments": "95786000",
            "totalCurrentLiabilities": "94814000",
            "currentDebt": "29060000",
            "netIncome": "6455000",
            "capitalExpenditures": "6586000",
            "operatingCashflow": "6327000",
            "grossProfit": "36654000",
            "totalRevenue": "125571000",
            "sentiment": 0,
            "surprise": "0.07",
            "closePrice": "35.85"
        },
        {
            "fiscalDateEnding": "2012-03-31",
            "totalCurrentAssets": "284973000",
            "cashAndShortTermInvestments": "93517000",
            "totalCurrentLiabilities": "96950000",
            "currentDebt": "27384000",
            "netIncome": "-1808000",
            "capitalExpenditures": "4181000",
            "operatingCashflow": "-2026000",
            "grossProfit": "36404000",
            "totalRevenue": "120573000",
            "sentiment": 0,
            "surprise": "-0.01",
            "closePrice": "37.22"
        },
        {
            "fiscalDateEnding": "2011-12-31",
            "totalCurrentAssets": "265632000",
            "cashAndShortTermInvestments": "79728000",
            "totalCurrentLiabilities": "78797000",
            "currentDebt": "9096000",
            "netIncome": "1136000",
            "capitalExpenditures": "8838000",
            "operatingCashflow": "19605000",
            "grossProfit": "37174000",
            "totalRevenue": "125251000",
            "sentiment": 0,
            "surprise": "0.14",
            "closePrice": "41.88"
        },
        {
            "fiscalDateEnding": "2011-09-30",
            "totalCurrentAssets": "278505000",
            "cashAndShortTermInvestments": "71148000",
            "totalCurrentLiabilities": "89225000",
            "currentDebt": "7907000",
            "netIncome": "14356000",
            "capitalExpenditures": "4472000",
            "operatingCashflow": "3616000",
            "grossProfit": "50906000",
            "totalRevenue": "147608000",
            "sentiment": 0,
            "surprise": "0.02",
            "closePrice": "43.17"
        },
        {
            "fiscalDateEnding": "2011-06-30",
            "totalCurrentAssets": "268104000",
            "cashAndShortTermInvestments": "75351000",
            "totalCurrentLiabilities": "76777000",
            "currentDebt": "1786000",
            "netIncome": "12128000",
            "capitalExpenditures": "3945000",
            "operatingCashflow": "13592000",
            "grossProfit": "48452000",
            "totalRevenue": "143965000",
            "sentiment": 0,
            "surprise": "0.04",
            "closePrice": "48.02"
        }
    ]
}