{
    "RPD": [
        {
            "fiscalDateEnding": "2023-12-31",
            "totalCurrentAssets": "634450000",
            "cashAndShortTermInvestments": "383173000",
            "totalCurrentLiabilities": "569792000",
            "currentDebt": "None",
            "netIncome": "20048000",
            "capitalExpenditures": "3212000",
            "operatingCashflow": "63466000",
            "grossProfit": "145520000",
            "totalRevenue": "139168000",
            "sentiment": 0.12147934380624405,
            "surprise": "0.24",
            "closePrice": "56.99"
        },
        {
            "fiscalDateEnding": "2023-09-30",
            "totalCurrentAssets": "535847000",
            "cashAndShortTermInvestments": "322161000",
            "totalCurrentLiabilities": "507597000",
            "currentDebt": "None",
            "netIncome": "-76611000",
            "capitalExpenditures": "4247000",
            "operatingCashflow": "3665000",
            "grossProfit": "141013000",
            "totalRevenue": "198843000",
            "sentiment": 0.22264762793202694,
            "surprise": "0.08",
            "closePrice": "45.87"
        },
        {
            "fiscalDateEnding": "2023-06-30",
            "totalCurrentAssets": "524926000",
            "cashAndShortTermInvestments": "293502000",
            "totalCurrentLiabilities": "520451000",
            "currentDebt": "None",
            "netIncome": "-66782000",
            "capitalExpenditures": "5724000",
            "operatingCashflow": "31305000",
            "grossProfit": "132258000",
            "totalRevenue": "190422000",
            "sentiment": 0.20689048667246104,
            "surprise": "0.07",
            "closePrice": "39.79"
        },
        {
            "fiscalDateEnding": "2023-03-31",
            "totalCurrentAssets": "454621000",
            "cashAndShortTermInvestments": "262240000",
            "totalCurrentLiabilities": "493674000",
            "currentDebt": "None",
            "netIncome": "-25915000",
            "capitalExpenditures": "7061000",
            "operatingCashflow": "5842000",
            "grossProfit": "127175000",
            "totalRevenue": "183174000",
            "sentiment": 0.11026714664963767,
            "surprise": "0.07",
            "closePrice": "44.25"
        },
        {
            "fiscalDateEnding": "2022-12-31",
            "totalCurrentAssets": "510307000",
            "cashAndShortTermInvestments": "291449000",
            "totalCurrentLiabilities": "531267000",
            "currentDebt": "None",
            "netIncome": "-11385000",
            "capitalExpenditures": "11792000",
            "operatingCashflow": "40242000",
            "grossProfit": "129544000",
            "totalRevenue": "184479000",
            "sentiment": 0.1841387136696798,
            "surprise": "0.17",
            "closePrice": "51.47"
        },
        {
            "fiscalDateEnding": "2022-09-30",
            "totalCurrentAssets": "439310000",
            "cashAndShortTermInvestments": "251584000",
            "totalCurrentLiabilities": "487164000",
            "currentDebt": "None",
            "netIncome": "-28727000",
            "capitalExpenditures": "10453000",
            "operatingCashflow": "20110000",
            "grossProfit": "121915000",
            "totalRevenue": "175765000",
            "sentiment": 0.2151433834307792,
            "surprise": "0.08",
            "closePrice": "39.07"
        },
        {
            "fiscalDateEnding": "2022-06-30",
            "totalCurrentAssets": "430002000",
            "cashAndShortTermInvestments": "239713000",
            "totalCurrentLiabilities": "483670000",
            "currentDebt": "None",
            "netIncome": "-39606000",
            "capitalExpenditures": "8707000",
            "operatingCashflow": "7449000",
            "grossProfit": "113180000",
            "totalRevenue": "167455000",
            "sentiment": -0.009054907025155432,
            "surprise": "0.02",
            "closePrice": "71.78"
        },
        {
            "fiscalDateEnding": "2022-03-31",
            "totalCurrentAssets": "410875000",
            "cashAndShortTermInvestments": "234520000",
            "totalCurrentLiabilities": "459603000",
            "currentDebt": "None",
            "netIncome": "-44999000",
            "capitalExpenditures": "6575000",
            "operatingCashflow": "10403000",
            "grossProfit": "106095000",
            "totalRevenue": "157384000",
            "sentiment": 0.07730746624436158,
            "surprise": "-0.01",
            "closePrice": "94.71"
        },
        {
            "fiscalDateEnding": "2021-12-31",
            "totalCurrentAssets": "432736000",
            "cashAndShortTermInvestments": "223432000",
            "totalCurrentLiabilities": "468680000",
            "currentDebt": "None",
            "netIncome": "-44625000",
            "capitalExpenditures": "6867000",
            "operatingCashflow": "4688000",
            "grossProfit": "101758000",
            "totalRevenue": "151638000",
            "sentiment": 0,
            "surprise": "0.01",
            "closePrice": "100.35"
        },
        {
            "fiscalDateEnding": "2021-09-30",
            "totalCurrentAssets": "453966000",
            "cashAndShortTermInvestments": "304249000",
            "totalCurrentLiabilities": "436542000",
            "currentDebt": "44804000",
            "netIncome": "-37700000",
            "capitalExpenditures": "5121000",
            "operatingCashflow": "19448000",
            "grossProfit": "96424000",
            "totalRevenue": "139894000",
            "sentiment": 0,
            "surprise": "0.13",
            "closePrice": "128.8"
        },
        {
            "fiscalDateEnding": "2021-06-30",
            "totalCurrentAssets": "757850000",
            "cashAndShortTermInvestments": "607852000",
            "totalCurrentLiabilities": "414200000",
            "currentDebt": "44730000",
            "netIncome": "-34164000",
            "capitalExpenditures": "4146000",
            "operatingCashflow": "9186000",
            "grossProfit": "87113000",
            "totalRevenue": "126421000",
            "sentiment": 0,
            "surprise": "0.04",
            "closePrice": "116.46"
        },
        {
            "fiscalDateEnding": "2021-03-31",
            "totalCurrentAssets": "734055000",
            "cashAndShortTermInvestments": "605800000",
            "totalCurrentLiabilities": "343735000",
            "currentDebt": "None",
            "netIncome": "-29845000",
            "capitalExpenditures": "2730000",
            "operatingCashflow": "20595000",
            "grossProfit": "81162000",
            "totalRevenue": "117451000",
            "sentiment": 0,
            "surprise": "0.03",
            "closePrice": "73.55"
        },
        {
            "fiscalDateEnding": "2020-12-31",
            "totalCurrentAssets": "473435000",
            "cashAndShortTermInvestments": "312456000",
            "totalCurrentLiabilities": "353734000",
            "currentDebt": "None",
            "netIncome": "-28918000",
            "capitalExpenditures": "8400000",
            "operatingCashflow": "582000",
            "grossProfit": "79465000",
            "totalRevenue": "113159000",
            "sentiment": 0,
            "surprise": "0.01",
            "closePrice": "90.24"
        },
        {
            "fiscalDateEnding": "2020-09-30",
            "totalCurrentAssets": "434033000",
            "cashAndShortTermInvestments": "320618000",
            "totalCurrentLiabilities": "298281000",
            "currentDebt": "None",
            "netIncome": "-25541000",
            "capitalExpenditures": "4629000",
            "operatingCashflow": "11078000",
            "grossProfit": "74047000",
            "totalRevenue": "105075000",
            "sentiment": 0,
            "surprise": "-0.4579",
            "closePrice": "66.29"
        },
        {
            "fiscalDateEnding": "2020-06-30",
            "totalCurrentAssets": "431626000",
            "cashAndShortTermInvestments": "315656000",
            "totalCurrentLiabilities": "279997000",
            "currentDebt": "None",
            "netIncome": "-21466000",
            "capitalExpenditures": "2673000",
            "operatingCashflow": "442000",
            "grossProfit": "69831000",
            "totalRevenue": "98912000",
            "sentiment": 0,
            "surprise": "0.06",
            "closePrice": "59.58"
        },
        {
            "fiscalDateEnding": "2020-03-31",
            "totalCurrentAssets": "342316000",
            "cashAndShortTermInvestments": "240818000",
            "totalCurrentLiabilities": "264881000",
            "currentDebt": "8866000",
            "netIncome": "-22924000",
            "capitalExpenditures": "4230000",
            "operatingCashflow": "-7215000",
            "grossProfit": "66626000",
            "totalRevenue": "94340000",
            "sentiment": 0,
            "surprise": "0.01",
            "closePrice": "50.8"
        },
        {
            "fiscalDateEnding": "2019-12-31",
            "totalCurrentAssets": "364596000",
            "cashAndShortTermInvestments": "239571000",
            "totalCurrentLiabilities": "286673000",
            "currentDebt": "7179000",
            "netIncome": "-14346000",
            "capitalExpenditures": "3776000",
            "operatingCashflow": "7824000",
            "grossProfit": "66286000",
            "totalRevenue": "91648000",
            "sentiment": 0,
            "surprise": "0.04",
            "closePrice": "62.38"
        },
        {
            "fiscalDateEnding": "2019-09-30",
            "totalCurrentAssets": "339894000",
            "cashAndShortTermInvestments": "246740000",
            "totalCurrentLiabilities": "246782000",
            "currentDebt": "6460000",
            "netIncome": "-14406000",
            "capitalExpenditures": "10875000",
            "operatingCashflow": "1839000",
            "grossProfit": "59525000",
            "totalRevenue": "83155000",
            "sentiment": 0,
            "surprise": "0.03",
            "closePrice": "48.94"
        },
        {
            "fiscalDateEnding": "2019-06-30",
            "totalCurrentAssets": "344263000",
            "cashAndShortTermInvestments": "245707000",
            "totalCurrentLiabilities": "251275000",
            "currentDebt": "6057000",
            "netIncome": "-13420000",
            "capitalExpenditures": "10800000",
            "operatingCashflow": "2483000",
            "grossProfit": "56778000",
            "totalRevenue": "78959000",
            "sentiment": 0,
            "surprise": "0.09",
            "closePrice": "61.06"
        },
        {
            "fiscalDateEnding": "2019-03-31",
            "totalCurrentAssets": "339943000",
            "cashAndShortTermInvestments": "251469000",
            "totalCurrentLiabilities": "228428000",
            "currentDebt": "None",
            "netIncome": "-11673000",
            "capitalExpenditures": "10064000",
            "operatingCashflow": "-13566000",
            "grossProfit": "53212000",
            "totalRevenue": "73185000",
            "sentiment": 0,
            "surprise": "0.1",
            "closePrice": "52.88"
        },
        {
            "fiscalDateEnding": "2018-12-31",
            "totalCurrentAssets": "355777000",
            "cashAndShortTermInvestments": "258775000",
            "totalCurrentLiabilities": "234986000",
            "currentDebt": "None",
            "netIncome": "-13020000",
            "capitalExpenditures": "5169000",
            "operatingCashflow": "11934000",
            "grossProfit": "49484000",
            "totalRevenue": "68770000",
            "sentiment": 0,
            "surprise": "0.04",
            "closePrice": "39.95"
        },
        {
            "fiscalDateEnding": "2018-09-30",
            "totalCurrentAssets": "347556000",
            "cashAndShortTermInvestments": "271793000",
            "totalCurrentLiabilities": "190404000",
            "currentDebt": "None",
            "netIncome": "-11831000",
            "capitalExpenditures": "3846000",
            "operatingCashflow": "-4050000",
            "grossProfit": "44555000",
            "totalRevenue": "62365000",
            "sentiment": 0,
            "surprise": "0.09",
            "closePrice": "33.52"
        },
        {
            "fiscalDateEnding": "2018-06-30",
            "totalCurrentAssets": "185883000",
            "cashAndShortTermInvestments": "114714000",
            "totalCurrentLiabilities": "181157000",
            "currentDebt": "None",
            "netIncome": "-14333000",
            "capitalExpenditures": "4223000",
            "operatingCashflow": "-9114000",
            "grossProfit": "41048000",
            "totalRevenue": "58441000",
            "sentiment": 0,
            "surprise": "0.05",
            "closePrice": "29.91"
        },
        {
            "fiscalDateEnding": "2018-03-31",
            "totalCurrentAssets": "188809000",
            "cashAndShortTermInvestments": "129276000",
            "totalCurrentLiabilities": "166191000",
            "currentDebt": "None",
            "netIncome": "-16361000",
            "capitalExpenditures": "2840000",
            "operatingCashflow": "7296000",
            "grossProfit": "37921000",
            "totalRevenue": "54515000",
            "sentiment": 0,
            "surprise": "0.01",
            "closePrice": "31.07"
        },
        {
            "fiscalDateEnding": "2017-12-31",
            "totalCurrentAssets": "173278000",
            "cashAndShortTermInvestments": "90740000",
            "totalCurrentLiabilities": "189485000",
            "currentDebt": "None",
            "netIncome": "-13004000",
            "capitalExpenditures": "1724000",
            "operatingCashflow": "8202000",
            "grossProfit": "40531000",
            "totalRevenue": "57731000",
            "sentiment": 0,
            "surprise": "0",
            "closePrice": "23.15"
        },
        {
            "fiscalDateEnding": "2017-09-30",
            "totalCurrentAssets": "141317000",
            "cashAndShortTermInvestments": "83880000",
            "totalCurrentLiabilities": "161815000",
            "currentDebt": "None",
            "netIncome": "-10284000",
            "capitalExpenditures": "1368000",
            "operatingCashflow": "6644000",
            "grossProfit": "36154000",
            "totalRevenue": "50521000",
            "sentiment": 0,
            "surprise": "0.02",
            "closePrice": "17.72"
        },
        {
            "fiscalDateEnding": "2017-06-30",
            "totalCurrentAssets": "140733000",
            "cashAndShortTermInvestments": "84281000",
            "totalCurrentLiabilities": "150343000",
            "currentDebt": "None",
            "netIncome": "-11637000",
            "capitalExpenditures": "1559000",
            "operatingCashflow": "-10537000",
            "grossProfit": "34364000",
            "totalRevenue": "47443000",
            "sentiment": 0,
            "surprise": "0.05",
            "closePrice": "15.06"
        },
        {
            "fiscalDateEnding": "2017-03-31",
            "totalCurrentAssets": "120668000",
            "cashAndShortTermInvestments": "79223000",
            "totalCurrentLiabilities": "137644000",
            "currentDebt": "None",
            "netIncome": "-10545000",
            "capitalExpenditures": "1335000",
            "operatingCashflow": "6282000",
            "grossProfit": "32981000",
            "totalRevenue": "45245000",
            "sentiment": 0,
            "surprise": "0.1",
            "closePrice": "17.99"
        },
        {
            "fiscalDateEnding": "2016-12-31",
            "totalCurrentAssets": "130233000",
            "cashAndShortTermInvestments": "71927000",
            "totalCurrentLiabilities": "145609000",
            "currentDebt": "None",
            "netIncome": "-9774000",
            "capitalExpenditures": "1192000",
            "operatingCashflow": "5328000",
            "grossProfit": "33352000",
            "totalRevenue": "45034000",
            "sentiment": 0,
            "surprise": "0.14",
            "closePrice": "12.56"
        },
        {
            "fiscalDateEnding": "2016-09-30",
            "totalCurrentAssets": "132706000",
            "cashAndShortTermInvestments": "87715000",
            "totalCurrentLiabilities": "130916000",
            "currentDebt": "None",
            "netIncome": "-10194000",
            "capitalExpenditures": "1465000",
            "operatingCashflow": "-8994000",
            "grossProfit": "30301000",
            "totalRevenue": "40339000",
            "sentiment": 0,
            "surprise": "0.07",
            "closePrice": "14.23"
        },
        {
            "fiscalDateEnding": "2016-06-30",
            "totalCurrentAssets": "130601000",
            "cashAndShortTermInvestments": "84755000",
            "totalCurrentLiabilities": "124405000",
            "currentDebt": "None",
            "netIncome": "-13452000",
            "capitalExpenditures": "750000",
            "operatingCashflow": "-12352000",
            "grossProfit": "27975000",
            "totalRevenue": "37268000",
            "sentiment": 0,
            "surprise": "0.02",
            "closePrice": "13.96"
        },
        {
            "fiscalDateEnding": "2016-03-31",
            "totalCurrentAssets": "119943000",
            "cashAndShortTermInvestments": "83508000",
            "totalCurrentLiabilities": "106929000",
            "currentDebt": "None",
            "netIncome": "-15580000",
            "capitalExpenditures": "1092000",
            "operatingCashflow": "-3085000",
            "grossProfit": "26084000",
            "totalRevenue": "34796000",
            "sentiment": 0,
            "surprise": "0.01",
            "closePrice": "11.42"
        },
        {
            "fiscalDateEnding": "2015-12-31",
            "totalCurrentAssets": "136865000",
            "cashAndShortTermInvestments": "86553000",
            "totalCurrentLiabilities": "115767000",
            "currentDebt": "None",
            "netIncome": "-21106000",
            "capitalExpenditures": "1297000",
            "operatingCashflow": "-169000",
            "grossProfit": "23891000",
            "totalRevenue": "32853000",
            "sentiment": 0,
            "surprise": "0.05",
            "closePrice": "9.98"
        },
        {
            "fiscalDateEnding": "2015-09-30",
            "totalCurrentAssets": "160118000",
            "cashAndShortTermInvestments": "123984000",
            "totalCurrentLiabilities": "93970000",
            "currentDebt": "None",
            "netIncome": "-11825000",
            "capitalExpenditures": "1644000",
            "operatingCashflow": "-10725000",
            "grossProfit": "21249000",
            "totalRevenue": "28312000",
            "sentiment": 0,
            "surprise": "0.08",
            "closePrice": "20.9"
        },
        {
            "fiscalDateEnding": "2015-06-30",
            "totalCurrentAssets": "59660000",
            "cashAndShortTermInvestments": "27000000",
            "totalCurrentLiabilities": "86762000",
            "currentDebt": "3976000",
            "netIncome": "-9244000",
            "capitalExpenditures": "622000",
            "operatingCashflow": "-8244000",
            "grossProfit": "19063000",
            "totalRevenue": "25790000",
            "sentiment": 0,
            "surprise": "0.23",
            "closePrice": "24.38"
        }
    ]
}