{
    "RUN": [
        {
            "fiscalDateEnding": "2023-12-31",
            "totalCurrentAssets": "1882259000",
            "cashAndShortTermInvestments": "678821000",
            "totalCurrentLiabilities": "1488159000",
            "currentDebt": "22053000",
            "netIncome": "-350124000",
            "capitalExpenditures": "4662000",
            "operatingCashflow": "-116007000",
            "grossProfit": "143819000",
            "totalRevenue": "517966000",
            "sentiment": 0.15220389078879415,
            "surprise": "-1.31",
            "closePrice": "15.58"
        },
        {
            "fiscalDateEnding": "2023-09-30",
            "totalCurrentAssets": "1928518000",
            "cashAndShortTermInvestments": "643787000",
            "totalCurrentLiabilities": "1423268000",
            "currentDebt": "18611000",
            "netIncome": "-1069459000",
            "capitalExpenditures": "4666000",
            "operatingCashflow": "-63240000",
            "grossProfit": "-837922000",
            "totalRevenue": "563181000",
            "sentiment": 0.18651530245885203,
            "surprise": "-4.72",
            "closePrice": "9.49"
        },
        {
            "fiscalDateEnding": "2023-06-30",
            "totalCurrentAssets": "2083076000",
            "cashAndShortTermInvestments": "669094000",
            "totalCurrentLiabilities": "1421682000",
            "currentDebt": "16058000",
            "netIncome": "55474000",
            "capitalExpenditures": "7636000",
            "operatingCashflow": "-202170000",
            "grossProfit": "323507000",
            "totalRevenue": "589659000",
            "sentiment": 0.19969324774805783,
            "surprise": "0.38",
            "closePrice": "17.84"
        },
        {
            "fiscalDateEnding": "2023-03-31",
            "totalCurrentAssets": "2084272000",
            "cashAndShortTermInvestments": "628536000",
            "totalCurrentLiabilities": "1150017000",
            "currentDebt": "12460000",
            "netIncome": "-240388000",
            "capitalExpenditures": "3996000",
            "operatingCashflow": "-439323000",
            "grossProfit": "212022000",
            "totalRevenue": "589849000",
            "sentiment": 0.315888897629263,
            "surprise": "-1",
            "closePrice": "20.05"
        },
        {
            "fiscalDateEnding": "2022-12-31",
            "totalCurrentAssets": "2097643000",
            "cashAndShortTermInvestments": "740508000",
            "totalCurrentLiabilities": "1155451000",
            "currentDebt": "11444000",
            "netIncome": "63021000",
            "capitalExpenditures": "7383000",
            "operatingCashflow": "-304673000",
            "grossProfit": "247588000",
            "totalRevenue": "604939000",
            "sentiment": 0.3075185068908719,
            "surprise": "0.34",
            "closePrice": "24.08"
        },
        {
            "fiscalDateEnding": "2022-09-30",
            "totalCurrentAssets": "1880028000",
            "cashAndShortTermInvestments": "672083000",
            "totalCurrentLiabilities": "1082505000",
            "currentDebt": "11786000",
            "netIncome": "210560000",
            "capitalExpenditures": "6517000",
            "operatingCashflow": "-89859000",
            "grossProfit": "379103000",
            "totalRevenue": "631335000",
            "sentiment": 0.29421698339561514,
            "surprise": "1.13",
            "closePrice": "21.66"
        },
        {
            "fiscalDateEnding": "2022-06-30",
            "totalCurrentAssets": "1710373000",
            "cashAndShortTermInvestments": "522460000",
            "totalCurrentLiabilities": "990998000",
            "currentDebt": "11597000",
            "netIncome": "-12426000",
            "capitalExpenditures": "-2168000",
            "operatingCashflow": "-197852000",
            "grossProfit": "336765000",
            "totalRevenue": "584580000",
            "sentiment": -0.01798596685735388,
            "surprise": "0.07",
            "closePrice": "30.74"
        },
        {
            "fiscalDateEnding": "2022-03-31",
            "totalCurrentAssets": "1709350000",
            "cashAndShortTermInvestments": "629161000",
            "totalCurrentLiabilities": "1069911000",
            "currentDebt": "11135000",
            "netIncome": "-87778000",
            "capitalExpenditures": "6471000",
            "operatingCashflow": "-256409000",
            "grossProfit": "171667000",
            "totalRevenue": "495784000",
            "sentiment": 0.06964244813360512,
            "surprise": "-0.22",
            "closePrice": "24.34"
        },
        {
            "fiscalDateEnding": "2021-12-31",
            "totalCurrentAssets": "1547719000",
            "cashAndShortTermInvestments": "617634000",
            "totalCurrentLiabilities": "1012120000",
            "currentDebt": "10901000",
            "netIncome": "-38519000",
            "capitalExpenditures": "-3064000",
            "operatingCashflow": "-281357000",
            "grossProfit": "86765000",
            "totalRevenue": "428984000",
            "sentiment": 0,
            "surprise": "-0.17",
            "closePrice": "23.13"
        },
        {
            "fiscalDateEnding": "2021-09-30",
            "totalCurrentAssets": "1594660000",
            "cashAndShortTermInvestments": "717593000",
            "totalCurrentLiabilities": "1283626000",
            "currentDebt": "220447000",
            "netIncome": "24129000",
            "capitalExpenditures": "6128000",
            "operatingCashflow": "-180065000",
            "grossProfit": "198603000",
            "totalRevenue": "432657000",
            "sentiment": 0,
            "surprise": "0.1",
            "closePrice": "57.75"
        },
        {
            "fiscalDateEnding": "2021-06-30",
            "totalCurrentAssets": "1396652000",
            "cashAndShortTermInvestments": "679588000",
            "totalCurrentLiabilities": "1119109000",
            "currentDebt": "227896000",
            "netIncome": "-41244000",
            "capitalExpenditures": "5473000",
            "operatingCashflow": "-170117000",
            "grossProfit": "183674000",
            "totalRevenue": "401132000",
            "sentiment": 0,
            "surprise": "-0.12",
            "closePrice": "53.45"
        },
        {
            "fiscalDateEnding": "2021-03-31",
            "totalCurrentAssets": "1268654000",
            "cashAndShortTermInvestments": "649493000",
            "totalCurrentLiabilities": "798835000",
            "currentDebt": "10707000",
            "netIncome": "-23789000",
            "capitalExpenditures": "39000",
            "operatingCashflow": "-185647000",
            "grossProfit": "-75428000",
            "totalRevenue": "228270000",
            "sentiment": 0,
            "surprise": "0",
            "closePrice": "41.84"
        },
        {
            "fiscalDateEnding": "2020-12-31",
            "totalCurrentAssets": "1137729000",
            "cashAndShortTermInvestments": "519965000",
            "totalCurrentLiabilities": "901356000",
            "currentDebt": "11037000",
            "netIncome": "-169320000",
            "capitalExpenditures": "711000",
            "operatingCashflow": "-151213000",
            "grossProfit": "-171838000",
            "totalRevenue": "211542000",
            "sentiment": 0,
            "surprise": "-0.87",
            "closePrice": "57.98"
        },
        {
            "fiscalDateEnding": "2020-09-30",
            "totalCurrentAssets": "645739000",
            "cashAndShortTermInvestments": "276052000",
            "totalCurrentLiabilities": "596240000",
            "currentDebt": "130353000",
            "netIncome": "37447000",
            "capitalExpenditures": "47000",
            "operatingCashflow": "-14506000",
            "grossProfit": "90222000",
            "totalRevenue": "209789000",
            "sentiment": 0,
            "surprise": "0.26",
            "closePrice": "58.0"
        },
        {
            "fiscalDateEnding": "2020-06-30",
            "totalCurrentAssets": "638240000",
            "cashAndShortTermInvestments": "269569000",
            "totalCurrentLiabilities": "517299000",
            "currentDebt": "113446000",
            "netIncome": "-13562000",
            "capitalExpenditures": "-768000",
            "operatingCashflow": "-35368000",
            "grossProfit": "62891000",
            "totalRevenue": "181294000",
            "sentiment": 0,
            "surprise": "-0.27",
            "closePrice": "47.28"
        },
        {
            "fiscalDateEnding": "2020-03-31",
            "totalCurrentAssets": "707816000",
            "cashAndShortTermInvestments": "286418000",
            "totalCurrentLiabilities": "474757000",
            "currentDebt": "91115000",
            "netIncome": "-27959000",
            "capitalExpenditures": "3105000",
            "operatingCashflow": "-116885000",
            "grossProfit": "61366000",
            "totalRevenue": "210731000",
            "sentiment": 0,
            "surprise": "-0.31",
            "closePrice": "13.87"
        },
        {
            "fiscalDateEnding": "2019-12-31",
            "totalCurrentAssets": "733830000",
            "cashAndShortTermInvestments": "269577000",
            "totalCurrentLiabilities": "530094000",
            "currentDebt": "55202000",
            "netIncome": "12500000",
            "capitalExpenditures": "4161000",
            "operatingCashflow": "-98379000",
            "grossProfit": "243937000",
            "totalRevenue": "243937000",
            "sentiment": 0,
            "surprise": "-0.11",
            "closePrice": "20.27"
        },
        {
            "fiscalDateEnding": "2019-09-30",
            "totalCurrentAssets": "567240000",
            "cashAndShortTermInvestments": "324698000",
            "totalCurrentLiabilities": "429012000",
            "currentDebt": "50659000",
            "netIncome": "28990000",
            "capitalExpenditures": "7234000",
            "operatingCashflow": "-49493000",
            "grossProfit": "98634000",
            "totalRevenue": "215542000",
            "sentiment": 0,
            "surprise": "0.08",
            "closePrice": "14.485"
        },
        {
            "fiscalDateEnding": "2019-06-30",
            "totalCurrentAssets": "530086000",
            "cashAndShortTermInvestments": "299537000",
            "totalCurrentLiabilities": "637890000",
            "currentDebt": "274193000",
            "netIncome": "-1293000",
            "capitalExpenditures": "11433000",
            "operatingCashflow": "-68030000",
            "grossProfit": "97799000",
            "totalRevenue": "204595000",
            "sentiment": 0,
            "surprise": "-0.13",
            "closePrice": "19.98"
        },
        {
            "fiscalDateEnding": "2019-03-31",
            "totalCurrentAssets": "463060000",
            "cashAndShortTermInvestments": "245604000",
            "totalCurrentLiabilities": "336802000",
            "currentDebt": "26937000",
            "netIncome": "-13862000",
            "capitalExpenditures": "2517000",
            "operatingCashflow": "11415000",
            "grossProfit": "65827000",
            "totalRevenue": "194504000",
            "sentiment": 0,
            "surprise": "-0.31",
            "closePrice": "16.6"
        },
        {
            "fiscalDateEnding": "2018-12-31",
            "totalCurrentAssets": "461413000",
            "cashAndShortTermInvestments": "226625000",
            "totalCurrentLiabilities": "372191000",
            "currentDebt": "35484000",
            "netIncome": "-5888000",
            "capitalExpenditures": "1872000",
            "operatingCashflow": "-21727000",
            "grossProfit": "240120000",
            "totalRevenue": "240120000",
            "sentiment": 0,
            "surprise": "-0.32",
            "closePrice": "15.51"
        },
        {
            "fiscalDateEnding": "2018-09-30",
            "totalCurrentAssets": "446016000",
            "cashAndShortTermInvestments": "242936000",
            "totalCurrentLiabilities": "383861000",
            "currentDebt": "27496000",
            "netIncome": "-2896000",
            "capitalExpenditures": "317000",
            "operatingCashflow": "16987000",
            "grossProfit": "118231000",
            "totalRevenue": "204960000",
            "sentiment": 0,
            "surprise": "-0.3",
            "closePrice": "13.19"
        },
        {
            "fiscalDateEnding": "2018-06-30",
            "totalCurrentAssets": "484007000",
            "cashAndShortTermInvestments": "215706000",
            "totalCurrentLiabilities": "322493000",
            "currentDebt": "31903000",
            "netIncome": "7409000",
            "capitalExpenditures": "1241000",
            "operatingCashflow": "-11967000",
            "grossProfit": "25752000",
            "totalRevenue": "170538000",
            "sentiment": 0,
            "surprise": "-0.22",
            "closePrice": "14.34"
        },
        {
            "fiscalDateEnding": "2018-03-31",
            "totalCurrentAssets": "459815000",
            "cashAndShortTermInvestments": "203189000",
            "totalCurrentLiabilities": "300288000",
            "currentDebt": "35383000",
            "netIncome": "28032000",
            "capitalExpenditures": "1521000",
            "operatingCashflow": "-45754000",
            "grossProfit": "-33374000",
            "totalRevenue": "144363000",
            "sentiment": 0,
            "surprise": "0.09",
            "closePrice": "9.83"
        },
        {
            "fiscalDateEnding": "2017-12-31",
            "totalCurrentAssets": "416863000",
            "cashAndShortTermInvestments": "202525000",
            "totalCurrentLiabilities": "311145000",
            "currentDebt": "28950000",
            "netIncome": "69254000",
            "capitalExpenditures": "2000000",
            "operatingCashflow": "-32073000",
            "grossProfit": "152265000",
            "totalRevenue": "152265000",
            "sentiment": 0,
            "surprise": "-0.13",
            "closePrice": "7.43"
        },
        {
            "fiscalDateEnding": "2017-09-30",
            "totalCurrentAssets": "391524000",
            "cashAndShortTermInvestments": "216142000",
            "totalCurrentLiabilities": "544091000",
            "currentDebt": "277421000",
            "netIncome": "28007000",
            "capitalExpenditures": "1492000",
            "operatingCashflow": "19658000",
            "grossProfit": "5428000",
            "totalRevenue": "144546000",
            "sentiment": 0,
            "surprise": "-0.1",
            "closePrice": "5.89"
        },
        {
            "fiscalDateEnding": "2017-06-30",
            "totalCurrentAssets": "356342000",
            "cashAndShortTermInvestments": "211321000",
            "totalCurrentLiabilities": "500750000",
            "currentDebt": "274408000",
            "netIncome": "18346000",
            "capitalExpenditures": "1854000",
            "operatingCashflow": "-36042000",
            "grossProfit": "17845000",
            "totalRevenue": "130622000",
            "sentiment": 0,
            "surprise": "-0.08",
            "closePrice": "7.42"
        },
        {
            "fiscalDateEnding": "2017-03-31",
            "totalCurrentAssets": "341074000",
            "cashAndShortTermInvestments": "203791000",
            "totalCurrentLiabilities": "238897000",
            "currentDebt": "24995000",
            "netIncome": "9882000",
            "capitalExpenditures": "2610000",
            "operatingCashflow": "-52631000",
            "grossProfit": "-33321000",
            "totalRevenue": "105109000",
            "sentiment": 0,
            "surprise": "-0.02",
            "closePrice": "5.09"
        },
        {
            "fiscalDateEnding": "2016-12-31",
            "totalCurrentAssets": "369345000",
            "cashAndShortTermInvestments": "206364000",
            "totalCurrentLiabilities": "244784000",
            "currentDebt": "24168000",
            "netIncome": "29032000",
            "capitalExpenditures": "2147000",
            "operatingCashflow": "80707000",
            "grossProfit": "-32825000",
            "totalRevenue": "120584000",
            "sentiment": 0,
            "surprise": "0.22",
            "closePrice": "5.24"
        },
        {
            "fiscalDateEnding": "2016-09-30",
            "totalCurrentAssets": "368982000",
            "cashAndShortTermInvestments": "207477000",
            "totalCurrentLiabilities": "266653000",
            "currentDebt": "23700000",
            "netIncome": "16878000",
            "capitalExpenditures": "2189000",
            "operatingCashflow": "-50468000",
            "grossProfit": "-7805000",
            "totalRevenue": "112033000",
            "sentiment": 0,
            "surprise": "0.3",
            "closePrice": "4.71"
        },
        {
            "fiscalDateEnding": "2016-06-30",
            "totalCurrentAssets": "72372000",
            "cashAndShortTermInvestments": "207220000",
            "totalCurrentLiabilities": "256379000",
            "currentDebt": "12037000",
            "netIncome": "32643000",
            "capitalExpenditures": "3185000",
            "operatingCashflow": "-42227000",
            "grossProfit": "-7443000",
            "totalRevenue": "122538000",
            "sentiment": 0,
            "surprise": "0.71",
            "closePrice": "5.41"
        },
        {
            "fiscalDateEnding": "2016-03-31",
            "totalCurrentAssets": "382918000",
            "cashAndShortTermInvestments": "208313000",
            "totalCurrentLiabilities": "256135000",
            "currentDebt": "11007000",
            "netIncome": "13134000",
            "capitalExpenditures": "5023000",
            "operatingCashflow": "-156092000",
            "grossProfit": "-46801000",
            "totalRevenue": "98743000",
            "sentiment": 0,
            "surprise": "0.61",
            "closePrice": "6.15"
        },
        {
            "fiscalDateEnding": "2015-12-31",
            "totalCurrentAssets": "359715000",
            "cashAndShortTermInvestments": "44407000",
            "totalCurrentLiabilities": "252481000",
            "currentDebt": "9877000",
            "netIncome": "-15023000",
            "capitalExpenditures": "4611000",
            "operatingCashflow": "-140119000",
            "grossProfit": "-47170000",
            "totalRevenue": "99639000",
            "sentiment": 0,
            "surprise": "0.4",
            "closePrice": "7.15"
        },
        {
            "fiscalDateEnding": "2015-09-30",
            "totalCurrentAssets": "398911000",
            "cashAndShortTermInvestments": "263006000",
            "totalCurrentLiabilities": "231386000",
            "currentDebt": "7119000",
            "netIncome": "-2768000",
            "capitalExpenditures": "3728000",
            "operatingCashflow": "-52915000",
            "grossProfit": "-31787000",
            "totalRevenue": "82600000",
            "sentiment": 0,
            "surprise": "0.45",
            "closePrice": "6.58"
        },
        {
            "fiscalDateEnding": "2015-06-30",
            "totalCurrentAssets": "229054000",
            "cashAndShortTermInvestments": "116610000",
            "totalCurrentLiabilities": "193866000",
            "currentDebt": "5752000",
            "netIncome": "7540000",
            "capitalExpenditures": "129256000",
            "operatingCashflow": "-33365000",
            "grossProfit": "-16638000",
            "totalRevenue": "72690000",
            "sentiment": 0,
            "surprise": "0.91",
            "closePrice": "11.69"
        }
    ]
}