{
    "S": [
        {
            "fiscalDateEnding": "2024-01-31",
            "totalCurrentAssets": "1297331000",
            "cashAndShortTermInvestments": "925956000",
            "totalCurrentLiabilities": "590067000",
            "currentDebt": "None",
            "netIncome": "-71982000",
            "capitalExpenditures": "4525000",
            "operatingCashflow": "-6182000",
            "grossProfit": "125909000",
            "totalRevenue": "174175000",
            "sentiment": 0.24702534517161573,
            "surprise": "0.02",
            "closePrice": "27.94"
        },
        {
            "fiscalDateEnding": "2023-10-31",
            "totalCurrentAssets": "1069423000",
            "cashAndShortTermInvestments": "797972000",
            "totalCurrentLiabilities": "498826000",
            "currentDebt": "None",
            "netIncome": "-70304000",
            "capitalExpenditures": "7368000",
            "operatingCashflow": "-22230000",
            "grossProfit": "120400000",
            "totalRevenue": "164165000",
            "sentiment": 0.19952315569737736,
            "surprise": "0.05",
            "closePrice": "20.0"
        },
        {
            "fiscalDateEnding": "2023-07-31",
            "totalCurrentAssets": "994761000",
            "cashAndShortTermInvestments": "731596000",
            "totalCurrentLiabilities": "498372000",
            "currentDebt": "None",
            "netIncome": "-89538000",
            "capitalExpenditures": "3325000",
            "operatingCashflow": "-11903000",
            "grossProfit": "104754000",
            "totalRevenue": "149421000",
            "sentiment": 0.09262686314563184,
            "surprise": "0.06",
            "closePrice": "16.63"
        },
        {
            "fiscalDateEnding": "2023-04-30",
            "totalCurrentAssets": "985533000",
            "cashAndShortTermInvestments": "718227000",
            "totalCurrentLiabilities": "472927000",
            "currentDebt": "None",
            "netIncome": "-106869000",
            "capitalExpenditures": "3547000",
            "operatingCashflow": "-28059000",
            "grossProfit": "90810000",
            "totalRevenue": "133393000",
            "sentiment": 0.2036574227837376,
            "surprise": "0.02",
            "closePrice": "20.72"
        },
        {
            "fiscalDateEnding": "2023-01-31",
            "totalCurrentAssets": "914733000",
            "cashAndShortTermInvestments": "623525000",
            "totalCurrentLiabilities": "473279000",
            "currentDebt": "None",
            "netIncome": "-93680000",
            "capitalExpenditures": "3459000",
            "operatingCashflow": "-22069000",
            "grossProfit": "86325000",
            "totalRevenue": "126096000",
            "sentiment": 0.08986313406408894,
            "surprise": "0.03",
            "closePrice": "14.47"
        },
        {
            "fiscalDateEnding": "2022-10-31",
            "totalCurrentAssets": "952501000",
            "cashAndShortTermInvestments": "701284000",
            "totalCurrentLiabilities": "404835000",
            "currentDebt": "None",
            "netIncome": "-98858000",
            "capitalExpenditures": "5030000",
            "operatingCashflow": "-59741000",
            "grossProfit": "74317000",
            "totalRevenue": "115323000",
            "sentiment": 0.14161634689537347,
            "surprise": "0.06",
            "closePrice": "14.1"
        },
        {
            "fiscalDateEnding": "2022-07-31",
            "totalCurrentAssets": "1389998000",
            "cashAndShortTermInvestments": "1219376000",
            "totalCurrentLiabilities": "333169000",
            "currentDebt": "None",
            "netIncome": "-96306000",
            "capitalExpenditures": "4789000",
            "operatingCashflow": "-62126000",
            "grossProfit": "66244000",
            "totalRevenue": "102505000",
            "sentiment": -0.002921790978760829,
            "surprise": "0.05",
            "closePrice": "27.31"
        },
        {
            "fiscalDateEnding": "2022-04-30",
            "totalCurrentAssets": "1755500000",
            "cashAndShortTermInvestments": "1617519000",
            "totalCurrentLiabilities": "276709000",
            "currentDebt": "None",
            "netIncome": "-89834000",
            "capitalExpenditures": "5534000",
            "operatingCashflow": "-49351000",
            "grossProfit": "51116000",
            "totalRevenue": "78255000",
            "sentiment": 0.02219565034856537,
            "surprise": "0.03",
            "closePrice": "24.64"
        },
        {
            "fiscalDateEnding": "2022-01-31",
            "totalCurrentAssets": "1817654000",
            "cashAndShortTermInvestments": "1669678000",
            "totalCurrentLiabilities": "281321000",
            "currentDebt": "None",
            "netIncome": "-71709000",
            "capitalExpenditures": "1773000",
            "operatingCashflow": "-5585000",
            "grossProfit": "41387000",
            "totalRevenue": "65636000",
            "sentiment": 0,
            "surprise": "0.01",
            "closePrice": "30.89"
        },
        {
            "fiscalDateEnding": "2021-10-31",
            "totalCurrentAssets": "1772894000",
            "cashAndShortTermInvestments": "1665244000",
            "totalCurrentLiabilities": "205212000",
            "currentDebt": "None",
            "netIncome": "-68595000",
            "capitalExpenditures": "3984000",
            "operatingCashflow": "-17212000",
            "grossProfit": "35661000",
            "totalRevenue": "56018000",
            "sentiment": 0,
            "surprise": "0.03",
            "closePrice": "51.04"
        },
        {
            "fiscalDateEnding": "2021-07-31",
            "totalCurrentAssets": "1782099000",
            "cashAndShortTermInvestments": "1685072000",
            "totalCurrentLiabilities": "173198000",
            "currentDebt": "None",
            "netIncome": "-68163000",
            "capitalExpenditures": "2744000",
            "operatingCashflow": "-41993000",
            "grossProfit": "26962000",
            "totalRevenue": "45750000",
            "sentiment": 0,
            "surprise": "-0.18",
            "closePrice": "68.24"
        }
    ]
}