{
    "SAIC": [
        {
            "fiscalDateEnding": "2024-02-02",
            "totalCurrentAssets": "1131000000",
            "cashAndShortTermInvestments": "94000000",
            "totalCurrentLiabilities": "1158000000",
            "currentDebt": "77000000",
            "netIncome": "39000000",
            "capitalExpenditures": "11000000",
            "operatingCashflow": "63000000",
            "grossProfit": "317000000",
            "totalRevenue": "1862000000",
            "sentiment": 0.31702093973729994,
            "surprise": "-0.03",
            "closePrice": "128.4"
        },
        {
            "fiscalDateEnding": "2023-11-03",
            "totalCurrentAssets": "1388000000",
            "cashAndShortTermInvestments": "311000000",
            "totalCurrentLiabilities": "1226000000",
            "currentDebt": "69000000",
            "netIncome": "93000000",
            "capitalExpenditures": "4000000",
            "operatingCashflow": "101000000",
            "grossProfit": "229000000",
            "totalRevenue": "1895000000",
            "sentiment": 0.2332576642045316,
            "surprise": "0.58",
            "closePrice": "135.607181889149"
        },
        {
            "fiscalDateEnding": "2023-08-04",
            "totalCurrentAssets": "1384000000",
            "cashAndShortTermInvestments": "352000000",
            "totalCurrentLiabilities": "1212000000",
            "currentDebt": "62000000",
            "netIncome": "247000000",
            "capitalExpenditures": "6000000",
            "operatingCashflow": "150000000",
            "grossProfit": "216000000",
            "totalRevenue": "1784000000",
            "sentiment": 0.32641032259645114,
            "surprise": "0.43",
            "closePrice": "109.232805217338"
        },
        {
            "fiscalDateEnding": "2023-05-05",
            "totalCurrentAssets": "1675000000",
            "cashAndShortTermInvestments": "422000000",
            "totalCurrentLiabilities": "1553000000",
            "currentDebt": "None",
            "netIncome": "98000000",
            "capitalExpenditures": "6000000",
            "operatingCashflow": "82000000",
            "grossProfit": "235000000",
            "totalRevenue": "2028000000",
            "sentiment": 0.296040806983362,
            "surprise": "0.32",
            "closePrice": "101.688992076031"
        },
        {
            "fiscalDateEnding": "2023-02-03",
            "totalCurrentAssets": "1197000000",
            "cashAndShortTermInvestments": "109000000",
            "totalCurrentLiabilities": "1126000000",
            "currentDebt": "31000000",
            "netIncome": "74000000",
            "capitalExpenditures": "7000000",
            "operatingCashflow": "145000000",
            "grossProfit": "103000000",
            "totalRevenue": "1849000000",
            "sentiment": 0.36498839314491155,
            "surprise": "0.38",
            "closePrice": "109.093237290286"
        },
        {
            "fiscalDateEnding": "2022-10-28",
            "totalCurrentAssets": "1247000000",
            "cashAndShortTermInvestments": "53000000",
            "totalCurrentLiabilities": "1230000000",
            "currentDebt": "15000000",
            "netIncome": "80000000",
            "capitalExpenditures": "6000000",
            "operatingCashflow": "128000000",
            "grossProfit": "221000000",
            "totalRevenue": "1909000000",
            "sentiment": 0.2847364565139962,
            "surprise": "0.16",
            "closePrice": "112.118127841587"
        },
        {
            "fiscalDateEnding": "2022-07-29",
            "totalCurrentAssets": "1270000000",
            "cashAndShortTermInvestments": "99000000",
            "totalCurrentLiabilities": "1190000000",
            "currentDebt": "None",
            "netIncome": "73000000",
            "capitalExpenditures": "7000000",
            "operatingCashflow": "141000000",
            "grossProfit": "219000000",
            "totalRevenue": "1831000000",
            "sentiment": 0.05224826651173918,
            "surprise": "0.06",
            "closePrice": "92.1106072434601"
        },
        {
            "fiscalDateEnding": "2022-04-29",
            "totalCurrentAssets": "1291000000",
            "cashAndShortTermInvestments": "56000000",
            "totalCurrentLiabilities": "1334000000",
            "currentDebt": "119000000",
            "netIncome": "73000000",
            "capitalExpenditures": "5000000",
            "operatingCashflow": "118000000",
            "grossProfit": "226000000",
            "totalRevenue": "1996000000",
            "sentiment": 0.012707920309781235,
            "surprise": "0.11",
            "closePrice": "91.9035166175654"
        },
        {
            "fiscalDateEnding": "2022-01-28",
            "totalCurrentAssets": "1263000000",
            "cashAndShortTermInvestments": "106000000",
            "totalCurrentLiabilities": "1352000000",
            "currentDebt": "148000000",
            "netIncome": "43000000",
            "capitalExpenditures": "9000000",
            "operatingCashflow": "103000000",
            "grossProfit": "113000000",
            "totalRevenue": "1698000000",
            "sentiment": 0,
            "surprise": "0.27",
            "closePrice": "92.802043578655"
        },
        {
            "fiscalDateEnding": "2021-10-29",
            "totalCurrentAssets": "1383000000",
            "cashAndShortTermInvestments": "148000000",
            "totalCurrentLiabilities": "1395000000",
            "currentDebt": "119000000",
            "netIncome": "71000000",
            "capitalExpenditures": "10000000",
            "operatingCashflow": "134000000",
            "grossProfit": "213000000",
            "totalRevenue": "1898000000",
            "sentiment": 0,
            "surprise": "0.35",
            "closePrice": "83.0698273842334"
        },
        {
            "fiscalDateEnding": "2021-07-30",
            "totalCurrentAssets": "1343000000",
            "cashAndShortTermInvestments": "133000000",
            "totalCurrentLiabilities": "1383000000",
            "currentDebt": "112000000",
            "netIncome": "82000000",
            "capitalExpenditures": "7000000",
            "operatingCashflow": "92000000",
            "grossProfit": "232000000",
            "totalRevenue": "1836000000",
            "sentiment": 0,
            "surprise": "0.5",
            "closePrice": "82.2846151557487"
        },
        {
            "fiscalDateEnding": "2021-04-30",
            "totalCurrentAssets": "1440000000",
            "cashAndShortTermInvestments": "261000000",
            "totalCurrentLiabilities": "1398000000",
            "currentDebt": "104000000",
            "netIncome": "81000000",
            "capitalExpenditures": "10000000",
            "operatingCashflow": "189000000",
            "grossProfit": "217000000",
            "totalRevenue": "1878000000",
            "sentiment": 0,
            "surprise": "0.43",
            "closePrice": "88.1126199337073"
        },
        {
            "fiscalDateEnding": "2021-01-29",
            "totalCurrentAssets": "1289000000",
            "cashAndShortTermInvestments": "171000000",
            "totalCurrentLiabilities": "1275000000",
            "currentDebt": "68000000",
            "netIncome": "62000000",
            "capitalExpenditures": "14000000",
            "operatingCashflow": "53000000",
            "grossProfit": "1000000",
            "totalRevenue": "1627000000",
            "sentiment": 0,
            "surprise": "0.22",
            "closePrice": "91.6419872218306"
        },
        {
            "fiscalDateEnding": "2020-10-30",
            "totalCurrentAssets": "1401000000",
            "cashAndShortTermInvestments": "182000000",
            "totalCurrentLiabilities": "1433000000",
            "currentDebt": "90000000",
            "netIncome": "60000000",
            "capitalExpenditures": "9000000",
            "operatingCashflow": "231000000",
            "grossProfit": "209000000",
            "totalRevenue": "1818000000",
            "sentiment": 0,
            "surprise": "0.09",
            "closePrice": "90.1412565435362"
        },
        {
            "fiscalDateEnding": "2020-07-31",
            "totalCurrentAssets": "1413000000",
            "cashAndShortTermInvestments": "197000000",
            "totalCurrentLiabilities": "1373000000",
            "currentDebt": "90000000",
            "netIncome": "51000000",
            "capitalExpenditures": "14000000",
            "operatingCashflow": "104000000",
            "grossProfit": "200000000",
            "totalRevenue": "1764000000",
            "sentiment": 0,
            "surprise": "0.19",
            "closePrice": "80.4840693810534"
        },
        {
            "fiscalDateEnding": "2020-05-01",
            "totalCurrentAssets": "1525000000",
            "cashAndShortTermInvestments": "276000000",
            "totalCurrentLiabilities": "1452000000",
            "currentDebt": "None",
            "netIncome": "36000000",
            "capitalExpenditures": "9000000",
            "operatingCashflow": "367000000",
            "grossProfit": "183000000",
            "totalRevenue": "1757000000",
            "sentiment": 0,
            "surprise": "-0.03",
            "closePrice": "84.3594010729012"
        },
        {
            "fiscalDateEnding": "2020-01-31",
            "totalCurrentAssets": "1430000000",
            "cashAndShortTermInvestments": "188000000",
            "totalCurrentLiabilities": "1128000000",
            "currentDebt": "None",
            "netIncome": "60000000",
            "capitalExpenditures": "7000000",
            "operatingCashflow": "69000000",
            "grossProfit": "1540000000",
            "totalRevenue": "1540000000",
            "sentiment": 0,
            "surprise": "0.24",
            "closePrice": "67.1229965522607"
        },
        {
            "fiscalDateEnding": "2019-11-01",
            "totalCurrentAssets": "1424000000",
            "cashAndShortTermInvestments": "162000000",
            "totalCurrentLiabilities": "1191000000",
            "currentDebt": "None",
            "netIncome": "55000000",
            "capitalExpenditures": "0",
            "operatingCashflow": "116000000",
            "grossProfit": "174000000",
            "totalRevenue": "1630000000",
            "sentiment": 0,
            "surprise": "-0.05",
            "closePrice": "78.4625405200868"
        },
        {
            "fiscalDateEnding": "2019-08-02",
            "totalCurrentAssets": "1342000000",
            "cashAndShortTermInvestments": "179000000",
            "totalCurrentLiabilities": "1148000000",
            "currentDebt": "None",
            "netIncome": "57000000",
            "capitalExpenditures": "5000000",
            "operatingCashflow": "95000000",
            "grossProfit": "185000000",
            "totalRevenue": "1594000000",
            "sentiment": 0,
            "surprise": "0.06",
            "closePrice": "84.135012098543"
        },
        {
            "fiscalDateEnding": "2019-05-03",
            "totalCurrentAssets": "1317000000",
            "cashAndShortTermInvestments": "151000000",
            "totalCurrentLiabilities": "1010000000",
            "currentDebt": "None",
            "netIncome": "55000000",
            "capitalExpenditures": "9000000",
            "operatingCashflow": "178000000",
            "grossProfit": "180000000",
            "totalRevenue": "1615000000",
            "sentiment": 0,
            "surprise": "0.14",
            "closePrice": "78.6911859927877"
        },
        {
            "fiscalDateEnding": "2019-02-01",
            "totalCurrentAssets": "1433000000",
            "cashAndShortTermInvestments": "237000000",
            "totalCurrentLiabilities": "897000000",
            "currentDebt": "None",
            "netIncome": "-9000000",
            "capitalExpenditures": "4000000",
            "operatingCashflow": "22000000",
            "grossProfit": "1192000000",
            "totalRevenue": "1192000000",
            "sentiment": 0,
            "surprise": "0.23",
            "closePrice": "67.7945802315372"
        },
        {
            "fiscalDateEnding": "2018-11-02",
            "totalCurrentAssets": "1072000000",
            "cashAndShortTermInvestments": "193000000",
            "totalCurrentLiabilities": "682000000",
            "currentDebt": "None",
            "netIncome": "48000000",
            "capitalExpenditures": "6000000",
            "operatingCashflow": "86000000",
            "grossProfit": "129000000",
            "totalRevenue": "1177000000",
            "sentiment": 0,
            "surprise": "0.18",
            "closePrice": "59.5722779340279"
        },
        {
            "fiscalDateEnding": "2018-08-03",
            "totalCurrentAssets": "926000000",
            "cashAndShortTermInvestments": "106000000",
            "totalCurrentLiabilities": "662000000",
            "currentDebt": "None",
            "netIncome": "49000000",
            "capitalExpenditures": "12000000",
            "operatingCashflow": "10000000",
            "grossProfit": "112000000",
            "totalRevenue": "1115000000",
            "sentiment": 0,
            "surprise": "0.14",
            "closePrice": "74.5758847230773"
        },
        {
            "fiscalDateEnding": "2018-05-04",
            "totalCurrentAssets": "930000000",
            "cashAndShortTermInvestments": "152000000",
            "totalCurrentLiabilities": "695000000",
            "currentDebt": "None",
            "netIncome": "49000000",
            "capitalExpenditures": "6000000",
            "operatingCashflow": "2000000",
            "grossProfit": "101000000",
            "totalRevenue": "1175000000",
            "sentiment": 0,
            "surprise": "0.1",
            "closePrice": "80.157413763509"
        },
        {
            "fiscalDateEnding": "2018-02-02",
            "totalCurrentAssets": "950000000",
            "cashAndShortTermInvestments": "144000000",
            "totalCurrentLiabilities": "695000000",
            "currentDebt": "None",
            "netIncome": "51000000",
            "capitalExpenditures": "0",
            "operatingCashflow": "29000000",
            "grossProfit": "107000000",
            "totalRevenue": "1128000000",
            "sentiment": 0,
            "surprise": "0.01",
            "closePrice": "71.4419105781747"
        },
        {
            "fiscalDateEnding": "2017-11-03",
            "totalCurrentAssets": "976000000",
            "cashAndShortTermInvestments": "125000000",
            "totalCurrentLiabilities": "730000000",
            "currentDebt": "None",
            "netIncome": "43000000",
            "capitalExpenditures": "-7000000",
            "operatingCashflow": "72000000",
            "grossProfit": "109000000",
            "totalRevenue": "1145000000",
            "sentiment": 0,
            "surprise": "0.11",
            "closePrice": "68.1184415051502"
        },
        {
            "fiscalDateEnding": "2017-08-04",
            "totalCurrentAssets": "892000000",
            "cashAndShortTermInvestments": "140000000",
            "totalCurrentLiabilities": "634000000",
            "currentDebt": "None",
            "netIncome": "36000000",
            "capitalExpenditures": "3000000",
            "operatingCashflow": "59000000",
            "grossProfit": "99000000",
            "totalRevenue": "1078000000",
            "sentiment": 0,
            "surprise": "-0.1",
            "closePrice": "67.1222996048045"
        },
        {
            "fiscalDateEnding": "2017-05-05",
            "totalCurrentAssets": "917000000",
            "cashAndShortTermInvestments": "207000000",
            "totalCurrentLiabilities": "647000000",
            "currentDebt": "None",
            "netIncome": "49000000",
            "capitalExpenditures": "4000000",
            "operatingCashflow": "63000000",
            "grossProfit": "96000000",
            "totalRevenue": "1103000000",
            "sentiment": 0,
            "surprise": "0.04",
            "closePrice": "72.9055375199929"
        },
        {
            "fiscalDateEnding": "2017-02-03",
            "totalCurrentAssets": "901000000",
            "cashAndShortTermInvestments": "210000000",
            "totalCurrentLiabilities": "623000000",
            "currentDebt": "None",
            "netIncome": "35000000",
            "capitalExpenditures": "0",
            "operatingCashflow": "-88000000",
            "grossProfit": "105000000",
            "totalRevenue": "1024000000",
            "sentiment": 0,
            "surprise": "0.01",
            "closePrice": "66.8294113599104"
        },
        {
            "fiscalDateEnding": "2016-11-04",
            "totalCurrentAssets": "970000000",
            "cashAndShortTermInvestments": "203000000",
            "totalCurrentLiabilities": "676000000",
            "currentDebt": "None",
            "netIncome": "41000000",
            "capitalExpenditures": "-6000000",
            "operatingCashflow": "74000000",
            "grossProfit": "112000000",
            "totalRevenue": "1112000000",
            "sentiment": 0,
            "surprise": "0.07",
            "closePrice": "76.3023626404134"
        },
        {
            "fiscalDateEnding": "2016-08-05",
            "totalCurrentAssets": "914000000",
            "cashAndShortTermInvestments": "115000000",
            "totalCurrentLiabilities": "681000000",
            "currentDebt": "None",
            "netIncome": "36000000",
            "capitalExpenditures": "4000000",
            "operatingCashflow": "70000000",
            "grossProfit": "107000000",
            "totalRevenue": "1093000000",
            "sentiment": 0,
            "surprise": "0.06",
            "closePrice": "61.5838175008927"
        },
        {
            "fiscalDateEnding": "2016-05-06",
            "totalCurrentAssets": "974000000",
            "cashAndShortTermInvestments": "154000000",
            "totalCurrentLiabilities": "730000000",
            "currentDebt": "None",
            "netIncome": "31000000",
            "capitalExpenditures": "4000000",
            "operatingCashflow": "66000000",
            "grossProfit": "115000000",
            "totalRevenue": "1213000000",
            "sentiment": 0,
            "surprise": "0.06",
            "closePrice": "51.5117425348355"
        },
        {
            "fiscalDateEnding": "2016-01-29",
            "totalCurrentAssets": "952000000",
            "cashAndShortTermInvestments": "195000000",
            "totalCurrentLiabilities": "688000000",
            "currentDebt": "None",
            "netIncome": "28000000",
            "capitalExpenditures": "0",
            "operatingCashflow": "8000000",
            "grossProfit": "106000000",
            "totalRevenue": "1071000000",
            "sentiment": 0,
            "surprise": "0.13",
            "closePrice": "45.3684150122044"
        },
        {
            "fiscalDateEnding": "2015-10-30",
            "totalCurrentAssets": "983000000",
            "cashAndShortTermInvestments": "184000000",
            "totalCurrentLiabilities": "704000000",
            "currentDebt": "None",
            "netIncome": "34000000",
            "capitalExpenditures": "-6000000",
            "operatingCashflow": "34000000",
            "grossProfit": "106000000",
            "totalRevenue": "1136000000",
            "sentiment": 0,
            "surprise": "0.08",
            "closePrice": "44.8014700029677"
        },
        {
            "fiscalDateEnding": "2015-07-31",
            "totalCurrentAssets": "951000000",
            "cashAndShortTermInvestments": "163000000",
            "totalCurrentLiabilities": "683000000",
            "currentDebt": "None",
            "netIncome": "22000000",
            "capitalExpenditures": "5000000",
            "operatingCashflow": "22000000",
            "grossProfit": "113000000",
            "totalRevenue": "1099000000",
            "sentiment": 0,
            "surprise": "0.06",
            "closePrice": "36.5780382843855"
        },
        {
            "fiscalDateEnding": "2015-05-01",
            "totalCurrentAssets": "951000000",
            "cashAndShortTermInvestments": "295000000",
            "totalCurrentLiabilities": "567000000",
            "currentDebt": "None",
            "netIncome": "33000000",
            "capitalExpenditures": "1000000",
            "operatingCashflow": "57000000",
            "grossProfit": "86000000",
            "totalRevenue": "1009000000",
            "sentiment": 0,
            "surprise": "-0.02",
            "closePrice": "43.2367715869463"
        },
        {
            "fiscalDateEnding": "2015-01-30",
            "totalCurrentAssets": "942000000",
            "cashAndShortTermInvestments": "301000000",
            "totalCurrentLiabilities": "552000000",
            "currentDebt": "None",
            "netIncome": "36000000",
            "capitalExpenditures": "-15000000",
            "operatingCashflow": "59000000",
            "grossProfit": "47000000",
            "totalRevenue": "952000000",
            "sentiment": 0,
            "surprise": "0.04",
            "closePrice": "43.7651975534983"
        },
        {
            "fiscalDateEnding": "2014-10-31",
            "totalCurrentAssets": "965000000",
            "cashAndShortTermInvestments": "254000000",
            "totalCurrentLiabilities": "586000000",
            "currentDebt": "None",
            "netIncome": "37000000",
            "capitalExpenditures": "5000000",
            "operatingCashflow": "37000000",
            "grossProfit": "98000000",
            "totalRevenue": "1004000000",
            "sentiment": 0,
            "surprise": "0.03",
            "closePrice": "43.1034217261685"
        },
        {
            "fiscalDateEnding": "2014-08-01",
            "totalCurrentAssets": "980000000",
            "cashAndShortTermInvestments": "247000000",
            "totalCurrentLiabilities": "568000000",
            "currentDebt": "None",
            "netIncome": "34000000",
            "capitalExpenditures": "3000000",
            "operatingCashflow": "59000000",
            "grossProfit": "94000000",
            "totalRevenue": "952000000",
            "sentiment": 0,
            "surprise": "0.02",
            "closePrice": "38.8251506108036"
        },
        {
            "fiscalDateEnding": "2014-05-02",
            "totalCurrentAssets": "944000000",
            "cashAndShortTermInvestments": "237000000",
            "totalCurrentLiabilities": "519000000",
            "currentDebt": "None",
            "netIncome": "34000000",
            "capitalExpenditures": "7000000",
            "operatingCashflow": "59000000",
            "grossProfit": "96000000",
            "totalRevenue": "977000000",
            "sentiment": 0,
            "surprise": "0.03",
            "closePrice": "35.9517636940575"
        },
        {
            "fiscalDateEnding": "2014-01-31",
            "totalCurrentAssets": "994000000",
            "cashAndShortTermInvestments": "254000000",
            "totalCurrentLiabilities": "564000000",
            "currentDebt": "None",
            "netIncome": "44000000",
            "capitalExpenditures": "6000000",
            "operatingCashflow": "56000000",
            "grossProfit": "931000000",
            "totalRevenue": "941000000",
            "sentiment": 0,
            "surprise": "0.01",
            "closePrice": "29.8723081435904"
        },
        {
            "fiscalDateEnding": "2013-11-01",
            "totalCurrentAssets": "999000000",
            "cashAndShortTermInvestments": "157000000",
            "totalCurrentLiabilities": "599000000",
            "currentDebt": "None",
            "netIncome": "22000000",
            "capitalExpenditures": "8000000",
            "operatingCashflow": "10000000",
            "grossProfit": "974000000",
            "totalRevenue": "1007000000",
            "sentiment": 0,
            "surprise": "-0.06",
            "closePrice": "28.67006837148"
        },
        {
            "fiscalDateEnding": "2013-08-02",
            "totalCurrentAssets": "808000000",
            "cashAndShortTermInvestments": "462000000",
            "totalCurrentLiabilities": "599000000",
            "currentDebt": "None",
            "netIncome": "25000000",
            "capitalExpenditures": "13000000",
            "operatingCashflow": "38000000",
            "grossProfit": "74000000",
            "totalRevenue": "1034000000",
            "sentiment": 0,
            "surprise": "None",
            "closePrice": "27.0984249623589"
        }
    ]
}