{
    "SANM": [
        {
            "fiscalDateEnding": "2023-12-31",
            "totalCurrentAssets": "3630256000",
            "cashAndShortTermInvestments": "631590000",
            "totalCurrentLiabilities": "1822118000",
            "currentDebt": "17500000",
            "netIncome": "57068000",
            "capitalExpenditures": "34216000",
            "operatingCashflow": "126025000",
            "grossProfit": "160840000",
            "totalRevenue": "1866386000",
            "sentiment": 0.12347547117326563,
            "surprise": "0.08",
            "closePrice": "50.63"
        },
        {
            "fiscalDateEnding": "2023-09-30",
            "totalCurrentAssets": "3879570000",
            "cashAndShortTermInvestments": "667570000",
            "totalCurrentLiabilities": "2033332000",
            "currentDebt": "25945000",
            "netIncome": "61841000",
            "capitalExpenditures": "38128000",
            "operatingCashflow": "76857000",
            "grossProfit": "173428000",
            "totalRevenue": "2043762000",
            "sentiment": 0.1298656064089614,
            "surprise": "-0.12",
            "closePrice": "52.81"
        },
        {
            "fiscalDateEnding": "2023-06-30",
            "totalCurrentAssets": "3953020000",
            "cashAndShortTermInvestments": "656588000",
            "totalCurrentLiabilities": "2157864000",
            "currentDebt": "17500000",
            "netIncome": "76494000",
            "capitalExpenditures": "52167000",
            "operatingCashflow": "56509000",
            "grossProfit": "183208000",
            "totalRevenue": "2197052000",
            "sentiment": 0.14840102358491564,
            "surprise": "0.01",
            "closePrice": "61.46"
        },
        {
            "fiscalDateEnding": "2023-03-31",
            "totalCurrentAssets": "4034960000",
            "cashAndShortTermInvestments": "718203000",
            "totalCurrentLiabilities": "2254986000",
            "currentDebt": "17500000",
            "netIncome": "79621000",
            "capitalExpenditures": "63458000",
            "operatingCashflow": "64578000",
            "grossProfit": "191189000",
            "totalRevenue": "2320103000",
            "sentiment": 0.411017788062043,
            "surprise": "0.04",
            "closePrice": "53.55"
        },
        {
            "fiscalDateEnding": "2022-12-31",
            "totalCurrentAssets": "727314000",
            "cashAndShortTermInvestments": "735314000",
            "totalCurrentLiabilities": "2570603000",
            "currentDebt": "None",
            "netIncome": "92014000",
            "capitalExpenditures": "37060000",
            "operatingCashflow": "37224000",
            "grossProfit": "195386000",
            "totalRevenue": "2352680000",
            "sentiment": 0.2637636989293401,
            "surprise": "0.19",
            "closePrice": "55.54"
        },
        {
            "fiscalDateEnding": "2022-09-30",
            "totalCurrentAssets": "3890615000",
            "cashAndShortTermInvestments": "529857000",
            "totalCurrentLiabilities": "2471425000",
            "currentDebt": "17500000",
            "netIncome": "58364000",
            "capitalExpenditures": "48241000",
            "operatingCashflow": "81898000",
            "grossProfit": "172229000",
            "totalRevenue": "2224865000",
            "sentiment": 0.29717478284617926,
            "surprise": "0.17",
            "closePrice": "58.97"
        },
        {
            "fiscalDateEnding": "2022-06-30",
            "totalCurrentAssets": "3835984000",
            "cashAndShortTermInvestments": "493305000",
            "totalCurrentLiabilities": "2462655000",
            "currentDebt": "18750000",
            "netIncome": "77222000",
            "capitalExpenditures": "37748000",
            "operatingCashflow": "101683000",
            "grossProfit": "162185000",
            "totalRevenue": "2017746000",
            "sentiment": 0.03692992042944115,
            "surprise": "0.19",
            "closePrice": "45.68"
        },
        {
            "fiscalDateEnding": "2022-03-31",
            "totalCurrentAssets": "3747153000",
            "cashAndShortTermInvestments": "559893000",
            "totalCurrentLiabilities": "2298019000",
            "currentDebt": "18750000",
            "netIncome": "48621000",
            "capitalExpenditures": "27274000",
            "operatingCashflow": "78973000",
            "grossProfit": "146495000",
            "totalRevenue": "1918948000",
            "sentiment": 0.06106926958813984,
            "surprise": "0.13",
            "closePrice": "40.96"
        },
        {
            "fiscalDateEnding": "2021-12-31",
            "totalCurrentAssets": "3587199000",
            "cashAndShortTermInvestments": "627717000",
            "totalCurrentLiabilities": "2096672000",
            "currentDebt": "18750000",
            "netIncome": "58634000",
            "capitalExpenditures": "25376000",
            "operatingCashflow": "68300000",
            "grossProfit": "141297000",
            "totalRevenue": "1761196000",
            "sentiment": 0,
            "surprise": "0.13",
            "closePrice": "37.82"
        },
        {
            "fiscalDateEnding": "2021-09-30",
            "totalCurrentAssets": "3271395000",
            "cashAndShortTermInvestments": "650026000",
            "totalCurrentLiabilities": "1762987000",
            "currentDebt": "18750000",
            "netIncome": "55925000",
            "capitalExpenditures": "29872000",
            "operatingCashflow": "91721000",
            "grossProfit": "130039000",
            "totalRevenue": "1650609000",
            "sentiment": 0,
            "surprise": "-0.04",
            "closePrice": "42.91"
        },
        {
            "fiscalDateEnding": "2021-06-30",
            "totalCurrentAssets": "3065832000",
            "cashAndShortTermInvestments": "623844000",
            "totalCurrentLiabilities": "1587356000",
            "currentDebt": "18750000",
            "netIncome": "116195000",
            "capitalExpenditures": "17706000",
            "operatingCashflow": "103721000",
            "grossProfit": "136590000",
            "totalRevenue": "1653266000",
            "sentiment": 0,
            "surprise": "0.08",
            "closePrice": "38.1"
        },
        {
            "fiscalDateEnding": "2021-03-31",
            "totalCurrentAssets": "2845951000",
            "cashAndShortTermInvestments": "575176000",
            "totalCurrentLiabilities": "1418596000",
            "currentDebt": "18750000",
            "netIncome": "27868000",
            "capitalExpenditures": "14375000",
            "operatingCashflow": "81089000",
            "grossProfit": "120985000",
            "totalRevenue": "1694797000",
            "sentiment": 0,
            "surprise": "0.17",
            "closePrice": "41.12"
        },
        {
            "fiscalDateEnding": "2020-12-31",
            "totalCurrentAssets": "2842876000",
            "cashAndShortTermInvestments": "516030000",
            "totalCurrentLiabilities": "1473447000",
            "currentDebt": "18750000",
            "netIncome": "49558000",
            "capitalExpenditures": "11343000",
            "operatingCashflow": "61811000",
            "grossProfit": "140351000",
            "totalRevenue": "1755249000",
            "sentiment": 0,
            "surprise": "0.21",
            "closePrice": "32.83"
        },
        {
            "fiscalDateEnding": "2020-09-30",
            "totalCurrentAssets": "2819442000",
            "cashAndShortTermInvestments": "480526000",
            "totalCurrentLiabilities": "1522589000",
            "currentDebt": "18750000",
            "netIncome": "51606000",
            "capitalExpenditures": "11195000",
            "operatingCashflow": "79889000",
            "grossProfit": "151931000",
            "totalRevenue": "1874958000",
            "sentiment": 0,
            "surprise": "0.32",
            "closePrice": "29.75"
        },
        {
            "fiscalDateEnding": "2020-06-30",
            "totalCurrentAssets": "3500112000",
            "cashAndShortTermInvestments": "1117217000",
            "totalCurrentLiabilities": "2213045000",
            "currentDebt": "673437000",
            "netIncome": "44880000",
            "capitalExpenditures": "9699000",
            "operatingCashflow": "63767000",
            "grossProfit": "131473000",
            "totalRevenue": "1654691000",
            "sentiment": 0,
            "surprise": "0.51",
            "closePrice": "25.84"
        },
        {
            "fiscalDateEnding": "2020-03-31",
            "totalCurrentAssets": "3363299000",
            "cashAndShortTermInvestments": "1114585000",
            "totalCurrentLiabilities": "2131076000",
            "currentDebt": "673437000",
            "netIncome": "4882000",
            "capitalExpenditures": "16622000",
            "operatingCashflow": "135728000",
            "grossProfit": "107421000",
            "totalRevenue": "1590550000",
            "sentiment": 0,
            "surprise": "-0.23",
            "closePrice": "27.91"
        },
        {
            "fiscalDateEnding": "2019-12-31",
            "totalCurrentAssets": "2805241000",
            "cashAndShortTermInvestments": "430564000",
            "totalCurrentLiabilities": "1530132000",
            "currentDebt": "38728000",
            "netIncome": "38345000",
            "capitalExpenditures": "28466000",
            "operatingCashflow": "21171000",
            "grossProfit": "134882000",
            "totalRevenue": "1840171000",
            "sentiment": 0,
            "surprise": "0.1",
            "closePrice": "32.66"
        },
        {
            "fiscalDateEnding": "2019-09-30",
            "totalCurrentAssets": "2920929000",
            "cashAndShortTermInvestments": "454741000",
            "totalCurrentLiabilities": "1683022000",
            "currentDebt": "38354000",
            "netIncome": "19757000",
            "capitalExpenditures": "32649000",
            "operatingCashflow": "190197000",
            "grossProfit": "141704000",
            "totalRevenue": "1892207000",
            "sentiment": 0,
            "surprise": "0.07",
            "closePrice": "31.795"
        },
        {
            "fiscalDateEnding": "2019-06-30",
            "totalCurrentAssets": "3001642000",
            "cashAndShortTermInvestments": "414273000",
            "totalCurrentLiabilities": "1827674000",
            "currentDebt": "154634000",
            "netIncome": "42921000",
            "capitalExpenditures": "29063000",
            "operatingCashflow": "165466000",
            "grossProfit": "147795000",
            "totalRevenue": "2026995000",
            "sentiment": 0,
            "surprise": "0.05",
            "closePrice": "32.88"
        },
        {
            "fiscalDateEnding": "2019-03-31",
            "totalCurrentAssets": "3175088000",
            "cashAndShortTermInvestments": "405494000",
            "totalCurrentLiabilities": "2418528000",
            "currentDebt": "643360000",
            "netIncome": "40885000",
            "capitalExpenditures": "35796000",
            "operatingCashflow": "105738000",
            "grossProfit": "153102000",
            "totalRevenue": "2126639000",
            "sentiment": 0,
            "surprise": "0.17",
            "closePrice": "29.45"
        },
        {
            "fiscalDateEnding": "2018-12-31",
            "totalCurrentAssets": "3273772000",
            "cashAndShortTermInvestments": "409290000",
            "totalCurrentLiabilities": "2573135000",
            "currentDebt": "708362000",
            "netIncome": "37952000",
            "capitalExpenditures": "37166000",
            "operatingCashflow": "-78436000",
            "grossProfit": "149337000",
            "totalRevenue": "2188018000",
            "sentiment": 0,
            "surprise": "0.12",
            "closePrice": "27.25"
        },
        {
            "fiscalDateEnding": "2018-09-30",
            "totalCurrentAssets": "3014427000",
            "cashAndShortTermInvestments": "419528000",
            "totalCurrentLiabilities": "2401895000",
            "currentDebt": "593321000",
            "netIncome": "782000",
            "capitalExpenditures": "21413000",
            "operatingCashflow": "60544000",
            "grossProfit": "121083000",
            "totalRevenue": "1876335000",
            "sentiment": 0,
            "surprise": "0.01",
            "closePrice": "22.98"
        },
        {
            "fiscalDateEnding": "2018-06-30",
            "totalCurrentAssets": "2793992000",
            "cashAndShortTermInvestments": "404777000",
            "totalCurrentLiabilities": "2215306000",
            "currentDebt": "611280000",
            "netIncome": "33963000",
            "capitalExpenditures": "26437000",
            "operatingCashflow": "61757000",
            "grossProfit": "118536000",
            "totalRevenue": "1813366000",
            "sentiment": 0,
            "surprise": "-0.02",
            "closePrice": "29.05"
        },
        {
            "fiscalDateEnding": "2018-03-31",
            "totalCurrentAssets": "2670518000",
            "cashAndShortTermInvestments": "405277000",
            "totalCurrentLiabilities": "1717359000",
            "currentDebt": "244416000",
            "netIncome": "24632000",
            "capitalExpenditures": "22498000",
            "operatingCashflow": "25683000",
            "grossProfit": "114698000",
            "totalRevenue": "1675629000",
            "sentiment": 0,
            "surprise": "0.05",
            "closePrice": "27.7"
        },
        {
            "fiscalDateEnding": "2017-12-31",
            "totalCurrentAssets": "2652697000",
            "cashAndShortTermInvestments": "404914000",
            "totalCurrentLiabilities": "1662655000",
            "currentDebt": "169416000",
            "netIncome": "-154910000",
            "capitalExpenditures": "48533000",
            "operatingCashflow": "8440000",
            "grossProfit": "109466000",
            "totalRevenue": "1744800000",
            "sentiment": 0,
            "surprise": "-0.05",
            "closePrice": "28.2"
        },
        {
            "fiscalDateEnding": "2017-09-30",
            "totalCurrentAssets": "2616250000",
            "cashAndShortTermInvestments": "406661000",
            "totalCurrentLiabilities": "1616043000",
            "currentDebt": "88416000",
            "netIncome": "25848000",
            "capitalExpenditures": "25032000",
            "operatingCashflow": "49292000",
            "grossProfit": "123851000",
            "totalRevenue": "1755003000",
            "sentiment": 0,
            "surprise": "-0.12",
            "closePrice": "38.8"
        },
        {
            "fiscalDateEnding": "2017-06-30",
            "totalCurrentAssets": "2564331000",
            "cashAndShortTermInvestments": "435500000",
            "totalCurrentLiabilities": "1495654000",
            "currentDebt": "3416000",
            "netIncome": "36404000",
            "capitalExpenditures": "31519000",
            "operatingCashflow": "59021000",
            "grossProfit": "130688000",
            "totalRevenue": "1711377000",
            "sentiment": 0,
            "surprise": "-0.01",
            "closePrice": "42.45"
        },
        {
            "fiscalDateEnding": "2017-03-31",
            "totalCurrentAssets": "2477407000",
            "cashAndShortTermInvestments": "432527000",
            "totalCurrentLiabilities": "1427201000",
            "currentDebt": "3416000",
            "netIncome": "31717000",
            "capitalExpenditures": "33615000",
            "operatingCashflow": "88721000",
            "grossProfit": "133210000",
            "totalRevenue": "1676776000",
            "sentiment": 0,
            "surprise": "0.06",
            "closePrice": "39.95"
        },
        {
            "fiscalDateEnding": "2016-12-31",
            "totalCurrentAssets": "2417588000",
            "cashAndShortTermInvestments": "405240000",
            "totalCurrentLiabilities": "1435249000",
            "currentDebt": "43416000",
            "netIncome": "44864000",
            "capitalExpenditures": "21667000",
            "operatingCashflow": "53927000",
            "grossProfit": "132162000",
            "totalRevenue": "1714710000",
            "sentiment": 0,
            "surprise": "0.08",
            "closePrice": "37.25"
        },
        {
            "fiscalDateEnding": "2016-09-30",
            "totalCurrentAssets": "2375652000",
            "cashAndShortTermInvestments": "398288000",
            "totalCurrentLiabilities": "1401263000",
            "currentDebt": "28416000",
            "netIncome": "100805000",
            "capitalExpenditures": "35925000",
            "operatingCashflow": "-151126000",
            "grossProfit": "127271000",
            "totalRevenue": "1684460000",
            "sentiment": 0,
            "surprise": "0.05",
            "closePrice": "28.1"
        },
        {
            "fiscalDateEnding": "2016-06-30",
            "totalCurrentAssets": "2380956000",
            "cashAndShortTermInvestments": "409620000",
            "totalCurrentLiabilities": "1447931000",
            "currentDebt": "83416000",
            "netIncome": "29534000",
            "capitalExpenditures": "26462000",
            "operatingCashflow": "34956000",
            "grossProfit": "126661000",
            "totalRevenue": "1663064000",
            "sentiment": 0,
            "surprise": "0",
            "closePrice": "29.14"
        },
        {
            "fiscalDateEnding": "2016-03-31",
            "totalCurrentAssets": "2392936000",
            "cashAndShortTermInvestments": "407319000",
            "totalCurrentLiabilities": "1495251000",
            "currentDebt": "136430000",
            "netIncome": "30361000",
            "capitalExpenditures": "29103000",
            "operatingCashflow": "38846000",
            "grossProfit": "136712000",
            "totalRevenue": "1604821000",
            "sentiment": 0,
            "surprise": "0.06",
            "closePrice": "22.21"
        },
        {
            "fiscalDateEnding": "2015-12-31",
            "totalCurrentAssets": "2280439000",
            "cashAndShortTermInvestments": "398447000",
            "totalCurrentLiabilities": "1311871000",
            "currentDebt": "89416000",
            "netIncome": "27138000",
            "capitalExpenditures": "28910000",
            "operatingCashflow": "112994000",
            "grossProfit": "123638000",
            "totalRevenue": "1528836000",
            "sentiment": 0,
            "surprise": "0",
            "closePrice": "17.38"
        },
        {
            "fiscalDateEnding": "2015-09-30",
            "totalCurrentAssets": "2322980000",
            "cashAndShortTermInvestments": "412253000",
            "totalCurrentLiabilities": "1380557000",
            "currentDebt": "113416000",
            "netIncome": "315382000",
            "capitalExpenditures": "42858000",
            "operatingCashflow": "-150453000",
            "grossProfit": "121685000",
            "totalRevenue": "1637068000",
            "sentiment": 0,
            "surprise": "0.02",
            "closePrice": "20.97"
        },
        {
            "fiscalDateEnding": "2015-06-30",
            "totalCurrentAssets": "2325371000",
            "cashAndShortTermInvestments": "416471000",
            "totalCurrentLiabilities": "1330264000",
            "currentDebt": "8416000",
            "netIncome": "24475000",
            "capitalExpenditures": "24922000",
            "operatingCashflow": "28748000",
            "grossProfit": "120562000",
            "totalRevenue": "1536075000",
            "sentiment": 0,
            "surprise": "0.04",
            "closePrice": "19.03"
        },
        {
            "fiscalDateEnding": "2015-03-31",
            "totalCurrentAssets": "2290543000",
            "cashAndShortTermInvestments": "407717000",
            "totalCurrentLiabilities": "1271596000",
            "currentDebt": "43416000",
            "netIncome": "14748000",
            "capitalExpenditures": "22609000",
            "operatingCashflow": "20236000",
            "grossProfit": "115263000",
            "totalRevenue": "1522469000",
            "sentiment": 0,
            "surprise": "-0.03",
            "closePrice": "23.36"
        },
        {
            "fiscalDateEnding": "2014-12-31",
            "totalCurrentAssets": "2381506000",
            "cashAndShortTermInvestments": "391149000",
            "totalCurrentLiabilities": "1372318000",
            "currentDebt": "63416000",
            "netIncome": "22656000",
            "capitalExpenditures": "28708000",
            "operatingCashflow": "-27575000",
            "grossProfit": "126346000",
            "totalRevenue": "1661812000",
            "sentiment": 0,
            "surprise": "0.03",
            "closePrice": "23.36"
        },
        {
            "fiscalDateEnding": "2014-09-30",
            "totalCurrentAssets": "2450974000",
            "cashAndShortTermInvestments": "466607000",
            "totalCurrentLiabilities": "1534137000",
            "currentDebt": "157394000",
            "netIncome": "132503000",
            "capitalExpenditures": "22083000",
            "operatingCashflow": "476572000",
            "grossProfit": "131618000",
            "totalRevenue": "1675173000",
            "sentiment": 0,
            "surprise": "0.07",
            "closePrice": "19.36"
        },
        {
            "fiscalDateEnding": "2014-06-30",
            "totalCurrentAssets": "2504301000",
            "cashAndShortTermInvestments": "552013000",
            "totalCurrentLiabilities": "1488152000",
            "currentDebt": "163732000",
            "netIncome": "20721000",
            "capitalExpenditures": "12302000",
            "operatingCashflow": "24959000",
            "grossProfit": "126913000",
            "totalRevenue": "1596288000",
            "sentiment": 0,
            "surprise": "0.05",
            "closePrice": "22.35"
        },
        {
            "fiscalDateEnding": "2014-03-31",
            "totalCurrentAssets": "2231850000",
            "cashAndShortTermInvestments": "390622000",
            "totalCurrentLiabilities": "1225893000",
            "currentDebt": "85682000",
            "netIncome": "20840000",
            "capitalExpenditures": "21515000",
            "operatingCashflow": "25597000",
            "grossProfit": "118967000",
            "totalRevenue": "1469760000",
            "sentiment": 0,
            "surprise": "0.05",
            "closePrice": "18.26"
        },
        {
            "fiscalDateEnding": "2013-12-31",
            "totalCurrentAssets": "2203943000",
            "cashAndShortTermInvestments": "407051000",
            "totalCurrentLiabilities": "1240212000",
            "currentDebt": "83822000",
            "netIncome": "23101000",
            "capitalExpenditures": "13607000",
            "operatingCashflow": "38243000",
            "grossProfit": "110785000",
            "totalRevenue": "1440025000",
            "sentiment": 0,
            "surprise": "0.03",
            "closePrice": "14.8"
        },
        {
            "fiscalDateEnding": "2013-09-30",
            "totalCurrentAssets": "2204588000",
            "cashAndShortTermInvestments": "402875000",
            "totalCurrentLiabilities": "1206724000",
            "currentDebt": "22301000",
            "netIncome": "38801000",
            "capitalExpenditures": "22405000",
            "operatingCashflow": "90047000",
            "grossProfit": "115334000",
            "totalRevenue": "1496846000",
            "sentiment": 0,
            "surprise": "0.06",
            "closePrice": "17.15"
        },
        {
            "fiscalDateEnding": "2013-06-30",
            "totalCurrentAssets": "2188658000",
            "cashAndShortTermInvestments": "416394000",
            "totalCurrentLiabilities": "1250570000",
            "currentDebt": "113865000",
            "netIncome": "18738000",
            "capitalExpenditures": "10032000",
            "operatingCashflow": "23106000",
            "grossProfit": "114251000",
            "totalRevenue": "1480446000",
            "sentiment": 0,
            "surprise": "0.05",
            "closePrice": "16.55"
        },
        {
            "fiscalDateEnding": "2013-03-31",
            "totalCurrentAssets": "2156347000",
            "cashAndShortTermInvestments": "411942000",
            "totalCurrentLiabilities": "1232481000",
            "currentDebt": "170216000",
            "netIncome": "21191000",
            "capitalExpenditures": "16122000",
            "operatingCashflow": "25533000",
            "grossProfit": "100304000",
            "totalRevenue": "1427642000",
            "sentiment": 0,
            "surprise": "0.02",
            "closePrice": "10.83"
        },
        {
            "fiscalDateEnding": "2012-12-31",
            "totalCurrentAssets": "2248761000",
            "cashAndShortTermInvestments": "490693000",
            "totalCurrentLiabilities": "1211283000",
            "currentDebt": "162641000",
            "netIncome": "621000",
            "capitalExpenditures": "27391000",
            "operatingCashflow": "97084000",
            "grossProfit": "96928000",
            "totalRevenue": "1494945000",
            "sentiment": 0,
            "surprise": "-0.05",
            "closePrice": "11.75"
        },
        {
            "fiscalDateEnding": "2012-09-30",
            "totalCurrentAssets": "2326299000",
            "cashAndShortTermInvestments": "409618000",
            "totalCurrentLiabilities": "1219547000",
            "currentDebt": "59995000",
            "netIncome": "164150000",
            "capitalExpenditures": "22555000",
            "operatingCashflow": "121071000",
            "grossProfit": "115157000",
            "totalRevenue": "1562485000",
            "sentiment": 0,
            "surprise": "0.12",
            "closePrice": "8.88"
        },
        {
            "fiscalDateEnding": "2012-06-30",
            "totalCurrentAssets": "2334895000",
            "cashAndShortTermInvestments": "394862000",
            "totalCurrentLiabilities": "1157454000",
            "currentDebt": "30000000",
            "netIncome": "8948000",
            "capitalExpenditures": "15421000",
            "operatingCashflow": "47619000",
            "grossProfit": "105252000",
            "totalRevenue": "1534469000",
            "sentiment": 0,
            "surprise": "-0.02",
            "closePrice": "7.18"
        },
        {
            "fiscalDateEnding": "2012-03-31",
            "totalCurrentAssets": "2324261000",
            "cashAndShortTermInvestments": "464419000",
            "totalCurrentLiabilities": "1072825000",
            "currentDebt": "30000000",
            "netIncome": "-1439000",
            "capitalExpenditures": "16396000",
            "operatingCashflow": "59974000",
            "grossProfit": "106348000",
            "totalRevenue": "1463082000",
            "sentiment": 0,
            "surprise": "0",
            "closePrice": "10.26"
        },
        {
            "fiscalDateEnding": "2011-12-31",
            "totalCurrentAssets": "2516802000",
            "cashAndShortTermInvestments": "604469000",
            "totalCurrentLiabilities": "1137030000",
            "currentDebt": "59100000",
            "netIncome": "8575000",
            "capitalExpenditures": "24259000",
            "operatingCashflow": "-13251000",
            "grossProfit": "109025000",
            "totalRevenue": "1502366000",
            "sentiment": 0,
            "surprise": "-0.03",
            "closePrice": "10.5"
        },
        {
            "fiscalDateEnding": "2011-09-30",
            "totalCurrentAssets": "2629246000",
            "cashAndShortTermInvestments": "640288000",
            "totalCurrentLiabilities": "1265885000",
            "currentDebt": "60200000",
            "netIncome": "18088000",
            "capitalExpenditures": "24774000",
            "operatingCashflow": "79047000",
            "grossProfit": "133872000",
            "totalRevenue": "1682156000",
            "sentiment": 0,
            "surprise": "0.06",
            "closePrice": "8.05"
        },
        {
            "fiscalDateEnding": "2011-06-30",
            "totalCurrentAssets": "2635615000",
            "cashAndShortTermInvestments": "582816000",
            "totalCurrentLiabilities": "1278594000",
            "currentDebt": "None",
            "netIncome": "9405000",
            "capitalExpenditures": "28040000",
            "operatingCashflow": "51322000",
            "grossProfit": "131601000",
            "totalRevenue": "1650797000",
            "sentiment": 0,
            "surprise": "0.07",
            "closePrice": "9.22"
        },
        {
            "fiscalDateEnding": "2011-03-31",
            "totalCurrentAssets": "2576016000",
            "cashAndShortTermInvestments": "654745000",
            "totalCurrentLiabilities": "1149942000",
            "currentDebt": "None",
            "netIncome": "13065000",
            "capitalExpenditures": "21541000",
            "operatingCashflow": "106798000",
            "grossProfit": "116831000",
            "totalRevenue": "1543187000",
            "sentiment": 0.2476625197604525,
            "surprise": "0",
            "closePrice": "11.45"
        },
        {
            "fiscalDateEnding": "2011-12-31",
            "totalCurrentAssets": "2520762000",
            "cashAndShortTermInvestments": "604469000",
            "totalCurrentLiabilities": "1149679000",
            "currentDebt": "None",
            "netIncome": "28359000",
            "capitalExpenditures": "33219000",
            "operatingCashflow": "-2259000",
            "grossProfit": "128047000",
            "totalRevenue": "1634163000",
            "sentiment": 0,
            "surprise": "-0.03",
            "closePrice": "10.5"
        }
    ]
}