{
    "SAP": [
        {
            "fiscalDateEnding": "2023-12-31",
            "totalCurrentAssets": "20531000000",
            "cashAndShortTermInvestments": "8124000000",
            "totalCurrentLiabilities": "14576000000",
            "currentDebt": "None",
            "netIncome": "1185000000",
            "capitalExpenditures": "190000000",
            "operatingCashflow": "1968000000",
            "grossProfit": "6208000000",
            "totalRevenue": "8468000000",
            "sentiment": 0.4244975779005336,
            "surprise": "-0.17",
            "closePrice": "163.38"
        },
        {
            "fiscalDateEnding": "2023-09-30",
            "totalCurrentAssets": "20817000000",
            "cashAndShortTermInvestments": "9378000000",
            "totalCurrentLiabilities": "13391000000",
            "currentDebt": "None",
            "netIncome": "3544000000",
            "capitalExpenditures": "182000000",
            "operatingCashflow": "1124000000",
            "grossProfit": "5636000000",
            "totalRevenue": "7744000000",
            "sentiment": 0.42629572327321275,
            "surprise": "0.09",
            "closePrice": "127.61"
        },
        {
            "fiscalDateEnding": "2023-06-30",
            "totalCurrentAssets": "22990000000",
            "cashAndShortTermInvestments": "14142000000",
            "totalCurrentLiabilities": "16176000000",
            "currentDebt": "None",
            "netIncome": "724000000",
            "capitalExpenditures": "156000000",
            "operatingCashflow": "867000000",
            "grossProfit": "5410000000",
            "totalRevenue": "7555000000",
            "sentiment": 0.4800691667396672,
            "surprise": "1.98",
            "closePrice": "133.93"
        },
        {
            "fiscalDateEnding": "2023-03-31",
            "totalCurrentAssets": "26507000000",
            "cashAndShortTermInvestments": "8766000000",
            "totalCurrentLiabilities": "18849000000",
            "currentDebt": "None",
            "netIncome": "403000000",
            "capitalExpenditures": "257000000",
            "operatingCashflow": "2373000000",
            "grossProfit": "5285000000",
            "totalRevenue": "7441000000",
            "sentiment": 0.4390515405683615,
            "surprise": "0.17",
            "closePrice": "131.760632564392"
        },
        {
            "fiscalDateEnding": "2022-12-31",
            "totalCurrentAssets": "26507000000",
            "cashAndShortTermInvestments": "8766000000",
            "totalCurrentLiabilities": "18849000000",
            "currentDebt": "None",
            "netIncome": "403000000",
            "capitalExpenditures": "257000000",
            "operatingCashflow": "2373000000",
            "grossProfit": "5285000000",
            "totalRevenue": "7441000000",
            "sentiment": 0.4219983717671085,
            "surprise": "-0.38",
            "closePrice": "112.235074099269"
        },
        {
            "fiscalDateEnding": "2022-09-30",
            "totalCurrentAssets": "20839000000",
            "cashAndShortTermInvestments": "7340000000",
            "totalCurrentLiabilities": "20233000000",
            "currentDebt": "None",
            "netIncome": "547000000",
            "capitalExpenditures": "282000000",
            "operatingCashflow": "848000000",
            "grossProfit": "5575000000",
            "totalRevenue": "7841000000",
            "sentiment": 0.22220001329730313,
            "surprise": "-0.15",
            "closePrice": "85.4304661307761"
        },
        {
            "fiscalDateEnding": "2022-06-30",
            "totalCurrentAssets": "20121000000",
            "cashAndShortTermInvestments": "7492000000",
            "totalCurrentLiabilities": "20894000000",
            "currentDebt": "None",
            "netIncome": "203000000",
            "capitalExpenditures": "235000000",
            "operatingCashflow": "268000000",
            "grossProfit": "5317000000",
            "totalRevenue": "7516000000",
            "sentiment": 0.07905128994948722,
            "surprise": "-0.12",
            "closePrice": "88.8142404945052"
        },
        {
            "fiscalDateEnding": "2022-03-31",
            "totalCurrentAssets": "23367000000",
            "cashAndShortTermInvestments": "8942000000",
            "totalCurrentLiabilities": "21027000000",
            "currentDebt": "None",
            "netIncome": "632000000",
            "capitalExpenditures": "221000000",
            "operatingCashflow": "2482000000",
            "grossProfit": "4978000000",
            "totalRevenue": "7077000000",
            "sentiment": 0.10964857944067632,
            "surprise": "-0.15",
            "closePrice": "99.9337167841285"
        },
        {
            "fiscalDateEnding": "2021-12-31",
            "totalCurrentAssets": "20044000000",
            "cashAndShortTermInvestments": "8898000000",
            "totalCurrentLiabilities": "16136000000",
            "currentDebt": "None",
            "netIncome": "1440000000",
            "capitalExpenditures": "254000000",
            "operatingCashflow": "1269000000",
            "grossProfit": "5822000000",
            "totalRevenue": "7980000000",
            "sentiment": 0,
            "surprise": "0.17",
            "closePrice": "127.291594185888"
        },
        {
            "fiscalDateEnding": "2021-09-30",
            "totalCurrentAssets": "16927000000",
            "cashAndShortTermInvestments": "7943000000",
            "totalCurrentLiabilities": "14511000000",
            "currentDebt": "None",
            "netIncome": "1417000000",
            "capitalExpenditures": "202000000",
            "operatingCashflow": "1183000000",
            "grossProfit": "4887000000",
            "totalRevenue": "6845000000",
            "sentiment": 0,
            "surprise": "0.42",
            "closePrice": "138.232820568513"
        },
        {
            "fiscalDateEnding": "2021-06-30",
            "totalCurrentAssets": "16502000000",
            "cashAndShortTermInvestments": "7764000000",
            "totalCurrentLiabilities": "15362000000",
            "currentDebt": "None",
            "netIncome": "1449000000",
            "capitalExpenditures": "191000000",
            "operatingCashflow": "686000000",
            "grossProfit": "4724000000",
            "totalRevenue": "6670000000",
            "sentiment": 0,
            "surprise": "0.52",
            "closePrice": "133.623456067829"
        },
        {
            "fiscalDateEnding": "2021-03-31",
            "totalCurrentAssets": "20078000000",
            "cashAndShortTermInvestments": "10332000000",
            "totalCurrentLiabilities": "16786000000",
            "currentDebt": "None",
            "netIncome": "1070000000",
            "capitalExpenditures": "153000000",
            "operatingCashflow": "3085000000",
            "grossProfit": "4466000000",
            "totalRevenue": "6350000000",
            "sentiment": 0,
            "surprise": "0.48",
            "closePrice": "127.299905471514"
        },
        {
            "fiscalDateEnding": "2020-12-31",
            "totalCurrentAssets": "15085000000",
            "cashAndShortTermInvestments": "5311000000",
            "totalCurrentLiabilities": "12868000000",
            "currentDebt": "None",
            "netIncome": "1932000000",
            "capitalExpenditures": "164000000",
            "operatingCashflow": "2099000000",
            "grossProfit": "5636000000",
            "totalRevenue": "7539000000",
            "sentiment": 0,
            "surprise": "0.06",
            "closePrice": "119.506420222458"
        },
        {
            "fiscalDateEnding": "2020-09-30",
            "totalCurrentAssets": "15617000000",
            "cashAndShortTermInvestments": "7434000000",
            "totalCurrentLiabilities": "13810000000",
            "currentDebt": "None",
            "netIncome": "1651000000",
            "capitalExpenditures": "155000000",
            "operatingCashflow": "1322000000",
            "grossProfit": "4646000000",
            "totalRevenue": "6536000000",
            "sentiment": 0,
            "surprise": "0.4",
            "closePrice": "108.919401378662"
        },
        {
            "fiscalDateEnding": "2020-06-30",
            "totalCurrentAssets": "16043000000",
            "cashAndShortTermInvestments": "6205000000",
            "totalCurrentLiabilities": "15300000000",
            "currentDebt": "None",
            "netIncome": "886000000",
            "capitalExpenditures": "164000000",
            "operatingCashflow": "788000000",
            "grossProfit": "4715000000",
            "totalRevenue": "6743000000",
            "sentiment": 0,
            "surprise": "0.03",
            "closePrice": "156.125384327074"
        },
        {
            "fiscalDateEnding": "2020-03-31",
            "totalCurrentAssets": "17333000000",
            "cashAndShortTermInvestments": "7816000000",
            "totalCurrentLiabilities": "17467000000",
            "currentDebt": "None",
            "netIncome": "811000000",
            "capitalExpenditures": "333000000",
            "operatingCashflow": "2984000000",
            "grossProfit": "4455000000",
            "totalRevenue": "6521000000",
            "sentiment": 0,
            "surprise": "-0.07",
            "closePrice": "108.252473123831"
        },
        {
            "fiscalDateEnding": "2019-12-31",
            "totalCurrentAssets": "15193000000",
            "cashAndShortTermInvestments": "5314000000",
            "totalCurrentLiabilities": "14464000000",
            "currentDebt": "None",
            "netIncome": "1654000000",
            "capitalExpenditures": "95000000",
            "operatingCashflow": "180000000",
            "grossProfit": "5858000000",
            "totalRevenue": "8040000000",
            "sentiment": 0,
            "surprise": "0.09",
            "closePrice": "123.613125775713"
        },
        {
            "fiscalDateEnding": "2019-09-30",
            "totalCurrentAssets": "14085000000",
            "cashAndShortTermInvestments": "5525000000",
            "totalCurrentLiabilities": "13884000000",
            "currentDebt": "None",
            "netIncome": "1258000000",
            "capitalExpenditures": "164000000",
            "operatingCashflow": "638000000",
            "grossProfit": "4774000000",
            "totalRevenue": "6791000000",
            "sentiment": 0,
            "surprise": "0.1",
            "closePrice": "123.846428519514"
        },
        {
            "fiscalDateEnding": "2019-06-30",
            "totalCurrentAssets": "13551000000",
            "cashAndShortTermInvestments": "5168000000",
            "totalCurrentLiabilities": "14213000000",
            "currentDebt": "None",
            "netIncome": "583000000",
            "capitalExpenditures": "180000000",
            "operatingCashflow": "-123000000",
            "grossProfit": "4520000000",
            "totalRevenue": "6631000000",
            "sentiment": 0,
            "surprise": "-0.01",
            "closePrice": "118.909742460677"
        },
        {
            "fiscalDateEnding": "2019-03-31",
            "totalCurrentAssets": "16062000000",
            "cashAndShortTermInvestments": "7332000000",
            "totalCurrentLiabilities": "14650000000",
            "currentDebt": "None",
            "netIncome": "-108000000",
            "capitalExpenditures": "359000000",
            "operatingCashflow": "2802000000",
            "grossProfit": "4051000000",
            "totalRevenue": "6092000000",
            "sentiment": 0,
            "surprise": "0.05",
            "closePrice": "118.897031112125"
        },
        {
            "fiscalDateEnding": "2018-12-31",
            "totalCurrentAssets": "16620000000",
            "cashAndShortTermInvestments": "8627000000",
            "totalCurrentLiabilities": "10481000000",
            "currentDebt": "None",
            "netIncome": "1687000000",
            "capitalExpenditures": "312000000",
            "operatingCashflow": "819000000",
            "grossProfit": "5418000000",
            "totalRevenue": "7428000000",
            "sentiment": 0,
            "surprise": "-0.04",
            "closePrice": "94.58890707239"
        },
        {
            "fiscalDateEnding": "2018-09-30",
            "totalCurrentAssets": "11391000000",
            "cashAndShortTermInvestments": "4507000000",
            "totalCurrentLiabilities": "10094000000",
            "currentDebt": "None",
            "netIncome": "973000000",
            "capitalExpenditures": "328000000",
            "operatingCashflow": "499000000",
            "grossProfit": "4112000000",
            "totalRevenue": "6020000000",
            "sentiment": 0,
            "surprise": "0.04",
            "closePrice": "98.5681073699138"
        },
        {
            "fiscalDateEnding": "2018-06-30",
            "totalCurrentAssets": "11448000000",
            "cashAndShortTermInvestments": "4515000000",
            "totalCurrentLiabilities": "11437000000",
            "currentDebt": "None",
            "netIncome": "720000000",
            "capitalExpenditures": "391000000",
            "operatingCashflow": "407000000",
            "grossProfit": "4114000000",
            "totalRevenue": "6000000000",
            "sentiment": 0,
            "surprise": "-0.01",
            "closePrice": "108.147663641731"
        },
        {
            "fiscalDateEnding": "2018-03-31",
            "totalCurrentAssets": "15079000000",
            "cashAndShortTermInvestments": "7598000000",
            "totalCurrentLiabilities": "11430000000",
            "currentDebt": "None",
            "netIncome": "708000000",
            "capitalExpenditures": "427000000",
            "operatingCashflow": "2578000000",
            "grossProfit": "3604000000",
            "totalRevenue": "5260000000",
            "sentiment": 0,
            "surprise": "0",
            "closePrice": "98.4391795110108"
        },
        {
            "fiscalDateEnding": "2017-12-31",
            "totalCurrentAssets": "11930000000",
            "cashAndShortTermInvestments": "4011000000",
            "totalCurrentLiabilities": "10210000000",
            "currentDebt": "None",
            "netIncome": "1867000000",
            "capitalExpenditures": "311000000",
            "operatingCashflow": "920000000",
            "grossProfit": "4982000000",
            "totalRevenue": "6805000000",
            "sentiment": 0,
            "surprise": "0.22",
            "closePrice": "100.534981397374"
        },
        {
            "fiscalDateEnding": "2017-09-30",
            "totalCurrentAssets": "11219000000",
            "cashAndShortTermInvestments": "4220000000",
            "totalCurrentLiabilities": "9507000000",
            "currentDebt": "None",
            "netIncome": "992000000",
            "capitalExpenditures": "354000000",
            "operatingCashflow": "611000000",
            "grossProfit": "3916000000",
            "totalRevenue": "5589000000",
            "sentiment": 0,
            "surprise": "0",
            "closePrice": "102.884819876024"
        },
        {
            "fiscalDateEnding": "2017-06-30",
            "totalCurrentAssets": "11638000000",
            "cashAndShortTermInvestments": "4236000000",
            "totalCurrentLiabilities": "10318000000",
            "currentDebt": "None",
            "netIncome": "667000000",
            "capitalExpenditures": "319000000",
            "operatingCashflow": "642000000",
            "grossProfit": "3986000000",
            "totalRevenue": "5781000000",
            "sentiment": 0,
            "surprise": "0",
            "closePrice": "96.0076864134116"
        },
        {
            "fiscalDateEnding": "2017-03-31",
            "totalCurrentAssets": "15147000000",
            "cashAndShortTermInvestments": "5937000000",
            "totalCurrentLiabilities": "12649000000",
            "currentDebt": "None",
            "netIncome": "530000000",
            "capitalExpenditures": "291000000",
            "operatingCashflow": "2872000000",
            "grossProfit": "3525000000",
            "totalRevenue": "5285000000",
            "sentiment": 0,
            "surprise": "0",
            "closePrice": "91.7791632960758"
        },
        {
            "fiscalDateEnding": "2016-12-31",
            "totalCurrentAssets": "11626000000",
            "cashAndShortTermInvestments": "3702000000",
            "totalCurrentLiabilities": "9734000000",
            "currentDebt": "None",
            "netIncome": "1526000000",
            "capitalExpenditures": "335000000",
            "operatingCashflow": "1000000000",
            "grossProfit": "4909000000",
            "totalRevenue": "6723000000",
            "sentiment": 0,
            "surprise": "0.07",
            "closePrice": "80.5460335477066"
        },
        {
            "fiscalDateEnding": "2016-09-30",
            "totalCurrentAssets": "10374000000",
            "cashAndShortTermInvestments": "4112000000",
            "totalCurrentLiabilities": "8949000000",
            "currentDebt": "None",
            "netIncome": "726000000",
            "capitalExpenditures": "260000000",
            "operatingCashflow": "707000000",
            "grossProfit": "3729000000",
            "totalRevenue": "5375000000",
            "sentiment": 0,
            "surprise": "-0.06",
            "closePrice": "79.8181267400123"
        },
        {
            "fiscalDateEnding": "2016-06-30",
            "totalCurrentAssets": "10549000000",
            "cashAndShortTermInvestments": "4206000000",
            "totalCurrentLiabilities": "8574000000",
            "currentDebt": "None",
            "netIncome": "812000000",
            "capitalExpenditures": "238000000",
            "operatingCashflow": "439000000",
            "grossProfit": "3775000000",
            "totalRevenue": "5236000000",
            "sentiment": 0,
            "surprise": "-0.07",
            "closePrice": "75.226023298879"
        },
        {
            "fiscalDateEnding": "2016-03-31",
            "totalCurrentAssets": "12368000000",
            "cashAndShortTermInvestments": "5743000000",
            "totalCurrentLiabilities": "9708000000",
            "currentDebt": "None",
            "netIncome": "570000000",
            "capitalExpenditures": "168000000",
            "operatingCashflow": "2482000000",
            "grossProfit": "3078000000",
            "totalRevenue": "4727000000",
            "sentiment": 0,
            "surprise": "-0.07",
            "closePrice": "68.1181754439195"
        },
        {
            "fiscalDateEnding": "2015-12-31",
            "totalCurrentAssets": "9739000000",
            "cashAndShortTermInvestments": "3411000000",
            "totalCurrentLiabilities": "7867000000",
            "currentDebt": "None",
            "netIncome": "1278000000",
            "capitalExpenditures": "212000000",
            "operatingCashflow": "397000000",
            "grossProfit": "4490000000",
            "totalRevenue": "6346000000",
            "sentiment": 0,
            "surprise": "0.02",
            "closePrice": "69.503449250366"
        },
        {
            "fiscalDateEnding": "2015-09-30",
            "totalCurrentAssets": "9618000000",
            "cashAndShortTermInvestments": "3844000000",
            "totalCurrentLiabilities": "8595000000",
            "currentDebt": "None",
            "netIncome": "896000000",
            "capitalExpenditures": "148000000",
            "operatingCashflow": "466000000",
            "grossProfit": "3441000000",
            "totalRevenue": "4985000000",
            "sentiment": 0,
            "surprise": "0.06",
            "closePrice": "64.2021129526187"
        },
        {
            "fiscalDateEnding": "2015-06-30",
            "totalCurrentAssets": "9710000000",
            "cashAndShortTermInvestments": "3923000000",
            "totalCurrentLiabilities": "9769000000",
            "currentDebt": "None",
            "netIncome": "469000000",
            "capitalExpenditures": "137000000",
            "operatingCashflow": "409000000",
            "grossProfit": "3363000000",
            "totalRevenue": "4970000000",
            "sentiment": 0,
            "surprise": "-0.06",
            "closePrice": "64.6461109675054"
        },
        {
            "fiscalDateEnding": "2015-03-31",
            "totalCurrentAssets": "11855000000",
            "cashAndShortTermInvestments": "4635000000",
            "totalCurrentLiabilities": "10954000000",
            "currentDebt": "None",
            "netIncome": "413000000",
            "capitalExpenditures": "139000000",
            "operatingCashflow": "2366000000",
            "grossProfit": "2938000000",
            "totalRevenue": "4497000000",
            "sentiment": 0,
            "surprise": "-0.05",
            "closePrice": "65.0794756671485"
        },
        {
            "fiscalDateEnding": "2014-12-31",
            "totalCurrentAssets": "8980000000",
            "cashAndShortTermInvestments": "3328000000",
            "totalCurrentLiabilities": "8544000000",
            "currentDebt": "None",
            "netIncome": "1309000000",
            "capitalExpenditures": "265000000",
            "operatingCashflow": "417000000",
            "grossProfit": "3996000000",
            "totalRevenue": "5458000000",
            "sentiment": 0,
            "surprise": "-0.02",
            "closePrice": "55.7924396196919"
        },
        {
            "fiscalDateEnding": "2014-09-30",
            "totalCurrentAssets": "8001000000",
            "cashAndShortTermInvestments": "3354000000",
            "totalCurrentLiabilities": "7048000000",
            "currentDebt": "None",
            "netIncome": "881000000",
            "capitalExpenditures": "168000000",
            "operatingCashflow": "507000000",
            "grossProfit": "2969000000",
            "totalRevenue": "4254000000",
            "sentiment": 0,
            "surprise": "0",
            "closePrice": "57.6533579959309"
        },
        {
            "fiscalDateEnding": "2014-06-30",
            "totalCurrentAssets": "7610000000",
            "cashAndShortTermInvestments": "3123000000",
            "totalCurrentLiabilities": "7385000000",
            "currentDebt": "None",
            "netIncome": "556000000",
            "capitalExpenditures": "174000000",
            "operatingCashflow": "223000000",
            "grossProfit": "2862000000",
            "totalRevenue": "4151000000",
            "sentiment": 0,
            "surprise": "0.03",
            "closePrice": "70.8202332995082"
        },
        {
            "fiscalDateEnding": "2014-03-31",
            "totalCurrentAssets": "9664000000",
            "cashAndShortTermInvestments": "4513000000",
            "totalCurrentLiabilities": "7990000000",
            "currentDebt": "None",
            "netIncome": "534000000",
            "capitalExpenditures": "130000000",
            "operatingCashflow": "2352000000",
            "grossProfit": "2462000000",
            "totalRevenue": "3698000000",
            "sentiment": 0,
            "surprise": "-0.04",
            "closePrice": "69.1036613175364"
        },
        {
            "fiscalDateEnding": "2013-12-31",
            "totalCurrentAssets": "7352000000",
            "cashAndShortTermInvestments": "2748000000",
            "totalCurrentLiabilities": "6347000000",
            "currentDebt": "None",
            "netIncome": "1319000000",
            "capitalExpenditures": "165000000",
            "operatingCashflow": "792000000",
            "grossProfit": "3771000000",
            "totalRevenue": "5109000000",
            "sentiment": 0,
            "surprise": "0",
            "closePrice": "70.5243709146376"
        },
        {
            "fiscalDateEnding": "2013-09-30",
            "totalCurrentAssets": "7197000000",
            "cashAndShortTermInvestments": "3255000000",
            "totalCurrentLiabilities": "7431000000",
            "currentDebt": "None",
            "netIncome": "762000000",
            "capitalExpenditures": "136000000",
            "operatingCashflow": "558000000",
            "grossProfit": "2805000000",
            "totalRevenue": "4046000000",
            "sentiment": 0,
            "surprise": "-0.04",
            "closePrice": "66.1929392161585"
        },
        {
            "fiscalDateEnding": "2013-06-30",
            "totalCurrentAssets": "7776000000",
            "cashAndShortTermInvestments": "3386000000",
            "totalCurrentLiabilities": "7797000000",
            "currentDebt": "None",
            "netIncome": "724000000",
            "capitalExpenditures": "152000000",
            "operatingCashflow": "320000000",
            "grossProfit": "2855000000",
            "totalRevenue": "4062000000",
            "sentiment": 0,
            "surprise": "-0.02",
            "closePrice": "64.0185605035219"
        },
        {
            "fiscalDateEnding": "2013-03-31",
            "totalCurrentAssets": "9269000000",
            "cashAndShortTermInvestments": "4473000000",
            "totalCurrentLiabilities": "8309000000",
            "currentDebt": "None",
            "netIncome": "520000000",
            "capitalExpenditures": "113000000",
            "operatingCashflow": "2162000000",
            "grossProfit": "2391000000",
            "totalRevenue": "3601000000",
            "sentiment": 0,
            "surprise": "0",
            "closePrice": "64.3675239111509"
        },
        {
            "fiscalDateEnding": "2012-12-31",
            "totalCurrentAssets": "7033000000",
            "cashAndShortTermInvestments": "2475000000",
            "totalCurrentLiabilities": "6689000000",
            "currentDebt": "None",
            "netIncome": "1100000000",
            "capitalExpenditures": "171000000",
            "operatingCashflow": "765000000",
            "grossProfit": "3655000000",
            "totalRevenue": "5022000000",
            "sentiment": 0,
            "surprise": "-0.04",
            "closePrice": "67.3755123138688"
        },
        {
            "fiscalDateEnding": "2012-09-30",
            "totalCurrentAssets": "7656000000",
            "cashAndShortTermInvestments": "3926000000",
            "totalCurrentLiabilities": "7403000000",
            "currentDebt": "None",
            "netIncome": "619000000",
            "capitalExpenditures": "2636000000",
            "operatingCashflow": "657000000",
            "grossProfit": "2695000000",
            "totalRevenue": "3952000000",
            "sentiment": 0,
            "surprise": "-0.05",
            "closePrice": "61.0253145747977"
        },
        {
            "fiscalDateEnding": "2012-06-30",
            "totalCurrentAssets": "7536000000",
            "cashAndShortTermInvestments": "3376000000",
            "totalCurrentLiabilities": "7465000000",
            "currentDebt": "None",
            "netIncome": "660000000",
            "capitalExpenditures": "278000000",
            "operatingCashflow": "329000000",
            "grossProfit": "2686000000",
            "totalRevenue": "3898000000",
            "sentiment": 0,
            "surprise": "0",
            "closePrice": "52.1470354146389"
        },
        {
            "fiscalDateEnding": "2012-03-31",
            "totalCurrentAssets": "9193000000",
            "cashAndShortTermInvestments": "4548000000",
            "totalCurrentLiabilities": "8142000000",
            "currentDebt": "None",
            "netIncome": "444000000",
            "capitalExpenditures": "2728000000",
            "operatingCashflow": "2071000000",
            "grossProfit": "2188000000",
            "totalRevenue": "3350000000",
            "sentiment": 0,
            "surprise": "-0.02",
            "closePrice": "55.5632824508025"
        },
        {
            "fiscalDateEnding": "2011-12-31",
            "totalCurrentAssets": "9669000000",
            "cashAndShortTermInvestments": "4965000000",
            "totalCurrentLiabilities": "6266000000",
            "currentDebt": "None",
            "netIncome": "1197000000",
            "capitalExpenditures": "116000000",
            "operatingCashflow": "809000000",
            "grossProfit": "3320000000",
            "totalRevenue": "4500000000",
            "sentiment": 0,
            "surprise": "0.03",
            "closePrice": "49.2622916574126"
        },
        {
            "fiscalDateEnding": "2011-09-30",
            "totalCurrentAssets": "8000000000",
            "cashAndShortTermInvestments": "3911000000",
            "totalCurrentLiabilities": "4527000000",
            "currentDebt": "None",
            "netIncome": "1251000000",
            "capitalExpenditures": "81000000",
            "operatingCashflow": "696000000",
            "grossProfit": "2359000000",
            "totalRevenue": "3409000000",
            "sentiment": 0,
            "surprise": "0.08",
            "closePrice": "51.0649815368049"
        },
        {
            "fiscalDateEnding": "2011-06-30",
            "totalCurrentAssets": "7680000000",
            "cashAndShortTermInvestments": "3842000000",
            "totalCurrentLiabilities": "5588000000",
            "currentDebt": "None",
            "netIncome": "588000000",
            "capitalExpenditures": "107000000",
            "operatingCashflow": "678000000",
            "grossProfit": "2247000000",
            "totalRevenue": "3300000000",
            "sentiment": 0,
            "surprise": "0.02",
            "closePrice": "52.7076195110175"
        },
        {
            "fiscalDateEnding": "2011-03-31",
            "totalCurrentAssets": "8288000000",
            "cashAndShortTermInvestments": "4477000000",
            "totalCurrentLiabilities": "6212000000",
            "currentDebt": "None",
            "netIncome": "403000000",
            "capitalExpenditures": "141000000",
            "operatingCashflow": "1592000000",
            "grossProfit": "1952000000",
            "totalRevenue": "3024000000",
            "sentiment": 0,
            "surprise": "-0.03",
            "closePrice": "52.500673247917"
        },
        {
            "fiscalDateEnding": "2010-12-31",
            "totalCurrentAssets": "7143000000",
            "cashAndShortTermInvestments": "3518000000",
            "totalCurrentLiabilities": "5149000000",
            "currentDebt": "None",
            "netIncome": "434000000",
            "capitalExpenditures": "134000000",
            "operatingCashflow": "870000000",
            "grossProfit": "2970000000",
            "totalRevenue": "4058000000",
            "sentiment": 0,
            "surprise": "0.05",
            "closePrice": "47.372009084482"
        },
        {
            "fiscalDateEnding": "2010-09-30",
            "totalCurrentAssets": "6002000000",
            "cashAndShortTermInvestments": "2828000000",
            "totalCurrentLiabilities": "4050000000",
            "currentDebt": "None",
            "netIncome": "501000000",
            "capitalExpenditures": "75000000",
            "operatingCashflow": "780000000",
            "grossProfit": "1959000000",
            "totalRevenue": "3003000000",
            "sentiment": 0,
            "surprise": "-0.01",
            "closePrice": "42.3424495425626"
        },
        {
            "fiscalDateEnding": "2010-06-30",
            "totalCurrentAssets": "7366000000",
            "cashAndShortTermInvestments": "3605000000",
            "totalCurrentLiabilities": "4183000000",
            "currentDebt": "None",
            "netIncome": "491000000",
            "capitalExpenditures": "68000000",
            "operatingCashflow": "510000000",
            "grossProfit": "1982000000",
            "totalRevenue": "2894000000",
            "sentiment": 0,
            "surprise": "0.04",
            "closePrice": "39.0802557510057"
        },
        {
            "fiscalDateEnding": "2010-03-31",
            "totalCurrentAssets": "6943000000",
            "cashAndShortTermInvestments": "2413000000",
            "totalCurrentLiabilities": "4752000000",
            "currentDebt": "None",
            "netIncome": "387000000",
            "capitalExpenditures": "57000000",
            "operatingCashflow": "772000000",
            "grossProfit": "1659000000",
            "totalRevenue": "2509000000",
            "sentiment": 0,
            "surprise": "0.01",
            "closePrice": "38.4429849872834"
        },
        {
            "fiscalDateEnding": "2009-12-31",
            "totalCurrentAssets": "5255000000",
            "cashAndShortTermInvestments": "1884000000",
            "totalCurrentLiabilities": "3416000000",
            "currentDebt": "None",
            "netIncome": "673000000",
            "capitalExpenditures": "56000000",
            "operatingCashflow": "639000000",
            "grossProfit": "2240000000",
            "totalRevenue": "3190000000",
            "sentiment": 0,
            "surprise": "0.06",
            "closePrice": "37.7887755001566"
        },
        {
            "fiscalDateEnding": "2009-09-30",
            "totalCurrentAssets": "6033000000",
            "cashAndShortTermInvestments": "2414000000",
            "totalCurrentLiabilities": "4804000000",
            "currentDebt": "None",
            "netIncome": "455000000",
            "capitalExpenditures": "63000000",
            "operatingCashflow": "553000000",
            "grossProfit": "1660000000",
            "totalRevenue": "2508000000",
            "sentiment": 0,
            "surprise": "0.01",
            "closePrice": "37.7069993142658"
        },
        {
            "fiscalDateEnding": "2009-06-30",
            "totalCurrentAssets": "None",
            "cashAndShortTermInvestments": "3809234000",
            "totalCurrentLiabilities": "8591456000",
            "currentDebt": "None",
            "netIncome": "426000000",
            "capitalExpenditures": "56000000",
            "operatingCashflow": "438000000",
            "grossProfit": "1709000000",
            "totalRevenue": "2576000000",
            "sentiment": 0,
            "surprise": "0.05",
            "closePrice": "36.7011522278085"
        },
        {
            "fiscalDateEnding": "2009-03-31",
            "totalCurrentAssets": "6833000000",
            "cashAndShortTermInvestments": "2020000000",
            "totalCurrentLiabilities": "6900000000",
            "currentDebt": "None",
            "netIncome": "196000000",
            "capitalExpenditures": "50000000",
            "operatingCashflow": "1385000000",
            "grossProfit": "1490000000",
            "totalRevenue": "2397000000",
            "sentiment": 0,
            "surprise": "-0.09",
            "closePrice": "31.0547282565081"
        },
        {
            "fiscalDateEnding": "2008-12-31",
            "totalCurrentAssets": "5781200320",
            "cashAndShortTermInvestments": "1276490180",
            "totalCurrentLiabilities": "5832920800",
            "currentDebt": "None",
            "netIncome": "830731260",
            "capitalExpenditures": "95067600",
            "operatingCashflow": "211656480",
            "grossProfit": "2445334940",
            "totalRevenue": "3493044920",
            "sentiment": 0,
            "surprise": "0.08",
            "closePrice": "29.2864012965041"
        },
        {
            "fiscalDateEnding": "2008-09-30",
            "totalCurrentAssets": "4997516420",
            "cashAndShortTermInvestments": "1484502110",
            "totalCurrentLiabilities": "3788920340",
            "currentDebt": "None",
            "netIncome": "406586340",
            "capitalExpenditures": "71781930",
            "operatingCashflow": "585738430",
            "grossProfit": "1794453100",
            "totalRevenue": "2757641760",
            "sentiment": 0,
            "surprise": "0.06",
            "closePrice": "25.870865661428"
        },
        {
            "fiscalDateEnding": "2008-06-30",
            "totalCurrentAssets": "5064536500",
            "cashAndShortTermInvestments": "1411969900",
            "totalCurrentLiabilities": "3978552450",
            "currentDebt": "None",
            "netIncome": "383422300",
            "capitalExpenditures": "111420710",
            "operatingCashflow": "292306920",
            "grossProfit": "1825647850",
            "totalRevenue": "2863337700",
            "sentiment": 0,
            "surprise": "0.02",
            "closePrice": "47.6237096351754"
        },
        {
            "fiscalDateEnding": "2008-03-31",
            "totalCurrentAssets": "6418371460",
            "cashAndShortTermInvestments": "1610422760",
            "totalCurrentLiabilities": "3204384640",
            "currentDebt": "None",
            "netIncome": "755010790",
            "capitalExpenditures": "108997960",
            "operatingCashflow": "597621110",
            "grossProfit": "2305230640",
            "totalRevenue": "3244550660",
            "sentiment": 0,
            "surprise": "0",
            "closePrice": "40.1113014538082"
        },
        {
            "fiscalDateEnding": "2007-12-31",
            "totalCurrentAssets": "6418371460",
            "cashAndShortTermInvestments": "1610422760",
            "totalCurrentLiabilities": "3204384640",
            "currentDebt": "None",
            "netIncome": "755010790",
            "capitalExpenditures": "108997960",
            "operatingCashflow": "597621110",
            "grossProfit": "2305230640",
            "totalRevenue": "3244550660",
            "sentiment": 0,
            "surprise": "0.03",
            "closePrice": "37.4121933727039"
        },
        {
            "fiscalDateEnding": "2007-09-30",
            "totalCurrentAssets": "5385417450",
            "cashAndShortTermInvestments": "1609668690",
            "totalCurrentLiabilities": "2549401260",
            "currentDebt": "None",
            "netIncome": "408766030",
            "capitalExpenditures": "97147810",
            "operatingCashflow": "326051800",
            "grossProfit": "1586543280",
            "totalRevenue": "2422561890",
            "sentiment": 0,
            "surprise": "0.01",
            "closePrice": "43.6648609097001"
        },
        {
            "fiscalDateEnding": "2007-06-30",
            "totalCurrentAssets": "5721773650",
            "cashAndShortTermInvestments": "1929667240",
            "totalCurrentLiabilities": "2941782140",
            "currentDebt": "None",
            "netIncome": "448812950",
            "capitalExpenditures": "116426690",
            "operatingCashflow": "169906580",
            "grossProfit": "1591310580",
            "totalRevenue": "2423904370",
            "sentiment": 0,
            "surprise": "0.06",
            "closePrice": "44.3516162202769"
        },
        {
            "fiscalDateEnding": "2007-03-31",
            "totalCurrentAssets": "6323595121",
            "cashAndShortTermInvestments": "2398547252",
            "totalCurrentLiabilities": "2773048415",
            "currentDebt": "None",
            "netIncome": "788576614",
            "capitalExpenditures": "134258606.2",
            "operatingCashflow": "581210130",
            "grossProfit": "2064817326",
            "totalRevenue": "2926736561",
            "sentiment": 0,
            "surprise": "-0.03",
            "closePrice": "39.8256622637157"
        },
        {
            "fiscalDateEnding": "2006-12-31",
            "totalCurrentAssets": "6323595121.03",
            "cashAndShortTermInvestments": "2398547252.45",
            "totalCurrentLiabilities": "2773048415.68",
            "currentDebt": "None",
            "netIncome": "788576614.64",
            "capitalExpenditures": "134258606.2",
            "operatingCashflow": "581210130.98",
            "grossProfit": "2064817326.14",
            "totalRevenue": "2926736561.58",
            "sentiment": 0,
            "surprise": "0.09",
            "closePrice": "36.7512064945977"
        },
        {
            "fiscalDateEnding": "2006-09-30",
            "totalCurrentAssets": "5515720000",
            "cashAndShortTermInvestments": "None",
            "totalCurrentLiabilities": "2472618480",
            "currentDebt": "None",
            "netIncome": "386143040",
            "capitalExpenditures": "100971400",
            "operatingCashflow": "302083160",
            "grossProfit": "1478212960",
            "totalRevenue": "2242534160",
            "sentiment": 0,
            "surprise": "0.02",
            "closePrice": "39.5648472498831"
        },
        {
            "fiscalDateEnding": "2006-06-30",
            "totalCurrentAssets": "5345940600",
            "cashAndShortTermInvestments": "None",
            "totalCurrentLiabilities": "1033814600",
            "currentDebt": "None",
            "netIncome": "414360580",
            "capitalExpenditures": "118276640",
            "operatingCashflow": "107845230",
            "grossProfit": "1418853800",
            "totalRevenue": "2196758200",
            "sentiment": 0,
            "surprise": "0.03",
            "closePrice": "35.3760000580257"
        },
        {
            "fiscalDateEnding": "2006-03-31",
            "totalCurrentAssets": "6652055630",
            "cashAndShortTermInvestments": "3788445920",
            "totalCurrentLiabilities": "1436342410",
            "currentDebt": "None",
            "netIncome": "282153420",
            "capitalExpenditures": "13200160",
            "operatingCashflow": "855535370",
            "grossProfit": "1264740330",
            "totalRevenue": "2040249730",
            "sentiment": 0,
            "surprise": "0.01",
            "closePrice": "43.8259367969191"
        },
        {
            "fiscalDateEnding": "2005-12-31",
            "totalCurrentAssets": "6324288013",
            "cashAndShortTermInvestments": "3211132139",
            "totalCurrentLiabilities": "1361248084",
            "currentDebt": "None",
            "netIncome": "619197061",
            "capitalExpenditures": "2231736.45",
            "operatingCashflow": "592627914",
            "grossProfit": "1857466860",
            "totalRevenue": "2753301332",
            "sentiment": 0,
            "surprise": "0.03",
            "closePrice": "39.0279351156939"
        },
        {
            "fiscalDateEnding": "2005-09-30",
            "totalCurrentAssets": "5563985860",
            "cashAndShortTermInvestments": "3132755110",
            "totalCurrentLiabilities": "1648249770",
            "currentDebt": "None",
            "netIncome": "334264180",
            "capitalExpenditures": "126356550",
            "operatingCashflow": "238503530",
            "grossProfit": "1329072810",
            "totalRevenue": "2011479800",
            "sentiment": 0,
            "surprise": "-0.01",
            "closePrice": "34.2220807312262"
        },
        {
            "fiscalDateEnding": "2005-06-30",
            "totalCurrentAssets": "5870710440",
            "cashAndShortTermInvestments": "3444128100",
            "totalCurrentLiabilities": "1498237020",
            "currentDebt": "None",
            "netIncome": "288009610",
            "capitalExpenditures": "69717470",
            "operatingCashflow": "-99253350",
            "grossProfit": "1311576840",
            "totalRevenue": "2011965480",
            "sentiment": 0,
            "surprise": "0.02",
            "closePrice": "34.4262510155336"
        },
        {
            "fiscalDateEnding": "2005-03-31",
            "totalCurrentAssets": "6337297450",
            "cashAndShortTermInvestments": "3976721650",
            "totalCurrentLiabilities": "911830260",
            "currentDebt": "None",
            "netIncome": "253800470",
            "capitalExpenditures": "63257260",
            "operatingCashflow": "874801620",
            "grossProfit": "1091573450",
            "totalRevenue": "1728003200",
            "sentiment": 0,
            "surprise": "0.01",
            "closePrice": "30.8168425763807"
        },
        {
            "fiscalDateEnding": "2004-12-31",
            "totalCurrentAssets": "5680943759",
            "cashAndShortTermInvestments": "3194180956",
            "totalCurrentLiabilities": "728299661",
            "currentDebt": "None",
            "netIncome": "540757061",
            "capitalExpenditures": "42024803.2",
            "operatingCashflow": "487440190",
            "grossProfit": "1658922329",
            "totalRevenue": "2396769833",
            "sentiment": 0,
            "surprise": "0.03",
            "closePrice": "30.7154457265977"
        },
        {
            "fiscalDateEnding": "2004-09-30",
            "totalCurrentAssets": "4850009580",
            "cashAndShortTermInvestments": "2833930320",
            "totalCurrentLiabilities": "1205465820",
            "currentDebt": "None",
            "netIncome": "291649200",
            "capitalExpenditures": "13912380",
            "operatingCashflow": "175622400",
            "grossProfit": "1149977400",
            "totalRevenue": "1775629440",
            "sentiment": 0,
            "surprise": "0.01",
            "closePrice": "33.1801691520941"
        },
        {
            "fiscalDateEnding": "2004-06-30",
            "totalCurrentAssets": "4786225920",
            "cashAndShortTermInvestments": "2762860800",
            "totalCurrentLiabilities": "1442918400",
            "currentDebt": "None",
            "netIncome": "248258760",
            "capitalExpenditures": "117621580",
            "operatingCashflow": "304608500",
            "grossProfit": "1140397440",
            "totalRevenue": "1779052800",
            "sentiment": 0,
            "surprise": "-0.01",
            "closePrice": "29.9354699590355"
        },
        {
            "fiscalDateEnding": "2004-03-31",
            "totalCurrentAssets": "5174332500",
            "cashAndShortTermInvestments": "2918729360",
            "totalCurrentLiabilities": "3150052460",
            "currentDebt": "None",
            "netIncome": "228888120",
            "capitalExpenditures": "38148020",
            "operatingCashflow": "857924620",
            "grossProfit": "972368680",
            "totalRevenue": "1554328900",
            "sentiment": 0,
            "surprise": "0",
            "closePrice": "30.429774471095"
        },
        {
            "fiscalDateEnding": "2003-12-31",
            "totalCurrentAssets": "4376636189",
            "cashAndShortTermInvestments": "1338051714",
            "totalCurrentLiabilities": "1102288326",
            "currentDebt": "None",
            "netIncome": "418928068",
            "capitalExpenditures": "117012260.62",
            "operatingCashflow": "461716829",
            "grossProfit": "1506923993",
            "totalRevenue": "2205811380",
            "sentiment": 0,
            "surprise": "0.02",
            "closePrice": "33.2398709911298"
        }
    ]
}