{
    "SATS": [
        {
            "fiscalDateEnding": "2023-12-31",
            "totalCurrentAssets": "4891814000",
            "cashAndShortTermInvestments": "2444420000",
            "totalCurrentLiabilities": "8018589000",
            "currentDebt": "3046654000",
            "netIncome": "-2021624000",
            "capitalExpenditures": "2871686000",
            "operatingCashflow": "2131624000",
            "grossProfit": "4162596000",
            "totalRevenue": "4162596000",
            "sentiment": 0.30522606763890264,
            "surprise": "-0.77",
            "closePrice": "13.22"
        },
        {
            "fiscalDateEnding": "2023-09-30",
            "totalCurrentAssets": "2472937000",
            "cashAndShortTermInvestments": "2131865000",
            "totalCurrentLiabilities": "396679000",
            "currentDebt": "None",
            "netIncome": "532000",
            "capitalExpenditures": "89524000",
            "operatingCashflow": "110065000",
            "grossProfit": "218851000",
            "totalRevenue": "426867000",
            "sentiment": 0.2760836734357862,
            "surprise": "0.36",
            "closePrice": "10.61"
        },
        {
            "fiscalDateEnding": "2023-06-30",
            "totalCurrentAssets": "2396776000",
            "cashAndShortTermInvestments": "2013089000",
            "totalCurrentLiabilities": "398181000",
            "currentDebt": "None",
            "netIncome": "9085000",
            "capitalExpenditures": "73678000",
            "operatingCashflow": "144533000",
            "grossProfit": "207147000",
            "totalRevenue": "453555000",
            "sentiment": 0.31839838891071764,
            "surprise": "0.23",
            "closePrice": "23.74"
        },
        {
            "fiscalDateEnding": "2023-03-31",
            "totalCurrentAssets": "2179741000",
            "cashAndShortTermInvestments": "1785264000",
            "totalCurrentLiabilities": "378173000",
            "currentDebt": "None",
            "netIncome": "27820000",
            "capitalExpenditures": "66033000",
            "operatingCashflow": "46425000",
            "grossProfit": "223470000",
            "totalRevenue": "439531000",
            "sentiment": 0.294598487826034,
            "surprise": "0.15",
            "closePrice": "15.84"
        },
        {
            "fiscalDateEnding": "2022-12-31",
            "totalCurrentAssets": "6757713000",
            "cashAndShortTermInvestments": "1797246000",
            "totalCurrentLiabilities": "6442614000",
            "currentDebt": "1552559000",
            "netIncome": "47580000",
            "capitalExpenditures": "82696000",
            "operatingCashflow": "186288000",
            "grossProfit": "285058000",
            "totalRevenue": "508443000",
            "sentiment": 0.2821498569180119,
            "surprise": "0.3",
            "closePrice": "17.71"
        },
        {
            "fiscalDateEnding": "2022-09-30",
            "totalCurrentAssets": "2041070000",
            "cashAndShortTermInvestments": "1716043000",
            "totalCurrentLiabilities": "406216000",
            "currentDebt": "None",
            "netIncome": "19550000",
            "capitalExpenditures": "66416000",
            "operatingCashflow": "91685000",
            "grossProfit": "291960000",
            "totalRevenue": "513614000",
            "sentiment": 0.2727349513987405,
            "surprise": "-0.11",
            "closePrice": "19.07"
        },
        {
            "fiscalDateEnding": "2022-06-30",
            "totalCurrentAssets": "1957342000",
            "cashAndShortTermInvestments": "1684926000",
            "totalCurrentLiabilities": "434363000",
            "currentDebt": "None",
            "netIncome": "10473000",
            "capitalExpenditures": "82653000",
            "operatingCashflow": "147279000",
            "grossProfit": "242025000",
            "totalRevenue": "472382000",
            "sentiment": 0.03464131017002341,
            "surprise": "-0.1",
            "closePrice": "20.13"
        },
        {
            "fiscalDateEnding": "2022-03-31",
            "totalCurrentAssets": "1933003000",
            "cashAndShortTermInvestments": "1710018000",
            "totalCurrentLiabilities": "423674000",
            "currentDebt": "None",
            "netIncome": "88945000",
            "capitalExpenditures": "117231000",
            "operatingCashflow": "104353000",
            "grossProfit": "300246000",
            "totalRevenue": "538852000",
            "sentiment": 0.057406585541208005,
            "surprise": "0.7",
            "closePrice": "22.97"
        },
        {
            "fiscalDateEnding": "2021-12-31",
            "totalCurrentAssets": "1926897000",
            "cashAndShortTermInvestments": "1689333000",
            "totalCurrentLiabilities": "460123000",
            "currentDebt": "0",
            "netIncome": "-80083000",
            "capitalExpenditures": "94336000",
            "operatingCashflow": "204364000",
            "grossProfit": "207543000",
            "totalRevenue": "450758000",
            "sentiment": 0,
            "surprise": "-0.62",
            "closePrice": "21.13"
        },
        {
            "fiscalDateEnding": "2021-09-30",
            "totalCurrentAssets": "1954448000",
            "cashAndShortTermInvestments": "1741978000",
            "totalCurrentLiabilities": "487297000",
            "currentDebt": "0",
            "netIncome": "30217000",
            "capitalExpenditures": "98336000",
            "operatingCashflow": "119222000",
            "grossProfit": "261982000",
            "totalRevenue": "495564000",
            "sentiment": 0,
            "surprise": "0.04",
            "closePrice": "26.96"
        },
        {
            "fiscalDateEnding": "2021-06-30",
            "totalCurrentAssets": "1939083000",
            "cashAndShortTermInvestments": "1744871000",
            "totalCurrentLiabilities": "547104000",
            "currentDebt": "0",
            "netIncome": "35015000",
            "capitalExpenditures": "92220000",
            "operatingCashflow": "191753000",
            "grossProfit": "282258000",
            "totalRevenue": "515293000",
            "sentiment": 0,
            "surprise": "0.34",
            "closePrice": "24.14"
        },
        {
            "fiscalDateEnding": "2021-03-31",
            "totalCurrentAssets": "2697403000",
            "cashAndShortTermInvestments": "2467722000",
            "totalCurrentLiabilities": "1331783000",
            "currentDebt": "808758000",
            "netIncome": "77572000",
            "capitalExpenditures": "187081000",
            "operatingCashflow": "116887000",
            "grossProfit": "280898000",
            "totalRevenue": "524533000",
            "sentiment": 0,
            "surprise": "0.88",
            "closePrice": "26.14"
        },
        {
            "fiscalDateEnding": "2020-12-31",
            "totalCurrentAssets": "2908086000",
            "cashAndShortTermInvestments": "2558711000",
            "totalCurrentLiabilities": "1425171000",
            "currentDebt": "898237000",
            "netIncome": "-2597000",
            "capitalExpenditures": "124588000",
            "operatingCashflow": "168986000",
            "grossProfit": "489273000",
            "totalRevenue": "489273000",
            "sentiment": 0,
            "surprise": "0.04",
            "closePrice": "22.93"
        },
        {
            "fiscalDateEnding": "2020-09-30",
            "totalCurrentAssets": "2890028000",
            "cashAndShortTermInvestments": "2524703000",
            "totalCurrentLiabilities": "1374727000",
            "currentDebt": "897303000",
            "netIncome": "25440000",
            "capitalExpenditures": "106724000",
            "operatingCashflow": "120122000",
            "grossProfit": "211699000",
            "totalRevenue": "456972000",
            "sentiment": 0,
            "surprise": "0.36",
            "closePrice": "24.44"
        },
        {
            "fiscalDateEnding": "2020-06-30",
            "totalCurrentAssets": "2827522000",
            "cashAndShortTermInvestments": "2485992000",
            "totalCurrentLiabilities": "1361909000",
            "currentDebt": "896386000",
            "netIncome": "-11412000",
            "capitalExpenditures": "102899000",
            "operatingCashflow": "173985000",
            "grossProfit": "187957000",
            "totalRevenue": "440217000",
            "sentiment": 0,
            "surprise": "0.09",
            "closePrice": "30.75"
        },
        {
            "fiscalDateEnding": "2020-03-31",
            "totalCurrentAssets": "2767192000",
            "cashAndShortTermInvestments": "2419059000",
            "totalCurrentLiabilities": "446217000",
            "currentDebt": "13527000",
            "netIncome": "-54295000",
            "capitalExpenditures": "113242000",
            "operatingCashflow": "71295000",
            "grossProfit": "154055000",
            "totalRevenue": "433004000",
            "sentiment": 0,
            "surprise": "-0.31",
            "closePrice": "29.44"
        },
        {
            "fiscalDateEnding": "2019-12-31",
            "totalCurrentAssets": "2836214000",
            "cashAndShortTermInvestments": "2495620000",
            "totalCurrentLiabilities": "496019000",
            "currentDebt": "486000",
            "netIncome": "-53118000",
            "capitalExpenditures": "146116000",
            "operatingCashflow": "123262000",
            "grossProfit": "499006000",
            "totalRevenue": "499006000",
            "sentiment": 0,
            "surprise": "-0.44",
            "closePrice": "40.05"
        },
        {
            "fiscalDateEnding": "2019-09-30",
            "totalCurrentAssets": "2934086000",
            "cashAndShortTermInvestments": "2582659000",
            "totalCurrentLiabilities": "461741000",
            "currentDebt": "407000",
            "netIncome": "-18309000",
            "capitalExpenditures": "101456000",
            "operatingCashflow": "152286000",
            "grossProfit": "213404000",
            "totalRevenue": "458454000",
            "sentiment": 0,
            "surprise": "0.2",
            "closePrice": "41.1"
        },
        {
            "fiscalDateEnding": "2019-06-30",
            "totalCurrentAssets": "2875608000",
            "cashAndShortTermInvestments": "2554066000",
            "totalCurrentLiabilities": "471662000",
            "currentDebt": "42682000",
            "netIncome": "-5060000",
            "capitalExpenditures": "115207000",
            "operatingCashflow": "204828000",
            "grossProfit": "229085000",
            "totalRevenue": "537124000",
            "sentiment": 0,
            "surprise": "0.01",
            "closePrice": "20.3298752984877"
        },
        {
            "fiscalDateEnding": "2019-03-31",
            "totalCurrentAssets": "3677641000",
            "cashAndShortTermInvestments": "3339719000",
            "totalCurrentLiabilities": "1346005000",
            "currentDebt": "953636000",
            "netIncome": "15008000",
            "capitalExpenditures": "119562000",
            "operatingCashflow": "175946000",
            "grossProfit": "236727000",
            "totalRevenue": "531082000",
            "sentiment": 0,
            "surprise": "0.08",
            "closePrice": "20.955644733351"
        },
        {
            "fiscalDateEnding": "2018-12-31",
            "totalCurrentAssets": "3580849000",
            "cashAndShortTermInvestments": "928306000",
            "totalCurrentLiabilities": "1345137000",
            "currentDebt": "None",
            "netIncome": "-112198000",
            "capitalExpenditures": "146959000",
            "operatingCashflow": "190610000",
            "grossProfit": "530661000",
            "totalRevenue": "530661000",
            "sentiment": 0,
            "surprise": "-0.74",
            "closePrice": "19.9788339081985"
        },
        {
            "fiscalDateEnding": "2018-09-30",
            "totalCurrentAssets": "3812191000",
            "cashAndShortTermInvestments": "3578899000",
            "totalCurrentLiabilities": "1412944000",
            "currentDebt": "1030088000",
            "netIncome": "16052000",
            "capitalExpenditures": "176723000",
            "operatingCashflow": "190373000",
            "grossProfit": "274908000",
            "totalRevenue": "532953000",
            "sentiment": 0,
            "surprise": "-0.07",
            "closePrice": "19.4395529318122"
        },
        {
            "fiscalDateEnding": "2018-06-30",
            "totalCurrentAssets": "3803105000",
            "cashAndShortTermInvestments": "3433829000",
            "totalCurrentLiabilities": "1374906000",
            "currentDebt": "1028119000",
            "netIncome": "77222000",
            "capitalExpenditures": "127444000",
            "operatingCashflow": "218264000",
            "grossProfit": "421898000",
            "totalRevenue": "525957000",
            "sentiment": 0,
            "surprise": "0.48",
            "closePrice": "24.420270628814"
        },
        {
            "fiscalDateEnding": "2018-03-31",
            "totalCurrentAssets": "3682276000",
            "cashAndShortTermInvestments": "3300324000",
            "totalCurrentLiabilities": "409777000",
            "currentDebt": "41424000",
            "netIncome": "-21551000",
            "capitalExpenditures": "135654000",
            "operatingCashflow": "135275000",
            "grossProfit": "383817000",
            "totalRevenue": "501792000",
            "sentiment": 0,
            "surprise": "-0.13",
            "closePrice": "26.3840673918811"
        },
        {
            "fiscalDateEnding": "2017-12-31",
            "totalCurrentAssets": "3715551000",
            "cashAndShortTermInvestments": "2431456000",
            "totalCurrentLiabilities": "413890000",
            "currentDebt": "None",
            "netIncome": "313237000",
            "capitalExpenditures": "166434000",
            "operatingCashflow": "134956000",
            "grossProfit": "495248000",
            "totalRevenue": "506048000",
            "sentiment": 0,
            "surprise": "-0.26",
            "closePrice": "29.3602878747678"
        },
        {
            "fiscalDateEnding": "2017-09-30",
            "totalCurrentAssets": "3685952000",
            "cashAndShortTermInvestments": "3283394000",
            "totalCurrentLiabilities": "428031000",
            "currentDebt": "38407000",
            "netIncome": "34669000",
            "capitalExpenditures": "200459000",
            "operatingCashflow": "209057000",
            "grossProfit": "21082000",
            "totalRevenue": "481233000",
            "sentiment": 0,
            "surprise": "0.25",
            "closePrice": "28.9736335898116"
        },
        {
            "fiscalDateEnding": "2017-06-30",
            "totalCurrentAssets": "3708506000",
            "cashAndShortTermInvestments": "3265464000",
            "totalCurrentLiabilities": "407170000",
            "currentDebt": "39229000",
            "netIncome": "6940000",
            "capitalExpenditures": "134354000",
            "operatingCashflow": "241524000",
            "grossProfit": "7910000",
            "totalRevenue": "419659000",
            "sentiment": 0,
            "surprise": "-0.1",
            "closePrice": "28.9329331387636"
        },
        {
            "fiscalDateEnding": "2017-03-31",
            "totalCurrentAssets": "3751416000",
            "cashAndShortTermInvestments": "3182560000",
            "totalCurrentLiabilities": "423745000",
            "currentDebt": "37270000",
            "netIncome": "37715000",
            "capitalExpenditures": "113295000",
            "operatingCashflow": "141355000",
            "grossProfit": "22251000",
            "totalRevenue": "396046000",
            "sentiment": 0,
            "surprise": "0.11",
            "closePrice": "29.2229238524808"
        },
        {
            "fiscalDateEnding": "2016-12-31",
            "totalCurrentAssets": "3723287000",
            "cashAndShortTermInvestments": "3093659000",
            "totalCurrentLiabilities": "531438000",
            "currentDebt": "37307000",
            "netIncome": "38188000",
            "capitalExpenditures": "193933000",
            "operatingCashflow": "228634000",
            "grossProfit": "740393000",
            "totalRevenue": "740393000",
            "sentiment": 0,
            "surprise": "0.02",
            "closePrice": "28.6175046431414"
        },
        {
            "fiscalDateEnding": "2016-09-30",
            "totalCurrentAssets": "3717489000",
            "cashAndShortTermInvestments": "3019017000",
            "totalCurrentLiabilities": "548235000",
            "currentDebt": "37717000",
            "netIncome": "36801000",
            "capitalExpenditures": "162505000",
            "operatingCashflow": "219075000",
            "grossProfit": "62370000",
            "totalRevenue": "711251000",
            "sentiment": 0,
            "surprise": "0.05",
            "closePrice": "23.8250265322367"
        },
        {
            "fiscalDateEnding": "2016-06-30",
            "totalCurrentAssets": "2145858000",
            "cashAndShortTermInvestments": "1507684000",
            "totalCurrentLiabilities": "499430000",
            "currentDebt": "38494000",
            "netIncome": "55786000",
            "capitalExpenditures": "147973000",
            "operatingCashflow": "162785000",
            "grossProfit": "94194000",
            "totalRevenue": "741205000",
            "sentiment": 0,
            "surprise": "0.17",
            "closePrice": "19.9584836826745"
        },
        {
            "fiscalDateEnding": "2016-03-31",
            "totalCurrentAssets": "2149344000",
            "cashAndShortTermInvestments": "1502162000",
            "totalCurrentLiabilities": "2409456000",
            "currentDebt": "1896233000",
            "netIncome": "49155000",
            "capitalExpenditures": "241182000",
            "operatingCashflow": "192849000",
            "grossProfit": "87663000",
            "totalRevenue": "797115000",
            "sentiment": 0,
            "surprise": "0.13",
            "closePrice": "20.904769169541"
        },
        {
            "fiscalDateEnding": "2015-12-31",
            "totalCurrentAssets": "2133659000",
            "cashAndShortTermInvestments": "1536578000",
            "totalCurrentLiabilities": "526831000",
            "currentDebt": "66974000",
            "netIncome": "63374000",
            "capitalExpenditures": "228790000",
            "operatingCashflow": "-295852000",
            "grossProfit": "790587000",
            "totalRevenue": "790587000",
            "sentiment": 0,
            "surprise": "0.33",
            "closePrice": "21.6933404085964"
        },
        {
            "fiscalDateEnding": "2015-09-30",
            "totalCurrentAssets": "2257653000",
            "cashAndShortTermInvestments": "1586767000",
            "totalCurrentLiabilities": "542865000",
            "currentDebt": "32228000",
            "netIncome": "28835000",
            "capitalExpenditures": "245897000",
            "operatingCashflow": "143062000",
            "grossProfit": "82174000",
            "totalRevenue": "734571000",
            "sentiment": 0,
            "surprise": "-0.05",
            "closePrice": "23.0466304059432"
        },
        {
            "fiscalDateEnding": "2015-06-30",
            "totalCurrentAssets": "2179477000",
            "cashAndShortTermInvestments": "1511488000",
            "totalCurrentLiabilities": "506224000",
            "currentDebt": "31666000",
            "netIncome": "31750000",
            "capitalExpenditures": "179108000",
            "operatingCashflow": "144051000",
            "grossProfit": "84798000",
            "totalRevenue": "764360000",
            "sentiment": 0,
            "surprise": "0.05",
            "closePrice": "23.9318652162377"
        },
        {
            "fiscalDateEnding": "2015-03-31",
            "totalCurrentAssets": "2370140000",
            "cashAndShortTermInvestments": "1715593000",
            "totalCurrentLiabilities": "555270000",
            "currentDebt": "31475000",
            "netIncome": "29398000",
            "capitalExpenditures": "181230000",
            "operatingCashflow": "221562000",
            "grossProfit": "66380000",
            "totalRevenue": "765956000",
            "sentiment": 0,
            "surprise": "-0.05",
            "closePrice": "24.9442889360573"
        },
        {
            "fiscalDateEnding": "2014-12-31",
            "totalCurrentAssets": "2328091000",
            "cashAndShortTermInvestments": "1688156000",
            "totalCurrentLiabilities": "517733000",
            "currentDebt": "41912000",
            "netIncome": "49847000",
            "capitalExpenditures": "245598000",
            "operatingCashflow": "89323000",
            "grossProfit": "843887000",
            "totalRevenue": "843887000",
            "sentiment": 0,
            "surprise": "0.22",
            "closePrice": "28.1392743433271"
        },
        {
            "fiscalDateEnding": "2014-09-30",
            "totalCurrentAssets": "2471965000",
            "cashAndShortTermInvestments": "1779638000",
            "totalCurrentLiabilities": "616720000",
            "currentDebt": "44539000",
            "netIncome": "60168000",
            "capitalExpenditures": "164711000",
            "operatingCashflow": "177968000",
            "grossProfit": "68544000",
            "totalRevenue": "856422000",
            "sentiment": 0,
            "surprise": "0.31",
            "closePrice": "24.6949986733882"
        },
        {
            "fiscalDateEnding": "2014-06-30",
            "totalCurrentAssets": "2383046000",
            "cashAndShortTermInvestments": "1688560000",
            "totalCurrentLiabilities": "523175000",
            "currentDebt": "51080000",
            "netIncome": "30805000",
            "capitalExpenditures": "156092000",
            "operatingCashflow": "146780000",
            "grossProfit": "64504000",
            "totalRevenue": "837288000",
            "sentiment": 0,
            "surprise": "0.19",
            "closePrice": "25.0206022817724"
        },
        {
            "fiscalDateEnding": "2014-03-31",
            "totalCurrentAssets": "2449236000",
            "cashAndShortTermInvestments": "1708265000",
            "totalCurrentLiabilities": "634482000",
            "currentDebt": "61404000",
            "netIncome": "12055000",
            "capitalExpenditures": "113625000",
            "operatingCashflow": "201472000",
            "grossProfit": "30956000",
            "totalRevenue": "782577000",
            "sentiment": 0,
            "surprise": "0.11",
            "closePrice": "23.9929158928098"
        },
        {
            "fiscalDateEnding": "2013-12-31",
            "totalCurrentAssets": "2356126000",
            "cashAndShortTermInvestments": "1620652000",
            "totalCurrentLiabilities": "558445000",
            "currentDebt": "69791000",
            "netIncome": "4506000",
            "capitalExpenditures": "168778000",
            "operatingCashflow": "40459000",
            "grossProfit": "804287000",
            "totalRevenue": "808087000",
            "sentiment": 0,
            "surprise": "0.14",
            "closePrice": "23.6520496152826"
        },
        {
            "fiscalDateEnding": "2013-09-30",
            "totalCurrentAssets": "2375105000",
            "cashAndShortTermInvestments": "1708984000",
            "totalCurrentLiabilities": "578462000",
            "currentDebt": "68662000",
            "netIncome": "4320000",
            "capitalExpenditures": "106571000",
            "operatingCashflow": "107636000",
            "grossProfit": "13431000",
            "totalRevenue": "804177000",
            "sentiment": 0,
            "surprise": "0.13",
            "closePrice": "25.2342796497745"
        },
        {
            "fiscalDateEnding": "2013-06-30",
            "totalCurrentAssets": "2283335000",
            "cashAndShortTermInvestments": "1603464000",
            "totalCurrentLiabilities": "509349000",
            "currentDebt": "65473000",
            "netIncome": "-9759000",
            "capitalExpenditures": "85652000",
            "operatingCashflow": "78943000",
            "grossProfit": "-23971000",
            "totalRevenue": "783313000",
            "sentiment": 0,
            "surprise": "-0.03",
            "closePrice": "21.8103542053595"
        },
        {
            "fiscalDateEnding": "2013-03-31",
            "totalCurrentAssets": "2220033000",
            "cashAndShortTermInvestments": "1526974000",
            "totalCurrentLiabilities": "520493000",
            "currentDebt": "65136000",
            "netIncome": "3458000",
            "capitalExpenditures": "72620000",
            "operatingCashflow": "50184000",
            "grossProfit": "-5425000",
            "totalRevenue": "748331000",
            "sentiment": 0,
            "surprise": "0.1",
            "closePrice": "20.4316264261077"
        },
        {
            "fiscalDateEnding": "2012-12-31",
            "totalCurrentAssets": "2214649000",
            "cashAndShortTermInvestments": "1547565000",
            "totalCurrentLiabilities": "587325000",
            "currentDebt": "67706000",
            "netIncome": "26224000",
            "capitalExpenditures": "157620000",
            "operatingCashflow": "29663000",
            "grossProfit": "753199000",
            "totalRevenue": "786199000",
            "sentiment": 0,
            "surprise": "0.26",
            "closePrice": "20.1212854868665"
        },
        {
            "fiscalDateEnding": "2012-09-30",
            "totalCurrentAssets": "2267260000",
            "cashAndShortTermInvestments": "1556694000",
            "totalCurrentLiabilities": "588754000",
            "currentDebt": "65450000",
            "netIncome": "22554000",
            "capitalExpenditures": "93662000",
            "operatingCashflow": "1053000",
            "grossProfit": "8663000",
            "totalRevenue": "730881000",
            "sentiment": 0,
            "surprise": "0.13",
            "closePrice": "16.8041987264526"
        },
        {
            "fiscalDateEnding": "2012-06-30",
            "totalCurrentAssets": "2277567000",
            "cashAndShortTermInvestments": "1594324000",
            "totalCurrentLiabilities": "600330000",
            "currentDebt": "66096000",
            "netIncome": "35682000",
            "capitalExpenditures": "163716000",
            "operatingCashflow": "35218000",
            "grossProfit": "26030000",
            "totalRevenue": "769207000",
            "sentiment": 0,
            "surprise": "0.33",
            "closePrice": "15.0489917750066"
        },
        {
            "fiscalDateEnding": "2012-03-31",
            "totalCurrentAssets": "2411271000",
            "cashAndShortTermInvestments": "1682744000",
            "totalCurrentLiabilities": "657130000",
            "currentDebt": "68541000",
            "netIncome": "126588000",
            "capitalExpenditures": "114007000",
            "operatingCashflow": "79210000",
            "grossProfit": "10094000",
            "totalRevenue": "726159000",
            "sentiment": 0,
            "surprise": "1.44",
            "closePrice": "14.2655080923322"
        },
        {
            "fiscalDateEnding": "2011-12-31",
            "totalCurrentAssets": "2307737000",
            "cashAndShortTermInvestments": "1696442000",
            "totalCurrentLiabilities": "583722000",
            "currentDebt": "65239000",
            "netIncome": "1903000",
            "capitalExpenditures": "115976000",
            "operatingCashflow": "1903000",
            "grossProfit": "834209000",
            "totalRevenue": "834209000",
            "sentiment": 0,
            "surprise": "0.04",
            "closePrice": "15.745986999204"
        },
        {
            "fiscalDateEnding": "2011-09-30",
            "totalCurrentAssets": "2183415000",
            "cashAndShortTermInvestments": "1436475000",
            "totalCurrentLiabilities": "696393000",
            "currentDebt": "58323000",
            "netIncome": "-19117000",
            "capitalExpenditures": "138335000",
            "operatingCashflow": "-23016000",
            "grossProfit": "9435000",
            "totalRevenue": "830102000",
            "sentiment": 0,
            "surprise": "-0.6",
            "closePrice": "12.9020429822234"
        },
        {
            "fiscalDateEnding": "2011-06-30",
            "totalCurrentAssets": "1713812000",
            "cashAndShortTermInvestments": "1009213000",
            "totalCurrentLiabilities": "668065000",
            "currentDebt": "58854000",
            "netIncome": "18482000",
            "capitalExpenditures": "83721000",
            "operatingCashflow": "35215000",
            "grossProfit": "47360000",
            "totalRevenue": "571451000",
            "sentiment": 0,
            "surprise": "0.02",
            "closePrice": "13.4667617405147"
        },
        {
            "fiscalDateEnding": "2011-03-31",
            "totalCurrentAssets": "1580688000",
            "cashAndShortTermInvestments": "1139736000",
            "totalCurrentLiabilities": "399121000",
            "currentDebt": "54675000",
            "netIncome": "17164000",
            "capitalExpenditures": "39140000",
            "operatingCashflow": "93172000",
            "grossProfit": "24323000",
            "totalRevenue": "480953000",
            "sentiment": 0,
            "surprise": "-0.09",
            "closePrice": "17.8013597771292"
        },
        {
            "fiscalDateEnding": "2010-12-31",
            "totalCurrentAssets": "1535467000",
            "cashAndShortTermInvestments": "1130900000",
            "totalCurrentLiabilities": "358817000",
            "currentDebt": "53060000",
            "netIncome": "168938000",
            "capitalExpenditures": "39705000",
            "operatingCashflow": "208182000",
            "grossProfit": "513200000",
            "totalRevenue": "513200000",
            "sentiment": 0,
            "surprise": "0.58",
            "closePrice": "17.394355266649"
        },
        {
            "fiscalDateEnding": "2010-09-30",
            "totalCurrentAssets": "1484751000",
            "cashAndShortTermInvestments": "966691000",
            "totalCurrentLiabilities": "376348000",
            "currentDebt": "46953000",
            "netIncome": "5151000",
            "capitalExpenditures": "53333000",
            "operatingCashflow": "77879000",
            "grossProfit": "65170000",
            "totalRevenue": "618020000",
            "sentiment": 0,
            "surprise": "0.08",
            "closePrice": "11.0145595648713"
        },
        {
            "fiscalDateEnding": "2010-06-30",
            "totalCurrentAssets": "1395737000",
            "cashAndShortTermInvestments": "919553000",
            "totalCurrentLiabilities": "349982000",
            "currentDebt": "39909000",
            "netIncome": "-41477000",
            "capitalExpenditures": "71206000",
            "operatingCashflow": "89078000",
            "grossProfit": "16584000",
            "totalRevenue": "571375000",
            "sentiment": 0,
            "surprise": "-0.47",
            "closePrice": "9.99704828867073"
        }
    ]
}