{
    "SCSC": [
        {
            "fiscalDateEnding": "2023-12-31",
            "totalCurrentAssets": "1405195000",
            "cashAndShortTermInvestments": "44987000",
            "totalCurrentLiabilities": "610612000",
            "currentDebt": "7857000",
            "netIncome": "32726000",
            "capitalExpenditures": "2550000",
            "operatingCashflow": "63224000",
            "grossProfit": "100748000",
            "totalRevenue": "895537000",
            "sentiment": 0.4440680015374601,
            "surprise": "-0.12",
            "closePrice": "36.61"
        },
        {
            "fiscalDateEnding": "2023-09-30",
            "totalCurrentAssets": "1507435000",
            "cashAndShortTermInvestments": "42647000",
            "totalCurrentLiabilities": "701049000",
            "currentDebt": "8209000",
            "netIncome": "15432000",
            "capitalExpenditures": "2315000",
            "operatingCashflow": "93533000",
            "grossProfit": "106508000",
            "totalRevenue": "870024000",
            "sentiment": 0.183298108935359,
            "surprise": "-0.16",
            "closePrice": "28.63"
        },
        {
            "fiscalDateEnding": "2023-06-30",
            "totalCurrentAssets": "1657075000",
            "cashAndShortTermInvestments": "36178000",
            "totalCurrentLiabilities": "786801000",
            "currentDebt": "6915000",
            "netIncome": "18812000",
            "capitalExpenditures": "3430000",
            "operatingCashflow": "-54436000",
            "grossProfit": "108658000",
            "totalRevenue": "941192000",
            "sentiment": 0.18544310303601463,
            "surprise": "0.01",
            "closePrice": "27.89"
        },
        {
            "fiscalDateEnding": "2023-03-31",
            "totalCurrentAssets": "1577541000",
            "cashAndShortTermInvestments": "37374000",
            "totalCurrentLiabilities": "744151000",
            "currentDebt": "5977000",
            "netIncome": "21221000",
            "capitalExpenditures": "2286000",
            "operatingCashflow": "54838000",
            "grossProfit": "111762000",
            "totalRevenue": "879299000",
            "sentiment": 0.23018644530486113,
            "surprise": "0.05",
            "closePrice": "28.0"
        },
        {
            "fiscalDateEnding": "2022-12-31",
            "totalCurrentAssets": "1719062000",
            "cashAndShortTermInvestments": "66445000",
            "totalCurrentLiabilities": "836736000",
            "currentDebt": "5040000",
            "netIncome": "25734000",
            "capitalExpenditures": "2504000",
            "operatingCashflow": "-26887000",
            "grossProfit": "115334000",
            "totalRevenue": "1005834000",
            "sentiment": 0.4181589132651326,
            "surprise": "0.02",
            "closePrice": "31.09"
        },
        {
            "fiscalDateEnding": "2022-09-30",
            "totalCurrentAssets": "1587700000",
            "cashAndShortTermInvestments": "40472000",
            "totalCurrentLiabilities": "794055000",
            "currentDebt": "4102000",
            "netIncome": "24042000",
            "capitalExpenditures": "684000",
            "operatingCashflow": "-48459000",
            "grossProfit": "113485000",
            "totalRevenue": "939443000",
            "sentiment": 0.2630238088171498,
            "surprise": "0.02",
            "closePrice": "30.68"
        },
        {
            "fiscalDateEnding": "2022-06-30",
            "totalCurrentAssets": "1523805000",
            "cashAndShortTermInvestments": "37987000",
            "totalCurrentLiabilities": "814264000",
            "currentDebt": "11598000",
            "netIncome": "19947000",
            "capitalExpenditures": "3523000",
            "operatingCashflow": "-205002000",
            "grossProfit": "110792000",
            "totalRevenue": "959542000",
            "sentiment": 0.10665962713774728,
            "surprise": "-0.06",
            "closePrice": "34.15"
        },
        {
            "fiscalDateEnding": "2022-03-31",
            "totalCurrentAssets": "1407828000",
            "cashAndShortTermInvestments": "43539000",
            "totalCurrentLiabilities": "800973000",
            "currentDebt": "10660000",
            "netIncome": "23526000",
            "capitalExpenditures": "682000",
            "operatingCashflow": "29707000",
            "grossProfit": "106508000",
            "totalRevenue": "844249000",
            "sentiment": 0.17960940529275807,
            "surprise": "0.37",
            "closePrice": "32.75"
        },
        {
            "fiscalDateEnding": "2021-12-31",
            "totalCurrentAssets": "1334339000",
            "cashAndShortTermInvestments": "34123000",
            "totalCurrentLiabilities": "746766000",
            "currentDebt": "9723000",
            "netIncome": "23252000",
            "capitalExpenditures": "1554000",
            "operatingCashflow": "-18419000",
            "grossProfit": "107653000",
            "totalRevenue": "862378000",
            "sentiment": 0,
            "surprise": "0.17",
            "closePrice": "32.81"
        },
        {
            "fiscalDateEnding": "2021-09-30",
            "totalCurrentAssets": "1256413000",
            "cashAndShortTermInvestments": "55491000",
            "totalCurrentLiabilities": "692415000",
            "currentDebt": "8785000",
            "netIncome": "22073000",
            "capitalExpenditures": "1090000",
            "operatingCashflow": "-56959000",
            "grossProfit": "101572000",
            "totalRevenue": "855166000",
            "sentiment": 0,
            "surprise": "0.27",
            "closePrice": "39.5"
        },
        {
            "fiscalDateEnding": "2021-06-30",
            "totalCurrentAssets": "1219643000",
            "cashAndShortTermInvestments": "62718000",
            "totalCurrentLiabilities": "732939000",
            "currentDebt": "7843000",
            "netIncome": "23710000",
            "capitalExpenditures": "80000",
            "operatingCashflow": "-2800000",
            "grossProfit": "95777000",
            "totalRevenue": "850984000",
            "sentiment": 0,
            "surprise": "0.39",
            "closePrice": "30.705"
        },
        {
            "fiscalDateEnding": "2021-03-31",
            "totalCurrentAssets": "1117801000",
            "cashAndShortTermInvestments": "49321000",
            "totalCurrentLiabilities": "622697000",
            "currentDebt": "7843000",
            "netIncome": "13098000",
            "capitalExpenditures": "829000",
            "operatingCashflow": "13786000",
            "grossProfit": "88116000",
            "totalRevenue": "728338000",
            "sentiment": 0,
            "surprise": "0.18",
            "closePrice": "31.29"
        },
        {
            "fiscalDateEnding": "2020-12-31",
            "totalCurrentAssets": "1119131000",
            "cashAndShortTermInvestments": "67187000",
            "totalCurrentLiabilities": "689586000",
            "currentDebt": "7843000",
            "netIncome": "-14194000",
            "capitalExpenditures": "706000",
            "operatingCashflow": "11061000",
            "grossProfit": "86043000",
            "totalRevenue": "808720000",
            "sentiment": 0,
            "surprise": "0.12",
            "closePrice": "26.56"
        },
        {
            "fiscalDateEnding": "2020-09-30",
            "totalCurrentAssets": "1251875000",
            "cashAndShortTermInvestments": "49889000",
            "totalCurrentLiabilities": "838165000",
            "currentDebt": "7843000",
            "netIncome": "-11819000",
            "capitalExpenditures": "748000",
            "operatingCashflow": "174170000",
            "grossProfit": "80779000",
            "totalRevenue": "754991000",
            "sentiment": 0,
            "surprise": "0.07",
            "closePrice": "24.44"
        },
        {
            "fiscalDateEnding": "2020-06-30",
            "totalCurrentAssets": "1203467000",
            "cashAndShortTermInvestments": "29485000",
            "totalCurrentLiabilities": "719007000",
            "currentDebt": "7839000",
            "netIncome": "-217262000",
            "capitalExpenditures": "-188000",
            "operatingCashflow": "2800000",
            "grossProfit": "74146000",
            "totalRevenue": "195314000",
            "sentiment": 0,
            "surprise": "-0.02",
            "closePrice": "24.69"
        },
        {
            "fiscalDateEnding": "2020-03-31",
            "totalCurrentAssets": "1436033000",
            "cashAndShortTermInvestments": "34596000",
            "totalCurrentLiabilities": "770196000",
            "currentDebt": "12849000",
            "netIncome": "1713000",
            "capitalExpenditures": "3843000",
            "operatingCashflow": "32023000",
            "grossProfit": "84578000",
            "totalRevenue": "868694000",
            "sentiment": 0,
            "surprise": "-0.09",
            "closePrice": "25.35"
        },
        {
            "fiscalDateEnding": "2019-12-31",
            "totalCurrentAssets": "1539329000",
            "cashAndShortTermInvestments": "42005000",
            "totalCurrentLiabilities": "832287000",
            "currentDebt": "14296000",
            "netIncome": "11366000",
            "capitalExpenditures": "1793000",
            "operatingCashflow": "71060000",
            "grossProfit": "98319000",
            "totalRevenue": "985854000",
            "sentiment": 0,
            "surprise": "-0.04",
            "closePrice": "35.79"
        },
        {
            "fiscalDateEnding": "2019-09-30",
            "totalCurrentAssets": "1549137000",
            "cashAndShortTermInvestments": "25877000",
            "totalCurrentLiabilities": "805385000",
            "currentDebt": "11292000",
            "netIncome": "11530000",
            "capitalExpenditures": "939000",
            "operatingCashflow": "47000000",
            "grossProfit": "98525000",
            "totalRevenue": "1003223000",
            "sentiment": 0,
            "surprise": "-0.01",
            "closePrice": "33.98"
        },
        {
            "fiscalDateEnding": "2019-06-30",
            "totalCurrentAssets": "1477315000",
            "cashAndShortTermInvestments": "23818000",
            "totalCurrentLiabilities": "700886000",
            "currentDebt": "8675000",
            "netIncome": "11578000",
            "capitalExpenditures": "-5180000",
            "operatingCashflow": "-2580000",
            "grossProfit": "50095000",
            "totalRevenue": "956698000",
            "sentiment": 0,
            "surprise": "-0.11",
            "closePrice": "31.27"
        },
        {
            "fiscalDateEnding": "2019-03-31",
            "totalCurrentAssets": "1466194000",
            "cashAndShortTermInvestments": "20400000",
            "totalCurrentLiabilities": "713475000",
            "currentDebt": "335000",
            "netIncome": "11715000",
            "capitalExpenditures": "5197000",
            "operatingCashflow": "27223000",
            "grossProfit": "110015000",
            "totalRevenue": "889216000",
            "sentiment": 0,
            "surprise": "-0.01",
            "closePrice": "35.32"
        },
        {
            "fiscalDateEnding": "2018-12-31",
            "totalCurrentAssets": "1495509000",
            "cashAndShortTermInvestments": "22749000",
            "totalCurrentLiabilities": "736559000",
            "currentDebt": "335000",
            "netIncome": "19982000",
            "capitalExpenditures": "4790000",
            "operatingCashflow": "-57484000",
            "grossProfit": "120478000",
            "totalRevenue": "1042482000",
            "sentiment": 0,
            "surprise": "0.02",
            "closePrice": "38.19"
        },
        {
            "fiscalDateEnding": "2018-09-30",
            "totalCurrentAssets": "1433696000",
            "cashAndShortTermInvestments": "18858000",
            "totalCurrentLiabilities": "776159000",
            "currentDebt": "335000",
            "netIncome": "14322000",
            "capitalExpenditures": "990000",
            "operatingCashflow": "5714000",
            "grossProfit": "112215000",
            "totalRevenue": "970176000",
            "sentiment": 0,
            "surprise": "0.02",
            "closePrice": "41.63"
        },
        {
            "fiscalDateEnding": "2018-06-30",
            "totalCurrentAssets": "1362162000",
            "cashAndShortTermInvestments": "25530000",
            "totalCurrentLiabilities": "710311000",
            "currentDebt": "1204000",
            "netIncome": "10388000",
            "capitalExpenditures": "1691000",
            "operatingCashflow": "31035000",
            "grossProfit": "46530000",
            "totalRevenue": "1001782000",
            "sentiment": 0,
            "surprise": "0",
            "closePrice": "43.15"
        },
        {
            "fiscalDateEnding": "2018-03-31",
            "totalCurrentAssets": "1340913000",
            "cashAndShortTermInvestments": "35361000",
            "totalCurrentLiabilities": "641467000",
            "currentDebt": "471000",
            "netIncome": "10649000",
            "capitalExpenditures": "2011000",
            "operatingCashflow": "81019000",
            "grossProfit": "103888000",
            "totalRevenue": "895637000",
            "sentiment": 0,
            "surprise": "-0.02",
            "closePrice": "36.45"
        },
        {
            "fiscalDateEnding": "2017-12-31",
            "totalCurrentAssets": "1411240000",
            "cashAndShortTermInvestments": "35435000",
            "totalCurrentLiabilities": "656718000",
            "currentDebt": "104000",
            "netIncome": "7969000",
            "capitalExpenditures": "1985000",
            "operatingCashflow": "-49863000",
            "grossProfit": "112971000",
            "totalRevenue": "1032212000",
            "sentiment": 0,
            "surprise": "0.09",
            "closePrice": "32.6"
        },
        {
            "fiscalDateEnding": "2017-09-30",
            "totalCurrentAssets": "1354506000",
            "cashAndShortTermInvestments": "23616000",
            "totalCurrentLiabilities": "697965000",
            "currentDebt": "26000",
            "netIncome": "4147000",
            "capitalExpenditures": "1310000",
            "operatingCashflow": "-37386000",
            "grossProfit": "105917000",
            "totalRevenue": "924559000",
            "sentiment": 0,
            "surprise": "-0.02",
            "closePrice": "42.5"
        },
        {
            "fiscalDateEnding": "2017-06-30",
            "totalCurrentAssets": "1281023000",
            "cashAndShortTermInvestments": "56094000",
            "totalCurrentLiabilities": "656275000",
            "currentDebt": "553000",
            "netIncome": "18970000",
            "capitalExpenditures": "2404000",
            "operatingCashflow": "10752000",
            "grossProfit": "100856000",
            "totalRevenue": "917291000",
            "sentiment": 0,
            "surprise": "0",
            "closePrice": "39.0"
        },
        {
            "fiscalDateEnding": "2017-03-31",
            "totalCurrentAssets": "1201406000",
            "cashAndShortTermInvestments": "62187000",
            "totalCurrentLiabilities": "585274000",
            "currentDebt": "None",
            "netIncome": "12424000",
            "capitalExpenditures": "3185000",
            "operatingCashflow": "48393000",
            "grossProfit": "92671000",
            "totalRevenue": "813538000",
            "sentiment": 0,
            "surprise": "-0.02",
            "closePrice": "40.7"
        },
        {
            "fiscalDateEnding": "2016-12-31",
            "totalCurrentAssets": "1250664000",
            "cashAndShortTermInvestments": "45071000",
            "totalCurrentLiabilities": "629296000",
            "currentDebt": "None",
            "netIncome": "23036000",
            "capitalExpenditures": "1285000",
            "operatingCashflow": "29465000",
            "grossProfit": "98534000",
            "totalRevenue": "904792000",
            "sentiment": 0,
            "surprise": "0.03",
            "closePrice": "40.1"
        },
        {
            "fiscalDateEnding": "2016-09-30",
            "totalCurrentAssets": "1306470000",
            "cashAndShortTermInvestments": "45125000",
            "totalCurrentLiabilities": "682506000",
            "currentDebt": "None",
            "netIncome": "14816000",
            "capitalExpenditures": "1976000",
            "operatingCashflow": "6266000",
            "grossProfit": "91534000",
            "totalRevenue": "932566000",
            "sentiment": 0,
            "surprise": "0.02",
            "closePrice": "34.8"
        },
        {
            "fiscalDateEnding": "2016-06-30",
            "totalCurrentAssets": "1228905000",
            "cashAndShortTermInvestments": "61400000",
            "totalCurrentLiabilities": "585112000",
            "currentDebt": "0",
            "netIncome": "12925000",
            "capitalExpenditures": "2961000",
            "operatingCashflow": "27899000",
            "grossProfit": "82779000",
            "totalRevenue": "877472000",
            "sentiment": 0,
            "surprise": "-0.2",
            "closePrice": "42.71"
        },
        {
            "fiscalDateEnding": "2016-03-31",
            "totalCurrentAssets": "1203849000",
            "cashAndShortTermInvestments": "40849000",
            "totalCurrentLiabilities": "547249000",
            "currentDebt": "774000",
            "netIncome": "14042000",
            "capitalExpenditures": "5654000",
            "operatingCashflow": "64772000",
            "grossProfit": "84476000",
            "totalRevenue": "798404000",
            "sentiment": 0,
            "surprise": "-0.01",
            "closePrice": "38.72"
        },
        {
            "fiscalDateEnding": "2015-12-31",
            "totalCurrentAssets": "1313689000",
            "cashAndShortTermInvestments": "39438000",
            "totalCurrentLiabilities": "626314000",
            "currentDebt": "705000",
            "netIncome": "20656000",
            "capitalExpenditures": "3033000",
            "operatingCashflow": "17265000",
            "grossProfit": "100633000",
            "totalRevenue": "993522000",
            "sentiment": 0,
            "surprise": "0.14",
            "closePrice": "31.3"
        },
        {
            "fiscalDateEnding": "2015-09-30",
            "totalCurrentAssets": "1306831000",
            "cashAndShortTermInvestments": "41239000",
            "totalCurrentLiabilities": "632239000",
            "currentDebt": "1700000",
            "netIncome": "15996000",
            "capitalExpenditures": "433000",
            "operatingCashflow": "-57725000",
            "grossProfit": "87552000",
            "totalRevenue": "870829000",
            "sentiment": 0,
            "surprise": "0.12",
            "closePrice": "40.63"
        },
        {
            "fiscalDateEnding": "2015-06-30",
            "totalCurrentAssets": "1244158000",
            "cashAndShortTermInvestments": "121646000",
            "totalCurrentLiabilities": "598760000",
            "currentDebt": "2860000",
            "netIncome": "16447000",
            "capitalExpenditures": "908000",
            "operatingCashflow": "48385000",
            "grossProfit": "91317000",
            "totalRevenue": "856685000",
            "sentiment": 0,
            "surprise": "0.08",
            "closePrice": "36.39"
        },
        {
            "fiscalDateEnding": "2015-03-31",
            "totalCurrentAssets": "1134353000",
            "cashAndShortTermInvestments": "93578000",
            "totalCurrentLiabilities": "480982000",
            "currentDebt": "5171000",
            "netIncome": "12943000",
            "capitalExpenditures": "6071000",
            "operatingCashflow": "36800000",
            "grossProfit": "80016000",
            "totalRevenue": "763203000",
            "sentiment": 0,
            "surprise": "0.02",
            "closePrice": "39.85"
        },
        {
            "fiscalDateEnding": "2014-12-31",
            "totalCurrentAssets": "1188763000",
            "cashAndShortTermInvestments": "121513000",
            "totalCurrentLiabilities": "495608000",
            "currentDebt": "None",
            "netIncome": "16821000",
            "capitalExpenditures": "6464000",
            "operatingCashflow": "-10361000",
            "grossProfit": "78111000",
            "totalRevenue": "807019000",
            "sentiment": 0,
            "surprise": "0.02",
            "closePrice": "39.5"
        },
        {
            "fiscalDateEnding": "2014-09-30",
            "totalCurrentAssets": "1197754000",
            "cashAndShortTermInvestments": "139863000",
            "totalCurrentLiabilities": "514430000",
            "currentDebt": "None",
            "netIncome": "19208000",
            "capitalExpenditures": "7319000",
            "operatingCashflow": "698000",
            "grossProfit": "77645000",
            "totalRevenue": "791720000",
            "sentiment": 0,
            "surprise": "0.14",
            "closePrice": "37.04"
        },
        {
            "fiscalDateEnding": "2014-06-30",
            "totalCurrentAssets": "1215681000",
            "cashAndShortTermInvestments": "194851000",
            "totalCurrentLiabilities": "499831000",
            "currentDebt": "0",
            "netIncome": "27105000",
            "capitalExpenditures": "4443000",
            "operatingCashflow": "15052000",
            "grossProfit": "73993000",
            "totalRevenue": "758114000",
            "sentiment": 0,
            "surprise": "0.01",
            "closePrice": "39.26"
        },
        {
            "fiscalDateEnding": "2014-03-31",
            "totalCurrentAssets": "1141145000",
            "cashAndShortTermInvestments": "183562000",
            "totalCurrentLiabilities": "446655000",
            "currentDebt": "None",
            "netIncome": "16949000",
            "capitalExpenditures": "6363000",
            "operatingCashflow": "31321000",
            "grossProfit": "73351000",
            "totalRevenue": "682998000",
            "sentiment": 0,
            "surprise": "0.05",
            "closePrice": "38.63"
        },
        {
            "fiscalDateEnding": "2013-12-31",
            "totalCurrentAssets": "1120236000",
            "cashAndShortTermInvestments": "157130000",
            "totalCurrentLiabilities": "451067000",
            "currentDebt": "None",
            "netIncome": "18298000",
            "capitalExpenditures": "206000",
            "operatingCashflow": "-44352000",
            "grossProfit": "77256000",
            "totalRevenue": "740618000",
            "sentiment": 0,
            "surprise": "-0.01",
            "closePrice": "39.74"
        },
        {
            "fiscalDateEnding": "2013-09-30",
            "totalCurrentAssets": "1128679000",
            "cashAndShortTermInvestments": "193769000",
            "totalCurrentLiabilities": "491253000",
            "currentDebt": "None",
            "netIncome": "19437000",
            "capitalExpenditures": "215000",
            "operatingCashflow": "45701000",
            "grossProfit": "76499000",
            "totalRevenue": "731904000",
            "sentiment": 0,
            "surprise": "0.11",
            "closePrice": "36.17"
        },
        {
            "fiscalDateEnding": "2013-06-30",
            "totalCurrentAssets": "1042060000",
            "cashAndShortTermInvestments": "148164000",
            "totalCurrentLiabilities": "427682000",
            "currentDebt": "None",
            "netIncome": "-13315000",
            "capitalExpenditures": "368000",
            "operatingCashflow": "53438000",
            "grossProfit": "75651000",
            "totalRevenue": "712678000",
            "sentiment": 0,
            "surprise": "0.1",
            "closePrice": "35.1"
        },
        {
            "fiscalDateEnding": "2013-03-31",
            "totalCurrentAssets": "988990000",
            "cashAndShortTermInvestments": "93905000",
            "totalCurrentLiabilities": "401050000",
            "currentDebt": "None",
            "netIncome": "13978000",
            "capitalExpenditures": "1260000",
            "operatingCashflow": "85994000",
            "grossProfit": "68832000",
            "totalRevenue": "682965000",
            "sentiment": 0,
            "surprise": "0.04",
            "closePrice": "27.73"
        },
        {
            "fiscalDateEnding": "2012-12-31",
            "totalCurrentAssets": "1028272000",
            "cashAndShortTermInvestments": "31455000",
            "totalCurrentLiabilities": "430571000",
            "currentDebt": "None",
            "netIncome": "16357000",
            "capitalExpenditures": "1198000",
            "operatingCashflow": "-12387000",
            "grossProfit": "74351000",
            "totalRevenue": "747716000",
            "sentiment": 0,
            "surprise": "0.02",
            "closePrice": "33.99"
        },
        {
            "fiscalDateEnding": "2012-09-30",
            "totalCurrentAssets": "1032331000",
            "cashAndShortTermInvestments": "38731000",
            "totalCurrentLiabilities": "466195000",
            "currentDebt": "None",
            "netIncome": "17642000",
            "capitalExpenditures": "2006000",
            "operatingCashflow": "2399000",
            "grossProfit": "74040000",
            "totalRevenue": "733605000",
            "sentiment": 0,
            "surprise": "0.04",
            "closePrice": "28.42"
        },
        {
            "fiscalDateEnding": "2012-06-30",
            "totalCurrentAssets": "1031930000",
            "cashAndShortTermInvestments": "29173000",
            "totalCurrentLiabilities": "498401000",
            "currentDebt": "None",
            "netIncome": "19785000",
            "capitalExpenditures": "2603000",
            "operatingCashflow": "34890000",
            "grossProfit": "73827000",
            "totalRevenue": "754469000",
            "sentiment": 0,
            "surprise": "0.09",
            "closePrice": "29.8"
        },
        {
            "fiscalDateEnding": "2012-03-31",
            "totalCurrentAssets": "1033672000",
            "cashAndShortTermInvestments": "34295000",
            "totalCurrentLiabilities": "465886000",
            "currentDebt": "None",
            "netIncome": "14756000",
            "capitalExpenditures": "4675000",
            "operatingCashflow": "47780000",
            "grossProfit": "69268000",
            "totalRevenue": "707883000",
            "sentiment": 0,
            "surprise": "-0.01",
            "closePrice": "34.14"
        },
        {
            "fiscalDateEnding": "2011-12-31",
            "totalCurrentAssets": "1107704000",
            "cashAndShortTermInvestments": "42593000",
            "totalCurrentLiabilities": "507944000",
            "currentDebt": "None",
            "netIncome": "21367000",
            "capitalExpenditures": "3174000",
            "operatingCashflow": "10852000",
            "grossProfit": "79839000",
            "totalRevenue": "782684000",
            "sentiment": 0,
            "surprise": "0.08",
            "closePrice": "37.52"
        },
        {
            "fiscalDateEnding": "2011-09-30",
            "totalCurrentAssets": "1054972000",
            "cashAndShortTermInvestments": "37252000",
            "totalCurrentLiabilities": "491737000",
            "currentDebt": "None",
            "netIncome": "18380000",
            "capitalExpenditures": "2339000",
            "operatingCashflow": "-33564000",
            "grossProfit": "79090000",
            "totalRevenue": "770259000",
            "sentiment": 0,
            "surprise": "0.11",
            "closePrice": "37.86"
        },
        {
            "fiscalDateEnding": "2011-06-30",
            "totalCurrentAssets": "1009514000",
            "cashAndShortTermInvestments": "28747000",
            "totalCurrentLiabilities": "477347000",
            "currentDebt": "None",
            "netIncome": "19661000",
            "capitalExpenditures": "4671000",
            "operatingCashflow": "12234000",
            "grossProfit": "74370000",
            "totalRevenue": "734890000",
            "sentiment": 0,
            "surprise": "0.06",
            "closePrice": "29.99"
        },
        {
            "fiscalDateEnding": "2011-03-31",
            "totalCurrentAssets": "857001000",
            "cashAndShortTermInvestments": "31181000",
            "totalCurrentLiabilities": "349824000",
            "currentDebt": "None",
            "netIncome": "16534000",
            "capitalExpenditures": "4482000",
            "operatingCashflow": "31531000",
            "grossProfit": "65829000",
            "totalRevenue": "613466000",
            "sentiment": 0,
            "surprise": "0.02",
            "closePrice": "34.88"
        },
        {
            "fiscalDateEnding": "2010-12-31",
            "totalCurrentAssets": "851950000",
            "cashAndShortTermInvestments": "13037000",
            "totalCurrentLiabilities": "356640000",
            "currentDebt": "None",
            "netIncome": "21621000",
            "capitalExpenditures": "3865000",
            "operatingCashflow": "-13841000",
            "grossProfit": "70626000",
            "totalRevenue": "683644000",
            "sentiment": 0,
            "surprise": "0.19",
            "closePrice": "33.95"
        },
        {
            "fiscalDateEnding": "2010-09-30",
            "totalCurrentAssets": "805444000",
            "cashAndShortTermInvestments": "14375000",
            "totalCurrentLiabilities": "343003000",
            "currentDebt": "None",
            "netIncome": "15708000",
            "capitalExpenditures": "1851000",
            "operatingCashflow": "-19236000",
            "grossProfit": "63481000",
            "totalRevenue": "634530000",
            "sentiment": 0,
            "surprise": "0.06",
            "closePrice": "28.57"
        }
    ]
}