{
    "SEMR": [
        {
            "fiscalDateEnding": "2023-12-31",
            "totalCurrentAssets": "265554000",
            "cashAndShortTermInvestments": "238691000",
            "totalCurrentLiabilities": "94479000",
            "currentDebt": "None",
            "netIncome": "6874000",
            "capitalExpenditures": "2673000",
            "operatingCashflow": "11553000",
            "grossProfit": "69710000",
            "totalRevenue": "83394000",
            "sentiment": 0.2965065747092947,
            "surprise": "0.05",
            "closePrice": "10.89"
        },
        {
            "fiscalDateEnding": "2023-09-30",
            "totalCurrentAssets": "260486000",
            "cashAndShortTermInvestments": "231375000",
            "totalCurrentLiabilities": "88658000",
            "currentDebt": "None",
            "netIncome": "4215000",
            "capitalExpenditures": "1391000",
            "operatingCashflow": "6356000",
            "grossProfit": "65686000",
            "totalRevenue": "78718000",
            "sentiment": 0.1055859303563015,
            "surprise": "0.04",
            "closePrice": "7.61"
        },
        {
            "fiscalDateEnding": "2023-06-30",
            "totalCurrentAssets": "252338000",
            "cashAndShortTermInvestments": "225118000",
            "totalCurrentLiabilities": "88833000",
            "currentDebt": "None",
            "netIncome": "-279000",
            "capitalExpenditures": "2263000",
            "operatingCashflow": "-6314000",
            "grossProfit": "61721000",
            "totalRevenue": "74693000",
            "sentiment": 0.3220050762702033,
            "surprise": "0.03",
            "closePrice": "10.18"
        },
        {
            "fiscalDateEnding": "2023-03-31",
            "totalCurrentAssets": "255131000",
            "cashAndShortTermInvestments": "232513000",
            "totalCurrentLiabilities": "92996000",
            "currentDebt": "None",
            "netIncome": "-9860000",
            "capitalExpenditures": "1324000",
            "operatingCashflow": "-3609000",
            "grossProfit": "58231000",
            "totalRevenue": "70870000",
            "sentiment": 0.2614429118766435,
            "surprise": "0",
            "closePrice": "9.84"
        },
        {
            "fiscalDateEnding": "2022-12-31",
            "totalCurrentAssets": "257379000",
            "cashAndShortTermInvestments": "237664000",
            "totalCurrentLiabilities": "88701000",
            "currentDebt": "None",
            "netIncome": "-13901000",
            "capitalExpenditures": "651000",
            "operatingCashflow": "-9630000",
            "grossProfit": "56822000",
            "totalRevenue": "68785000",
            "sentiment": 0.3189536633794265,
            "surprise": "0",
            "closePrice": "7.95"
        },
        {
            "fiscalDateEnding": "2022-09-30",
            "totalCurrentAssets": "263018000",
            "cashAndShortTermInvestments": "58526000",
            "totalCurrentLiabilities": "80585000",
            "currentDebt": "None",
            "netIncome": "-9092000",
            "capitalExpenditures": "1709000",
            "operatingCashflow": "-583000",
            "grossProfit": "53388000",
            "totalRevenue": "65793000",
            "sentiment": 0.23858660838001683,
            "surprise": "0.04",
            "closePrice": "11.49"
        },
        {
            "fiscalDateEnding": "2022-06-30",
            "totalCurrentAssets": "269023000",
            "cashAndShortTermInvestments": "248917000",
            "totalCurrentLiabilities": "81962000",
            "currentDebt": "None",
            "netIncome": "-8284000",
            "capitalExpenditures": "2924000",
            "operatingCashflow": "-7437000",
            "grossProfit": "50012000",
            "totalRevenue": "62610000",
            "sentiment": 0.09864581586424967,
            "surprise": "0.02",
            "closePrice": "13.89"
        },
        {
            "fiscalDateEnding": "2022-03-31",
            "totalCurrentAssets": "274152000",
            "cashAndShortTermInvestments": "259824000",
            "totalCurrentLiabilities": "79791000",
            "currentDebt": "None",
            "netIncome": "-2571000",
            "capitalExpenditures": "656000",
            "operatingCashflow": "8026000",
            "grossProfit": "45541000",
            "totalRevenue": "57128000",
            "sentiment": -0.008636920058243194,
            "surprise": "0.02",
            "closePrice": "8.96"
        },
        {
            "fiscalDateEnding": "2021-12-31",
            "totalCurrentAssets": "283538000",
            "cashAndShortTermInvestments": "269665000",
            "totalCurrentLiabilities": "71549000",
            "currentDebt": "None",
            "netIncome": "-3862000",
            "capitalExpenditures": "1792000",
            "operatingCashflow": "5011000",
            "grossProfit": "42185000",
            "totalRevenue": "53746000",
            "sentiment": 0,
            "surprise": "0.02",
            "closePrice": "14.91"
        },
        {
            "fiscalDateEnding": "2021-09-30",
            "totalCurrentAssets": "203127000",
            "cashAndShortTermInvestments": "188510000",
            "totalCurrentLiabilities": "65409000",
            "currentDebt": "None",
            "netIncome": "-615000",
            "capitalExpenditures": "970000",
            "operatingCashflow": "8691000",
            "grossProfit": "37890000",
            "totalRevenue": "49252000",
            "sentiment": 0,
            "surprise": "0.0308",
            "closePrice": "25.91"
        },
        {
            "fiscalDateEnding": "2021-06-30",
            "totalCurrentAssets": "196079000",
            "cashAndShortTermInvestments": "180759000",
            "totalCurrentLiabilities": "58493000",
            "currentDebt": "None",
            "netIncome": "-279000",
            "capitalExpenditures": "732000",
            "operatingCashflow": "1052000",
            "grossProfit": "34767000",
            "totalRevenue": "45005000",
            "sentiment": 0,
            "surprise": "0.0321",
            "closePrice": "20.96"
        },
        {
            "fiscalDateEnding": "2021-03-31",
            "totalCurrentAssets": "182693000",
            "cashAndShortTermInvestments": "171867000",
            "totalCurrentLiabilities": "52597000",
            "currentDebt": "None",
            "netIncome": "1471000",
            "capitalExpenditures": "289000",
            "operatingCashflow": "9007000",
            "grossProfit": "31225000",
            "totalRevenue": "39998000",
            "sentiment": 0,
            "surprise": "0.06",
            "closePrice": "17.75"
        }
    ]
}