{
    "SHLS": [
        {
            "fiscalDateEnding": "2023-12-31",
            "totalCurrentAssets": "227186000",
            "cashAndShortTermInvestments": "22707000",
            "totalCurrentLiabilities": "92630000",
            "currentDebt": "2000000",
            "netIncome": "16582000",
            "capitalExpenditures": "2936000",
            "operatingCashflow": "26447000",
            "grossProfit": "55380000",
            "totalRevenue": "130436000",
            "sentiment": 0.2773968112570043,
            "surprise": "-0.05",
            "closePrice": "15.39"
        },
        {
            "fiscalDateEnding": "2023-09-30",
            "totalCurrentAssets": "214241000",
            "cashAndShortTermInvestments": "9224000",
            "totalCurrentLiabilities": "84410000",
            "currentDebt": "2000000",
            "netIncome": "-9828000",
            "capitalExpenditures": "3265000",
            "operatingCashflow": "27674000",
            "grossProfit": "14150000",
            "totalRevenue": "134209000",
            "sentiment": 0.32833486245796406,
            "surprise": "0.05",
            "closePrice": "16.23"
        },
        {
            "fiscalDateEnding": "2023-06-30",
            "totalCurrentAssets": "200115000",
            "cashAndShortTermInvestments": "5860000",
            "totalCurrentLiabilities": "77187000",
            "currentDebt": "2000000",
            "netIncome": "18924000",
            "capitalExpenditures": "2374000",
            "operatingCashflow": "27921000",
            "grossProfit": "50517000",
            "totalRevenue": "119208000",
            "sentiment": 0.24815740608134523,
            "surprise": "0.01",
            "closePrice": "26.11"
        },
        {
            "fiscalDateEnding": "2023-03-31",
            "totalCurrentAssets": "183359000",
            "cashAndShortTermInvestments": "6460000",
            "totalCurrentLiabilities": "64768000",
            "currentDebt": "2000000",
            "netIncome": "14296000",
            "capitalExpenditures": "2003000",
            "operatingCashflow": "9913000",
            "grossProfit": "48257000",
            "totalRevenue": "105086000",
            "sentiment": 0.21671069269051543,
            "surprise": "0.04",
            "closePrice": "19.72"
        },
        {
            "fiscalDateEnding": "2022-12-31",
            "totalCurrentAssets": "153540000",
            "cashAndShortTermInvestments": "8766000",
            "totalCurrentLiabilities": "52622000",
            "currentDebt": "2000000",
            "netIncome": "112611000",
            "capitalExpenditures": "761000",
            "operatingCashflow": "34441000",
            "grossProfit": "40379000",
            "totalRevenue": "94651000",
            "sentiment": 0.19586286741574346,
            "surprise": "0.06",
            "closePrice": "24.54"
        },
        {
            "fiscalDateEnding": "2022-09-30",
            "totalCurrentAssets": "183181000",
            "cashAndShortTermInvestments": "11202000",
            "totalCurrentLiabilities": "70373000",
            "currentDebt": "2000000",
            "netIncome": "7958000",
            "capitalExpenditures": "244000",
            "operatingCashflow": "11757000",
            "grossProfit": "36047000",
            "totalRevenue": "90823000",
            "sentiment": 0.23104550453157718,
            "surprise": "0.02",
            "closePrice": "22.47"
        },
        {
            "fiscalDateEnding": "2022-06-30",
            "totalCurrentAssets": "156289000",
            "cashAndShortTermInvestments": "10094000",
            "totalCurrentLiabilities": "55138000",
            "currentDebt": "2000000",
            "netIncome": "4402000",
            "capitalExpenditures": "1267000",
            "operatingCashflow": "19116000",
            "grossProfit": "28593000",
            "totalRevenue": "73490000",
            "sentiment": 0.025577877562675648,
            "surprise": "0",
            "closePrice": "25.05"
        },
        {
            "fiscalDateEnding": "2022-03-31",
            "totalCurrentAssets": "137700000",
            "cashAndShortTermInvestments": "2534000",
            "totalCurrentLiabilities": "38708000",
            "currentDebt": "2000000",
            "netIncome": "2640000",
            "capitalExpenditures": "882000",
            "operatingCashflow": "-25859000",
            "grossProfit": "26292000",
            "totalRevenue": "67976000",
            "sentiment": -0.008668336418387533,
            "surprise": "0.01",
            "closePrice": "12.12"
        },
        {
            "fiscalDateEnding": "2021-12-31",
            "totalCurrentAssets": "93448000",
            "cashAndShortTermInvestments": "5006000",
            "totalCurrentLiabilities": "31554000",
            "currentDebt": "2000000",
            "netIncome": "-1837000",
            "capitalExpenditures": "1643000",
            "operatingCashflow": "2596000",
            "grossProfit": "15923000",
            "totalRevenue": "48046000",
            "sentiment": 0,
            "surprise": "-0.03",
            "closePrice": "15.64"
        },
        {
            "fiscalDateEnding": "2021-09-30",
            "totalCurrentAssets": "108869000",
            "cashAndShortTermInvestments": "14189000",
            "totalCurrentLiabilities": "35776000",
            "currentDebt": "2000000",
            "netIncome": "2486000",
            "capitalExpenditures": "747000",
            "operatingCashflow": "7435000",
            "grossProfit": "21769000",
            "totalRevenue": "59840000",
            "sentiment": 0,
            "surprise": "0",
            "closePrice": "32.76"
        },
        {
            "fiscalDateEnding": "2021-06-30",
            "totalCurrentAssets": "91509000",
            "cashAndShortTermInvestments": "13171000",
            "totalCurrentLiabilities": "27223000",
            "currentDebt": "3500000",
            "netIncome": "4558000",
            "capitalExpenditures": "873000",
            "operatingCashflow": "3665000",
            "grossProfit": "26179000",
            "totalRevenue": "59722000",
            "sentiment": 0,
            "surprise": "0.01",
            "closePrice": "33.01"
        },
        {
            "fiscalDateEnding": "2021-03-31",
            "totalCurrentAssets": "69964000",
            "cashAndShortTermInvestments": "4227000",
            "totalCurrentLiabilities": "24975000",
            "currentDebt": "3500000",
            "netIncome": "-2859000",
            "capitalExpenditures": "863000",
            "operatingCashflow": "-17779000",
            "grossProfit": "18774000",
            "totalRevenue": "45604000",
            "sentiment": 0,
            "surprise": "0.01",
            "closePrice": "31.17"
        }
    ]
}