{
    "SITM": [
        {
            "fiscalDateEnding": "2023-12-31",
            "totalCurrentAssets": "623242000",
            "cashAndShortTermInvestments": "518733000",
            "totalCurrentLiabilities": "121394000",
            "currentDebt": "None",
            "netIncome": "-19998000",
            "capitalExpenditures": "3097000",
            "operatingCashflow": "232000",
            "grossProfit": "23693000",
            "totalRevenue": "42403000",
            "sentiment": 0.3425178680223554,
            "surprise": "0.03",
            "closePrice": "120.61"
        },
        {
            "fiscalDateEnding": "2023-09-30",
            "totalCurrentAssets": "666901000",
            "cashAndShortTermInvestments": "551398000",
            "totalCurrentLiabilities": "31280000",
            "currentDebt": "None",
            "netIncome": "-18125000",
            "capitalExpenditures": "3005000",
            "operatingCashflow": "-11598000",
            "grossProfit": "19917000",
            "totalRevenue": "35520000",
            "sentiment": 0.3994811325032889,
            "surprise": "0.14",
            "closePrice": "96.75"
        },
        {
            "fiscalDateEnding": "2023-06-30",
            "totalCurrentAssets": "662977000",
            "cashAndShortTermInvestments": "544299000",
            "totalCurrentLiabilities": "30462000",
            "currentDebt": "None",
            "netIncome": "-25922000",
            "capitalExpenditures": "3862000",
            "operatingCashflow": "-4826000",
            "grossProfit": "15438000",
            "totalRevenue": "27728000",
            "sentiment": 0.12906532917120286,
            "surprise": "0.07",
            "closePrice": "127.26"
        },
        {
            "fiscalDateEnding": "2023-03-31",
            "totalCurrentAssets": "666544000",
            "cashAndShortTermInvestments": "537818000",
            "totalCurrentLiabilities": "25206000",
            "currentDebt": "None",
            "netIncome": "-16490000",
            "capitalExpenditures": "2285000",
            "operatingCashflow": "7502000",
            "grossProfit": "23041000",
            "totalRevenue": "38343000",
            "sentiment": 0.1764266114651684,
            "surprise": "0.08",
            "closePrice": "106.54"
        },
        {
            "fiscalDateEnding": "2022-12-31",
            "totalCurrentAssets": "669067000",
            "cashAndShortTermInvestments": "529494000",
            "totalCurrentLiabilities": "33794000",
            "currentDebt": "None",
            "netIncome": "-1528000",
            "capitalExpenditures": "7676000",
            "operatingCashflow": "4807000",
            "grossProfit": "37759000",
            "totalRevenue": "60839000",
            "sentiment": 0.1518814779493858,
            "surprise": "0.09",
            "closePrice": "122.6"
        },
        {
            "fiscalDateEnding": "2022-09-30",
            "totalCurrentAssets": "662208000",
            "cashAndShortTermInvestments": "522178000",
            "totalCurrentLiabilities": "35004000",
            "currentDebt": "None",
            "netIncome": "5783000",
            "capitalExpenditures": "10328000",
            "operatingCashflow": "-392000",
            "grossProfit": "47296000",
            "totalRevenue": "73095000",
            "sentiment": 0.10339027317052031,
            "surprise": "0.12",
            "closePrice": "87.42"
        },
        {
            "fiscalDateEnding": "2022-06-30",
            "totalCurrentAssets": "660779000",
            "cashAndShortTermInvestments": "580291000",
            "totalCurrentLiabilities": "43617000",
            "currentDebt": "None",
            "netIncome": "12859000",
            "capitalExpenditures": "9610000",
            "operatingCashflow": "15309000",
            "grossProfit": "52674000",
            "totalRevenue": "79418000",
            "sentiment": 0.07154598479180012,
            "surprise": "0.1",
            "closePrice": "209.51"
        },
        {
            "fiscalDateEnding": "2022-03-31",
            "totalCurrentAssets": "637748000",
            "cashAndShortTermInvestments": "571454000",
            "totalCurrentLiabilities": "34073000",
            "currentDebt": "None",
            "netIncome": "6140000",
            "capitalExpenditures": "8035000",
            "operatingCashflow": "20028000",
            "grossProfit": "45233000",
            "totalRevenue": "70253000",
            "sentiment": 0.033018814273553514,
            "surprise": "0.17",
            "closePrice": "192.01"
        },
        {
            "fiscalDateEnding": "2021-12-31",
            "totalCurrentAssets": "625943000",
            "cashAndShortTermInvestments": "559461000",
            "totalCurrentLiabilities": "37385000",
            "currentDebt": "None",
            "netIncome": "19859000",
            "capitalExpenditures": "11304000",
            "operatingCashflow": "24665000",
            "grossProfit": "52122000",
            "totalRevenue": "75741000",
            "sentiment": 0,
            "surprise": "0.23",
            "closePrice": "235.11"
        },
        {
            "fiscalDateEnding": "2021-09-30",
            "totalCurrentAssets": "323054000",
            "cashAndShortTermInvestments": "267042000",
            "totalCurrentLiabilities": "33436000",
            "currentDebt": "None",
            "netIncome": "13960000",
            "capitalExpenditures": "10519000",
            "operatingCashflow": "24023000",
            "grossProfit": "41695000",
            "totalRevenue": "63029000",
            "sentiment": 0,
            "surprise": "0.28",
            "closePrice": "274.1"
        },
        {
            "fiscalDateEnding": "2021-06-30",
            "totalCurrentAssets": "302557000",
            "cashAndShortTermInvestments": "253538000",
            "totalCurrentLiabilities": "23739000",
            "currentDebt": "None",
            "netIncome": "2023000",
            "capitalExpenditures": "7729000",
            "operatingCashflow": "4315000",
            "grossProfit": "26827000",
            "totalRevenue": "44496000",
            "sentiment": 0,
            "surprise": "0.23",
            "closePrice": "141.0"
        },
        {
            "fiscalDateEnding": "2021-03-31",
            "totalCurrentAssets": "297699000",
            "cashAndShortTermInvestments": "256952000",
            "totalCurrentLiabilities": "21740000",
            "currentDebt": "None",
            "netIncome": "-3565000",
            "capitalExpenditures": "4236000",
            "operatingCashflow": "6075000",
            "grossProfit": "18817000",
            "totalRevenue": "35542000",
            "sentiment": 0,
            "surprise": "0.07",
            "closePrice": "85.98"
        },
        {
            "fiscalDateEnding": "2020-12-31",
            "totalCurrentAssets": "113180000",
            "cashAndShortTermInvestments": "73525000",
            "totalCurrentLiabilities": "19145000",
            "currentDebt": "None",
            "netIncome": "1991000",
            "capitalExpenditures": "2444000",
            "operatingCashflow": "6762000",
            "grossProfit": "21071000",
            "totalRevenue": "40274000",
            "sentiment": 0,
            "surprise": "0.06",
            "closePrice": "133.46"
        },
        {
            "fiscalDateEnding": "2020-09-30",
            "totalCurrentAssets": "105353000",
            "cashAndShortTermInvestments": "69208000",
            "totalCurrentLiabilities": "17565000",
            "currentDebt": "None",
            "netIncome": "-667000",
            "capitalExpenditures": "2468000",
            "operatingCashflow": "4187000",
            "grossProfit": "16902000",
            "totalRevenue": "32667000",
            "sentiment": 0,
            "surprise": "0.08",
            "closePrice": "93.6"
        },
        {
            "fiscalDateEnding": "2020-06-30",
            "totalCurrentAssets": "132430000",
            "cashAndShortTermInvestments": "102486000",
            "totalCurrentLiabilities": "48337000",
            "currentDebt": "None",
            "netIncome": "-5603000",
            "capitalExpenditures": "1464000",
            "operatingCashflow": "3620000",
            "grossProfit": "9983000",
            "totalRevenue": "21473000",
            "sentiment": 0,
            "surprise": "0.07",
            "closePrice": "58.14"
        },
        {
            "fiscalDateEnding": "2020-03-31",
            "totalCurrentAssets": "104971000",
            "cashAndShortTermInvestments": "71248000",
            "totalCurrentLiabilities": "62335000",
            "currentDebt": "None",
            "netIncome": "-5093000",
            "capitalExpenditures": "1417000",
            "operatingCashflow": "2035000",
            "grossProfit": "9976000",
            "totalRevenue": "21742000",
            "sentiment": 0,
            "surprise": "0.04",
            "closePrice": "22.685"
        },
        {
            "fiscalDateEnding": "2019-12-31",
            "totalCurrentAssets": "99662000",
            "cashAndShortTermInvestments": "63418000",
            "totalCurrentLiabilities": "53311000",
            "currentDebt": "None",
            "netIncome": "633000",
            "capitalExpenditures": "992000",
            "operatingCashflow": "2496000",
            "grossProfit": "13448000",
            "totalRevenue": "28089000",
            "sentiment": 0,
            "surprise": "0.09",
            "closePrice": "27.33"
        }
    ]
}