{
    "SLAB": [
        {
            "fiscalDateEnding": "2023-12-31",
            "totalCurrentAssets": "737931000",
            "cashAndShortTermInvestments": "439224000",
            "totalCurrentLiabilities": "163570000",
            "currentDebt": "45000000",
            "netIncome": "-69787000",
            "capitalExpenditures": "3874000",
            "operatingCashflow": "22569000",
            "grossProfit": "43926000",
            "totalRevenue": "86845000",
            "sentiment": 0.23380197398467634,
            "surprise": "0.24",
            "closePrice": "133.71"
        },
        {
            "fiscalDateEnding": "2023-09-30",
            "totalCurrentAssets": "773535000",
            "cashAndShortTermInvestments": "417085000",
            "totalCurrentLiabilities": "165143000",
            "currentDebt": "45000000",
            "netIncome": "10348000",
            "capitalExpenditures": "5251000",
            "operatingCashflow": "10348000",
            "grossProfit": "119025000",
            "totalRevenue": "203760000",
            "sentiment": 0.2743457126965188,
            "surprise": "0.01",
            "closePrice": "87.17"
        },
        {
            "fiscalDateEnding": "2023-06-30",
            "totalCurrentAssets": "820977000",
            "cashAndShortTermInvestments": "505876000",
            "totalCurrentLiabilities": "218546000",
            "currentDebt": "80000000",
            "netIncome": "10956000",
            "capitalExpenditures": "5805000",
            "operatingCashflow": "10956000",
            "grossProfit": "143775000",
            "totalRevenue": "244866000",
            "sentiment": 0.005274187177854048,
            "surprise": "0.01",
            "closePrice": "144.4"
        },
        {
            "fiscalDateEnding": "2023-03-31",
            "totalCurrentAssets": "1460740000",
            "cashAndShortTermInvestments": "1152076000",
            "totalCurrentLiabilities": "693331000",
            "currentDebt": "None",
            "netIncome": "13967000",
            "capitalExpenditures": "7657000",
            "operatingCashflow": "-13280000",
            "grossProfit": "153860000",
            "totalRevenue": "246787000",
            "sentiment": 0.3354020456501261,
            "surprise": "0.01",
            "closePrice": "141.92"
        },
        {
            "fiscalDateEnding": "2022-12-31",
            "totalCurrentAssets": "1461363000",
            "cashAndShortTermInvestments": "1191939000",
            "totalCurrentLiabilities": "185776000",
            "currentDebt": "None",
            "netIncome": "25361000",
            "capitalExpenditures": "6468000",
            "operatingCashflow": "57013000",
            "grossProfit": "157297000",
            "totalRevenue": "257325000",
            "sentiment": 0.1261310681631421,
            "surprise": "0.33",
            "closePrice": "179.0"
        },
        {
            "fiscalDateEnding": "2022-09-30",
            "totalCurrentAssets": "1625636000",
            "cashAndShortTermInvestments": "1376408000",
            "totalCurrentLiabilities": "205701000",
            "currentDebt": "None",
            "netIncome": "20999000",
            "capitalExpenditures": "7735000",
            "operatingCashflow": "20999000",
            "grossProfit": "165585000",
            "totalRevenue": "269817000",
            "sentiment": 0.2794618352231194,
            "surprise": "0.09",
            "closePrice": "117.8"
        },
        {
            "fiscalDateEnding": "2022-06-30",
            "totalCurrentAssets": "1709965000",
            "cashAndShortTermInvestments": "1477695000",
            "totalCurrentLiabilities": "232119000",
            "currentDebt": "None",
            "netIncome": "22135000",
            "capitalExpenditures": "7768000",
            "operatingCashflow": "22135000",
            "grossProfit": "163903000",
            "totalRevenue": "263150000",
            "sentiment": -0.04823036084781612,
            "surprise": "0.27",
            "closePrice": "149.25"
        },
        {
            "fiscalDateEnding": "2022-03-31",
            "totalCurrentAssets": "2123398000",
            "cashAndShortTermInvestments": "1933718000",
            "totalCurrentLiabilities": "246208000",
            "currentDebt": "None",
            "netIncome": "22907000",
            "capitalExpenditures": "4554000",
            "operatingCashflow": "135125000",
            "grossProfit": "155772000",
            "totalRevenue": "233814000",
            "sentiment": 0.06931465330747323,
            "surprise": "0.41",
            "closePrice": "132.6"
        },
        {
            "fiscalDateEnding": "2021-12-31",
            "totalCurrentAssets": "2238573000",
            "cashAndShortTermInvestments": "2039205000",
            "totalCurrentLiabilities": "668827000",
            "currentDebt": "450599000",
            "netIncome": "-3098000",
            "capitalExpenditures": "9689000",
            "operatingCashflow": "-202384000",
            "grossProfit": "127831000",
            "totalRevenue": "208680000",
            "sentiment": 0,
            "surprise": "0.2",
            "closePrice": "170.27"
        },
        {
            "fiscalDateEnding": "2021-09-30",
            "totalCurrentAssets": "2920153000",
            "cashAndShortTermInvestments": "2726507000",
            "totalCurrentLiabilities": "458375000",
            "currentDebt": "None",
            "netIncome": "2076702000",
            "capitalExpenditures": "8689000",
            "operatingCashflow": "2076702000",
            "grossProfit": "109509000",
            "totalRevenue": "184831000",
            "sentiment": 0,
            "surprise": "0.19",
            "closePrice": "184.06"
        },
        {
            "fiscalDateEnding": "2021-06-30",
            "totalCurrentAssets": "1161003000",
            "cashAndShortTermInvestments": "617267000",
            "totalCurrentLiabilities": "154882000",
            "currentDebt": "None",
            "netIncome": "2606000",
            "capitalExpenditures": "5074000",
            "operatingCashflow": "2606000",
            "grossProfit": "96298000",
            "totalRevenue": "169492000",
            "sentiment": 0,
            "surprise": "0.12",
            "closePrice": "142.45"
        },
        {
            "fiscalDateEnding": "2021-03-31",
            "totalCurrentAssets": "860931000",
            "cashAndShortTermInvestments": "572932000",
            "totalCurrentLiabilities": "150799000",
            "currentDebt": "None",
            "netIncome": "13509000",
            "capitalExpenditures": "6283000",
            "operatingCashflow": "14506000",
            "grossProfit": "91754000",
            "totalRevenue": "157857000",
            "sentiment": 0,
            "surprise": "0.11",
            "closePrice": "149.61"
        },
        {
            "fiscalDateEnding": "2020-12-31",
            "totalCurrentAssets": "975821000",
            "cashAndShortTermInvestments": "724683000",
            "totalCurrentLiabilities": "284498000",
            "currentDebt": "134480000",
            "netIncome": "8948000",
            "capitalExpenditures": "4789000",
            "operatingCashflow": "8755000",
            "grossProfit": "83935000",
            "totalRevenue": "145829000",
            "sentiment": 0,
            "surprise": "0.11",
            "closePrice": "134.9"
        },
        {
            "fiscalDateEnding": "2020-09-30",
            "totalCurrentAssets": "937649000",
            "cashAndShortTermInvestments": "721786000",
            "totalCurrentLiabilities": "151146000",
            "currentDebt": "None",
            "netIncome": "-26997000",
            "capitalExpenditures": "4638000",
            "operatingCashflow": "26460000",
            "grossProfit": "75484000",
            "totalRevenue": "132731000",
            "sentiment": 0,
            "surprise": "0",
            "closePrice": "96.89"
        },
        {
            "fiscalDateEnding": "2020-06-30",
            "totalCurrentAssets": "917437000",
            "cashAndShortTermInvestments": "723344000",
            "totalCurrentLiabilities": "135000000",
            "currentDebt": "None",
            "netIncome": "-42097000",
            "capitalExpenditures": "5366000",
            "operatingCashflow": "40803000",
            "grossProfit": "66579000",
            "totalRevenue": "114350000",
            "sentiment": 0,
            "surprise": "0.17",
            "closePrice": "104.3"
        },
        {
            "fiscalDateEnding": "2020-03-31",
            "totalCurrentAssets": "1248037000",
            "cashAndShortTermInvestments": "1058263000",
            "totalCurrentLiabilities": "446733000",
            "currentDebt": "None",
            "netIncome": "2244000",
            "capitalExpenditures": "4505000",
            "operatingCashflow": "59700000",
            "grossProfit": "129166000",
            "totalRevenue": "214877000",
            "sentiment": 0,
            "surprise": "0.17",
            "closePrice": "102.66"
        },
        {
            "fiscalDateEnding": "2019-12-31",
            "totalCurrentAssets": "943859000",
            "cashAndShortTermInvestments": "725971000",
            "totalCurrentLiabilities": "137701000",
            "currentDebt": "None",
            "netIncome": "9715000",
            "capitalExpenditures": "4770000",
            "operatingCashflow": "31671000",
            "grossProfit": "-96799000",
            "totalRevenue": "219438000",
            "sentiment": 0,
            "surprise": "-0.05",
            "closePrice": "102.76"
        },
        {
            "fiscalDateEnding": "2019-09-30",
            "totalCurrentAssets": "895166000",
            "cashAndShortTermInvestments": "694935000",
            "totalCurrentLiabilities": "132036000",
            "currentDebt": "None",
            "netIncome": "20181000",
            "capitalExpenditures": "7915000",
            "operatingCashflow": "63497000",
            "grossProfit": "134090000",
            "totalRevenue": "223294000",
            "sentiment": 0,
            "surprise": "0.12",
            "closePrice": "110.21"
        },
        {
            "fiscalDateEnding": "2019-06-30",
            "totalCurrentAssets": "847642000",
            "cashAndShortTermInvestments": "641814000",
            "totalCurrentLiabilities": "131037000",
            "currentDebt": "None",
            "netIncome": "-16053000",
            "capitalExpenditures": "11576000",
            "operatingCashflow": "39339000",
            "grossProfit": "127049000",
            "totalRevenue": "206709000",
            "sentiment": 0,
            "surprise": "0.09",
            "closePrice": "113.74"
        },
        {
            "fiscalDateEnding": "2019-03-31",
            "totalCurrentAssets": "814488000",
            "cashAndShortTermInvestments": "613854000",
            "totalCurrentLiabilities": "134755000",
            "currentDebt": "None",
            "netIncome": "5398000",
            "capitalExpenditures": "414000",
            "operatingCashflow": "32015000",
            "grossProfit": "115874000",
            "totalRevenue": "188113000",
            "sentiment": 0,
            "surprise": "0.12",
            "closePrice": "110.04"
        },
        {
            "fiscalDateEnding": "2018-12-31",
            "totalCurrentAssets": "826638000",
            "cashAndShortTermInvestments": "613822000",
            "totalCurrentLiabilities": "144845000",
            "currentDebt": "None",
            "netIncome": "15145000",
            "capitalExpenditures": "1975000",
            "operatingCashflow": "28416000",
            "grossProfit": "130243000",
            "totalRevenue": "215534000",
            "sentiment": 0,
            "surprise": "-0.03",
            "closePrice": "76.85"
        },
        {
            "fiscalDateEnding": "2018-09-30",
            "totalCurrentAssets": "801051000",
            "cashAndShortTermInvestments": "601929000",
            "totalCurrentLiabilities": "147348000",
            "currentDebt": "None",
            "netIncome": "27761000",
            "capitalExpenditures": "3195000",
            "operatingCashflow": "94348000",
            "grossProfit": "135627000",
            "totalRevenue": "230243000",
            "sentiment": 0,
            "surprise": "0.03",
            "closePrice": "77.46"
        },
        {
            "fiscalDateEnding": "2018-06-30",
            "totalCurrentAssets": "775915000",
            "cashAndShortTermInvestments": "542280000",
            "totalCurrentLiabilities": "139080000",
            "currentDebt": "None",
            "netIncome": "14280000",
            "capitalExpenditures": "1195000",
            "operatingCashflow": "28566000",
            "grossProfit": "131292000",
            "totalRevenue": "217106000",
            "sentiment": 0,
            "surprise": "0.08",
            "closePrice": "99.25"
        },
        {
            "fiscalDateEnding": "2018-03-31",
            "totalCurrentAssets": "976321000",
            "cashAndShortTermInvestments": "760139000",
            "totalCurrentLiabilities": "144804000",
            "currentDebt": "None",
            "netIncome": "26405000",
            "capitalExpenditures": "4698000",
            "operatingCashflow": "22212000",
            "grossProfit": "124237000",
            "totalRevenue": "205384000",
            "sentiment": 0,
            "surprise": "0.11",
            "closePrice": "95.2"
        },
        {
            "fiscalDateEnding": "2017-12-31",
            "totalCurrentAssets": "947642000",
            "cashAndShortTermInvestments": "764023000",
            "totalCurrentLiabilities": "162325000",
            "currentDebt": "None",
            "netIncome": "-4852000",
            "capitalExpenditures": "2338000",
            "operatingCashflow": "48155000",
            "grossProfit": "119264000",
            "totalRevenue": "201018000",
            "sentiment": 0,
            "surprise": "0.07",
            "closePrice": "96.2"
        },
        {
            "fiscalDateEnding": "2017-09-30",
            "totalCurrentAssets": "905501000",
            "cashAndShortTermInvestments": "718855000",
            "totalCurrentLiabilities": "159991000",
            "currentDebt": "None",
            "netIncome": "19949000",
            "capitalExpenditures": "838000",
            "operatingCashflow": "60801000",
            "grossProfit": "116574000",
            "totalRevenue": "198723000",
            "sentiment": 0,
            "surprise": "0.09",
            "closePrice": "91.6"
        },
        {
            "fiscalDateEnding": "2017-06-30",
            "totalCurrentAssets": "851506000",
            "cashAndShortTermInvestments": "661729000",
            "totalCurrentLiabilities": "143243000",
            "currentDebt": "None",
            "netIncome": "16569000",
            "capitalExpenditures": "338000",
            "operatingCashflow": "38552000",
            "grossProfit": "113192000",
            "totalRevenue": "190098000",
            "sentiment": 0,
            "surprise": "0.08",
            "closePrice": "77.2"
        },
        {
            "fiscalDateEnding": "2017-03-31",
            "totalCurrentAssets": "813246000",
            "cashAndShortTermInvestments": "621726000",
            "totalCurrentLiabilities": "145293000",
            "currentDebt": "None",
            "netIncome": "15426000",
            "capitalExpenditures": "1446000",
            "operatingCashflow": "42013000",
            "grossProfit": "105161000",
            "totalRevenue": "179028000",
            "sentiment": 0,
            "surprise": "0.03",
            "closePrice": "75.35"
        },
        {
            "fiscalDateEnding": "2016-12-31",
            "totalCurrentAssets": "490851000",
            "cashAndShortTermInvestments": "295067000",
            "totalCurrentLiabilities": "139695000",
            "currentDebt": "None",
            "netIncome": "20109000",
            "capitalExpenditures": "3807000",
            "operatingCashflow": "22291000",
            "grossProfit": "109476000",
            "totalRevenue": "180023000",
            "sentiment": 0,
            "surprise": "0.1",
            "closePrice": "69.25"
        },
        {
            "fiscalDateEnding": "2016-09-30",
            "totalCurrentAssets": "468395000",
            "cashAndShortTermInvestments": "279334000",
            "totalCurrentLiabilities": "143847000",
            "currentDebt": "None",
            "netIncome": "20018000",
            "capitalExpenditures": "2779000",
            "operatingCashflow": "46188000",
            "grossProfit": "108203000",
            "totalRevenue": "178083000",
            "sentiment": 0,
            "surprise": "0.13",
            "closePrice": "60.95"
        },
        {
            "fiscalDateEnding": "2016-06-30",
            "totalCurrentAssets": "425364000",
            "cashAndShortTermInvestments": "243660000",
            "totalCurrentLiabilities": "140980000",
            "currentDebt": "None",
            "netIncome": "15559000",
            "capitalExpenditures": "1108000",
            "operatingCashflow": "-11880000",
            "grossProfit": "108294000",
            "totalRevenue": "174908000",
            "sentiment": 0,
            "surprise": "0.11",
            "closePrice": "54.7"
        },
        {
            "fiscalDateEnding": "2016-03-31",
            "totalCurrentAssets": "421250000",
            "cashAndShortTermInvestments": "253514000",
            "totalCurrentLiabilities": "155096000",
            "currentDebt": "None",
            "netIncome": "5808000",
            "capitalExpenditures": "1107000",
            "operatingCashflow": "44872000",
            "grossProfit": "95531000",
            "totalRevenue": "162025000",
            "sentiment": 0,
            "surprise": "0.06",
            "closePrice": "47.67"
        },
        {
            "fiscalDateEnding": "2015-12-31",
            "totalCurrentAssets": "423140000",
            "cashAndShortTermInvestments": "242986000",
            "totalCurrentLiabilities": "142321000",
            "currentDebt": "None",
            "netIncome": "5658000",
            "capitalExpenditures": "1108000",
            "operatingCashflow": "-50913000",
            "grossProfit": "93538000",
            "totalRevenue": "159403000",
            "sentiment": 0,
            "surprise": "0.15",
            "closePrice": "42.21"
        },
        {
            "fiscalDateEnding": "2015-09-30",
            "totalCurrentAssets": "429355000",
            "cashAndShortTermInvestments": "248310000",
            "totalCurrentLiabilities": "129341000",
            "currentDebt": "None",
            "netIncome": "9975000",
            "capitalExpenditures": "3420000",
            "operatingCashflow": "9975000",
            "grossProfit": "93435000",
            "totalRevenue": "155507000",
            "sentiment": 0,
            "surprise": "0.08",
            "closePrice": "49.51"
        },
        {
            "fiscalDateEnding": "2015-06-30",
            "totalCurrentAssets": "481596000",
            "cashAndShortTermInvestments": "272607000",
            "totalCurrentLiabilities": "133395000",
            "currentDebt": "None",
            "netIncome": "7575000",
            "capitalExpenditures": "936000",
            "operatingCashflow": "7575000",
            "grossProfit": "97428000",
            "totalRevenue": "164128000",
            "sentiment": 0,
            "surprise": "0.03",
            "closePrice": "45.31"
        },
        {
            "fiscalDateEnding": "2015-03-31",
            "totalCurrentAssets": "457811000",
            "cashAndShortTermInvestments": "261505000",
            "totalCurrentLiabilities": "134822000",
            "currentDebt": "None",
            "netIncome": "6378000",
            "capitalExpenditures": "935000",
            "operatingCashflow": "42716000",
            "grossProfit": "96369000",
            "totalRevenue": "162960000",
            "sentiment": 0,
            "surprise": "0.08",
            "closePrice": "52.53"
        },
        {
            "fiscalDateEnding": "2014-12-31",
            "totalCurrentAssets": "528537000",
            "cashAndShortTermInvestments": "335195000",
            "totalCurrentLiabilities": "163314000",
            "currentDebt": "None",
            "netIncome": "10024000",
            "capitalExpenditures": "2175000",
            "operatingCashflow": "57081000",
            "grossProfit": "96672000",
            "totalRevenue": "161143000",
            "sentiment": 0,
            "surprise": "0.1",
            "closePrice": "47.82"
        },
        {
            "fiscalDateEnding": "2014-09-30",
            "totalCurrentAssets": "504868000",
            "cashAndShortTermInvestments": "328678000",
            "totalCurrentLiabilities": "152730000",
            "currentDebt": "None",
            "netIncome": "5608000",
            "capitalExpenditures": "613000",
            "operatingCashflow": "5608000",
            "grossProfit": "96111000",
            "totalRevenue": "157376000",
            "sentiment": 0,
            "surprise": "0.04",
            "closePrice": "44.03"
        },
        {
            "fiscalDateEnding": "2014-06-30",
            "totalCurrentAssets": "508977000",
            "cashAndShortTermInvestments": "328935000",
            "totalCurrentLiabilities": "134750000",
            "currentDebt": "None",
            "netIncome": "14279000",
            "capitalExpenditures": "613000",
            "operatingCashflow": "14279000",
            "grossProfit": "98663000",
            "totalRevenue": "154138000",
            "sentiment": 0,
            "surprise": "0.12",
            "closePrice": "40.04"
        },
        {
            "fiscalDateEnding": "2014-03-31",
            "totalCurrentAssets": "487511000",
            "cashAndShortTermInvestments": "323088000",
            "totalCurrentLiabilities": "133121000",
            "currentDebt": "None",
            "netIncome": "8110000",
            "capitalExpenditures": "2113000",
            "operatingCashflow": "46952000",
            "grossProfit": "87105000",
            "totalRevenue": "144893000",
            "sentiment": 0,
            "surprise": "0",
            "closePrice": "44.49"
        },
        {
            "fiscalDateEnding": "2013-12-31",
            "totalCurrentAssets": "459317000",
            "cashAndShortTermInvestments": "275393000",
            "totalCurrentLiabilities": "109147000",
            "currentDebt": "None",
            "netIncome": "10642000",
            "capitalExpenditures": "2440000",
            "operatingCashflow": "24956000",
            "grossProfit": "88598000",
            "totalRevenue": "145429000",
            "sentiment": 0,
            "surprise": "0.06",
            "closePrice": "46.15"
        },
        {
            "fiscalDateEnding": "2013-09-30",
            "totalCurrentAssets": "452165000",
            "cashAndShortTermInvestments": "270396000",
            "totalCurrentLiabilities": "103857000",
            "currentDebt": "None",
            "netIncome": "6531000",
            "capitalExpenditures": "1061000",
            "operatingCashflow": "6531000",
            "grossProfit": "88161000",
            "totalRevenue": "146120000",
            "sentiment": 0,
            "surprise": "0.02",
            "closePrice": "39.21"
        },
        {
            "fiscalDateEnding": "2013-06-30",
            "totalCurrentAssets": "526928000",
            "cashAndShortTermInvestments": "344891000",
            "totalCurrentLiabilities": "98442000",
            "currentDebt": "None",
            "netIncome": "12612000",
            "capitalExpenditures": "1210000",
            "operatingCashflow": "12612000",
            "grossProfit": "88773000",
            "totalRevenue": "140712000",
            "sentiment": 0,
            "surprise": "0",
            "closePrice": "39.39"
        },
        {
            "fiscalDateEnding": "2013-03-31",
            "totalCurrentAssets": "502711000",
            "cashAndShortTermInvestments": "309071000",
            "totalCurrentLiabilities": "103804000",
            "currentDebt": "None",
            "netIncome": "20034000",
            "capitalExpenditures": "1228000",
            "operatingCashflow": "29508000",
            "grossProfit": "87372000",
            "totalRevenue": "144533000",
            "sentiment": 0,
            "surprise": "0.04",
            "closePrice": "39.49"
        },
        {
            "fiscalDateEnding": "2012-12-31",
            "totalCurrentAssets": "467682000",
            "cashAndShortTermInvestments": "281991000",
            "totalCurrentLiabilities": "106378000",
            "currentDebt": "None",
            "netIncome": "18695000",
            "capitalExpenditures": "2362000",
            "operatingCashflow": "12731000",
            "grossProfit": "93626000",
            "totalRevenue": "151611000",
            "sentiment": 0,
            "surprise": "0.03",
            "closePrice": "44.82"
        },
        {
            "fiscalDateEnding": "2012-09-30",
            "totalCurrentAssets": "444955000",
            "cashAndShortTermInvestments": "274078000",
            "totalCurrentLiabilities": "116159000",
            "currentDebt": "None",
            "netIncome": "10024000",
            "capitalExpenditures": "-1773000",
            "operatingCashflow": "10024000",
            "grossProfit": "86493000",
            "totalRevenue": "149227000",
            "sentiment": 0,
            "surprise": "0.09",
            "closePrice": "41.03"
        },
        {
            "fiscalDateEnding": "2012-06-30",
            "totalCurrentAssets": "474865000",
            "cashAndShortTermInvestments": "311900000",
            "totalCurrentLiabilities": "94379000",
            "currentDebt": "None",
            "netIncome": "20509000",
            "capitalExpenditures": "7069000",
            "operatingCashflow": "20509000",
            "grossProfit": "82802000",
            "totalRevenue": "135638000",
            "sentiment": 0,
            "surprise": "0.04",
            "closePrice": "37.6"
        },
        {
            "fiscalDateEnding": "2012-03-31",
            "totalCurrentAssets": "481525000",
            "cashAndShortTermInvestments": "333337000",
            "totalCurrentLiabilities": "90346000",
            "currentDebt": "None",
            "netIncome": "14320000",
            "capitalExpenditures": "850000",
            "operatingCashflow": "26147000",
            "grossProfit": "75096000",
            "totalRevenue": "125669000",
            "sentiment": 0,
            "surprise": "0.02",
            "closePrice": "33.66"
        },
        {
            "fiscalDateEnding": "2011-12-31",
            "totalCurrentAssets": "453049000",
            "cashAndShortTermInvestments": "307490000",
            "totalCurrentLiabilities": "82838000",
            "currentDebt": "None",
            "netIncome": "12805000",
            "capitalExpenditures": "3127000",
            "operatingCashflow": "23173000",
            "grossProfit": "77179000",
            "totalRevenue": "126706000",
            "sentiment": 0,
            "surprise": "0.06",
            "closePrice": "46.77"
        },
        {
            "fiscalDateEnding": "2011-09-30",
            "totalCurrentAssets": "426768000",
            "cashAndShortTermInvestments": "283098000",
            "totalCurrentLiabilities": "86743000",
            "currentDebt": "None",
            "netIncome": "11255000",
            "capitalExpenditures": "226000",
            "operatingCashflow": "11255000",
            "grossProfit": "72897000",
            "totalRevenue": "119096000",
            "sentiment": 0,
            "surprise": "0.07",
            "closePrice": "40.49"
        },
        {
            "fiscalDateEnding": "2011-06-30",
            "totalCurrentAssets": "486808000",
            "cashAndShortTermInvestments": "333590000",
            "totalCurrentLiabilities": "86144000",
            "currentDebt": "None",
            "netIncome": "13372000",
            "capitalExpenditures": "81000",
            "operatingCashflow": "28856000",
            "grossProfit": "76212000",
            "totalRevenue": "126192000",
            "sentiment": 0,
            "surprise": "0.02",
            "closePrice": "36.19"
        },
        {
            "fiscalDateEnding": "2011-03-31",
            "totalCurrentAssets": "471214000",
            "cashAndShortTermInvestments": "322281000",
            "totalCurrentLiabilities": "79681000",
            "currentDebt": "None",
            "netIncome": "-1960000",
            "capitalExpenditures": "584000",
            "operatingCashflow": "-2626000",
            "grossProfit": "72158000",
            "totalRevenue": "119631000",
            "sentiment": 0.2082305751977247,
            "surprise": "0.05",
            "closePrice": "43.5"
        },
        {
            "fiscalDateEnding": "2011-12-31",
            "totalCurrentAssets": "493929000",
            "cashAndShortTermInvestments": "365862000",
            "totalCurrentLiabilities": "79856000",
            "currentDebt": "None",
            "netIncome": "12883000",
            "capitalExpenditures": "1225000",
            "operatingCashflow": "34453000",
            "grossProfit": "71091000",
            "totalRevenue": "111957000",
            "sentiment": 0,
            "surprise": "0.06",
            "closePrice": "46.77"
        },
        {
            "fiscalDateEnding": "2010-09-30",
            "totalCurrentAssets": "488211000",
            "cashAndShortTermInvestments": "107651000",
            "totalCurrentLiabilities": "88079000",
            "currentDebt": "None",
            "netIncome": "18233000",
            "capitalExpenditures": "230000",
            "operatingCashflow": "30949000",
            "grossProfit": "78670000",
            "totalRevenue": "120133000",
            "sentiment": 0,
            "surprise": "0.01",
            "closePrice": "39.71"
        },
        {
            "fiscalDateEnding": "2010-06-30",
            "totalCurrentAssets": "488311000",
            "cashAndShortTermInvestments": "80969000",
            "totalCurrentLiabilities": "83189000",
            "currentDebt": "None",
            "netIncome": "21047000",
            "capitalExpenditures": "3481000",
            "operatingCashflow": "21418000",
            "grossProfit": "90893000",
            "totalRevenue": "134555000",
            "sentiment": 0,
            "surprise": "0.08",
            "closePrice": "41.27"
        }
    ]
}