{
    "SMAR": [
        {
            "fiscalDateEnding": "2024-01-31",
            "totalCurrentAssets": "931869000",
            "cashAndShortTermInvestments": "628795000",
            "totalCurrentLiabilities": "695850000",
            "currentDebt": "216000",
            "netIncome": "-8976000",
            "capitalExpenditures": "3391000",
            "operatingCashflow": "59702000",
            "grossProfit": "210458000",
            "totalRevenue": "239527000",
            "sentiment": 0.34150866183186424,
            "surprise": "0.16",
            "closePrice": "40.3"
        },
        {
            "fiscalDateEnding": "2023-10-31",
            "totalCurrentAssets": "801839000",
            "cashAndShortTermInvestments": "568739000",
            "totalCurrentLiabilities": "606773000",
            "currentDebt": "194000",
            "netIncome": "-32428000",
            "capitalExpenditures": "3737000",
            "operatingCashflow": "15146000",
            "grossProfit": "198880000",
            "totalRevenue": "253467000",
            "sentiment": 0.3487380622262699,
            "surprise": "0.07",
            "closePrice": "44.89"
        },
        {
            "fiscalDateEnding": "2023-07-31",
            "totalCurrentAssets": "760381000",
            "cashAndShortTermInvestments": "548985000",
            "totalCurrentLiabilities": "581654000",
            "currentDebt": "None",
            "netIncome": "-33357000",
            "capitalExpenditures": "2960000",
            "operatingCashflow": "48459000",
            "grossProfit": "188547000",
            "totalRevenue": "241979000",
            "sentiment": 0.21269195623105644,
            "surprise": "0.09",
            "closePrice": "40.36"
        },
        {
            "fiscalDateEnding": "2023-04-30",
            "totalCurrentAssets": "709668000",
            "cashAndShortTermInvestments": "489539000",
            "totalCurrentLiabilities": "556746000",
            "currentDebt": "None",
            "netIncome": "-29870000",
            "capitalExpenditures": "3250000",
            "operatingCashflow": "34571000",
            "grossProfit": "174005000",
            "totalRevenue": "225269000",
            "sentiment": 0.3366345129914886,
            "surprise": "0.11",
            "closePrice": "49.0"
        },
        {
            "fiscalDateEnding": "2023-01-31",
            "totalCurrentAssets": "710087000",
            "cashAndShortTermInvestments": "456381000",
            "totalCurrentLiabilities": "574663000",
            "currentDebt": "None",
            "netIncome": "-42732000",
            "capitalExpenditures": "3796000",
            "operatingCashflow": "20193000",
            "grossProfit": "167624000",
            "totalRevenue": "209129000",
            "sentiment": 0.171473000655285,
            "surprise": "0.08",
            "closePrice": "38.32"
        },
        {
            "fiscalDateEnding": "2022-10-31",
            "totalCurrentAssets": "618380000",
            "cashAndShortTermInvestments": "434724000",
            "totalCurrentLiabilities": "488233000",
            "currentDebt": "None",
            "netIncome": "-40137000",
            "capitalExpenditures": "2873000",
            "operatingCashflow": "-1773000",
            "grossProfit": "156714000",
            "totalRevenue": "202081000",
            "sentiment": 0.19451540861551886,
            "surprise": "0.14",
            "closePrice": "32.51"
        },
        {
            "fiscalDateEnding": "2022-07-31",
            "totalCurrentAssets": "623719000",
            "cashAndShortTermInvestments": "455664000",
            "totalCurrentLiabilities": "465875000",
            "currentDebt": "None",
            "netIncome": "-62313000",
            "capitalExpenditures": "3114000",
            "operatingCashflow": "10221000",
            "grossProfit": "146140000",
            "totalRevenue": "187972000",
            "sentiment": -0.1556802558182697,
            "surprise": "0.1",
            "closePrice": "30.82"
        },
        {
            "fiscalDateEnding": "2022-04-30",
            "totalCurrentAssets": "612145000",
            "cashAndShortTermInvestments": "446664000",
            "totalCurrentLiabilities": "442068000",
            "currentDebt": "None",
            "netIncome": "-70457000",
            "capitalExpenditures": "4014000",
            "operatingCashflow": "-5053000",
            "grossProfit": "131152000",
            "totalRevenue": "168109000",
            "sentiment": -0.13709574688690926,
            "surprise": "0.01",
            "closePrice": "40.58"
        },
        {
            "fiscalDateEnding": "2022-01-31",
            "totalCurrentAssets": "634602000",
            "cashAndShortTermInvestments": "449074000",
            "totalCurrentLiabilities": "437439000",
            "currentDebt": "None",
            "netIncome": "-53139000",
            "capitalExpenditures": "2622000",
            "operatingCashflow": "-152000",
            "grossProfit": "124366000",
            "totalRevenue": "156439000",
            "sentiment": 0,
            "surprise": "0.03",
            "closePrice": "43.49"
        },
        {
            "fiscalDateEnding": "2021-10-31",
            "totalCurrentAssets": "573180000",
            "cashAndShortTermInvestments": "439950000",
            "totalCurrentLiabilities": "357411000",
            "currentDebt": "None",
            "netIncome": "-36718000",
            "capitalExpenditures": "4147000",
            "operatingCashflow": "-2161000",
            "grossProfit": "115213000",
            "totalRevenue": "144640000",
            "sentiment": 0,
            "surprise": "0.07",
            "closePrice": "61.16"
        },
        {
            "fiscalDateEnding": "2021-07-31",
            "totalCurrentAssets": "559408000",
            "cashAndShortTermInvestments": "442801000",
            "totalCurrentLiabilities": "339503000",
            "currentDebt": "None",
            "netIncome": "-44168000",
            "capitalExpenditures": "5294000",
            "operatingCashflow": "1762000",
            "grossProfit": "104270000",
            "totalRevenue": "131748000",
            "sentiment": 0,
            "surprise": "0.08",
            "closePrice": "82.74"
        },
        {
            "fiscalDateEnding": "2021-04-30",
            "totalCurrentAssets": "546420000",
            "cashAndShortTermInvestments": "439656000",
            "totalCurrentLiabilities": "306388000",
            "currentDebt": "None",
            "netIncome": "-37072000",
            "capitalExpenditures": "5237000",
            "operatingCashflow": "-2961000",
            "grossProfit": "90510000",
            "totalRevenue": "117412000",
            "sentiment": 0,
            "surprise": "0.05",
            "closePrice": "60.12"
        },
        {
            "fiscalDateEnding": "2021-01-31",
            "totalCurrentAssets": "558372000",
            "cashAndShortTermInvestments": "442200000",
            "totalCurrentLiabilities": "307723000",
            "currentDebt": "None",
            "netIncome": "-28665000",
            "capitalExpenditures": "3148000",
            "operatingCashflow": "15204000",
            "grossProfit": "85521000",
            "totalRevenue": "108582000",
            "sentiment": 0,
            "surprise": "0.09",
            "closePrice": "68.62"
        },
        {
            "fiscalDateEnding": "2020-10-31",
            "totalCurrentAssets": "498797000",
            "cashAndShortTermInvestments": "420417000",
            "totalCurrentLiabilities": "242353000",
            "currentDebt": "2228000",
            "netIncome": "-31971000",
            "capitalExpenditures": "2936000",
            "operatingCashflow": "-5249000",
            "grossProfit": "75203000",
            "totalRevenue": "98947000",
            "sentiment": 0,
            "surprise": "0.09",
            "closePrice": "62.47"
        },
        {
            "fiscalDateEnding": "2020-07-31",
            "totalCurrentAssets": "610607000",
            "cashAndShortTermInvestments": "545975000",
            "totalCurrentLiabilities": "221882000",
            "currentDebt": "1916000",
            "netIncome": "-26559000",
            "capitalExpenditures": "2438000",
            "operatingCashflow": "-1318000",
            "grossProfit": "72204000",
            "totalRevenue": "91314000",
            "sentiment": 0,
            "surprise": "0.1",
            "closePrice": "59.64"
        },
        {
            "fiscalDateEnding": "2020-04-30",
            "totalCurrentAssets": "603630000",
            "cashAndShortTermInvestments": "544178000",
            "totalCurrentLiabilities": "211606000",
            "currentDebt": "16103000",
            "netIncome": "-27784000",
            "capitalExpenditures": "3262000",
            "operatingCashflow": "-24285000",
            "grossProfit": "67046000",
            "totalRevenue": "86717000",
            "sentiment": 0,
            "surprise": "0.08",
            "closePrice": "59.08"
        },
        {
            "fiscalDateEnding": "2020-01-31",
            "totalCurrentAssets": "630962000",
            "cashAndShortTermInvestments": "566456000",
            "totalCurrentLiabilities": "233240000",
            "currentDebt": "15485000",
            "netIncome": "-28160000",
            "capitalExpenditures": "2476000",
            "operatingCashflow": "-42000",
            "grossProfit": "62867000",
            "totalRevenue": "72107000",
            "sentiment": 0,
            "surprise": "0.03",
            "closePrice": "36.6"
        },
        {
            "fiscalDateEnding": "2019-10-31",
            "totalCurrentAssets": "615360000",
            "cashAndShortTermInvestments": "563357000",
            "totalCurrentLiabilities": "196099000",
            "currentDebt": "14066000",
            "netIncome": "-28856000",
            "capitalExpenditures": "2894000",
            "operatingCashflow": "1049000",
            "grossProfit": "57427000",
            "totalRevenue": "74335000",
            "sentiment": 0,
            "surprise": "0.03",
            "closePrice": "43.76"
        },
        {
            "fiscalDateEnding": "2019-07-31",
            "totalCurrentAssets": "611306000",
            "cashAndShortTermInvestments": "561214000",
            "totalCurrentLiabilities": "174693000",
            "currentDebt": "None",
            "netIncome": "-19114000",
            "capitalExpenditures": "3591000",
            "operatingCashflow": "-2692000",
            "grossProfit": "51979000",
            "totalRevenue": "66758000",
            "sentiment": 0,
            "surprise": "0.08",
            "closePrice": "47.91"
        },
        {
            "fiscalDateEnding": "2019-04-30",
            "totalCurrentAssets": "248498000",
            "cashAndShortTermInvestments": "208799000",
            "totalCurrentLiabilities": "152572000",
            "currentDebt": "None",
            "netIncome": "-19809000",
            "capitalExpenditures": "2891000",
            "operatingCashflow": "-9185000",
            "grossProfit": "45709000",
            "totalRevenue": "56156000",
            "sentiment": 0,
            "surprise": "0.06",
            "closePrice": "40.76"
        },
        {
            "fiscalDateEnding": "2019-01-31",
            "totalCurrentAssets": "247180000",
            "cashAndShortTermInvestments": "213085000",
            "totalCurrentLiabilities": "136293000",
            "currentDebt": "3768000",
            "netIncome": "-11685000",
            "capitalExpenditures": "2256000",
            "operatingCashflow": "3995000",
            "grossProfit": "42484000",
            "totalRevenue": "55529000",
            "sentiment": 0,
            "surprise": "0.07",
            "closePrice": "43.44"
        },
        {
            "fiscalDateEnding": "2018-10-31",
            "totalCurrentAssets": "241503000",
            "cashAndShortTermInvestments": "212028000",
            "totalCurrentLiabilities": "115726000",
            "currentDebt": "3632000",
            "netIncome": "-15569000",
            "capitalExpenditures": "3465000",
            "operatingCashflow": "2423000",
            "grossProfit": "38164000",
            "totalRevenue": "46868000",
            "sentiment": 0,
            "surprise": "0.07",
            "closePrice": "27.06"
        },
        {
            "fiscalDateEnding": "2018-07-31",
            "totalCurrentAssets": "240587000",
            "cashAndShortTermInvestments": "211111000",
            "totalCurrentLiabilities": "104023000",
            "currentDebt": "3711000",
            "netIncome": "-12301000",
            "capitalExpenditures": "2253000",
            "operatingCashflow": "-1119000",
            "grossProfit": "34229000",
            "totalRevenue": "84768000",
            "sentiment": 0,
            "surprise": "0.05",
            "closePrice": "31.7"
        },
        {
            "fiscalDateEnding": "2018-04-30",
            "totalCurrentAssets": "72967000",
            "cashAndShortTermInvestments": "49657000",
            "totalCurrentLiabilities": "87744000",
            "currentDebt": "2878000",
            "netIncome": "-14330000",
            "capitalExpenditures": "810000",
            "operatingCashflow": "-8154000",
            "grossProfit": "28996000",
            "totalRevenue": "36319000",
            "sentiment": 0,
            "surprise": "0.06",
            "closePrice": "26.54"
        }
    ]
}