{
    "SMTC": [
        {
            "fiscalDateEnding": "2024-01-28",
            "totalCurrentAssets": "534197000",
            "cashAndShortTermInvestments": "143130000",
            "totalCurrentLiabilities": "217156000",
            "currentDebt": "None",
            "netIncome": "-642363000",
            "capitalExpenditures": "2856000",
            "operatingCashflow": "13919000",
            "grossProfit": "-390000",
            "totalRevenue": "169039000",
            "sentiment": -0.05767469369608681,
            "surprise": "-0.03",
            "closePrice": "27.49"
        },
        {
            "fiscalDateEnding": "2023-10-29",
            "totalCurrentAssets": "572404000",
            "cashAndShortTermInvestments": "123820000",
            "totalCurrentLiabilities": "238997000",
            "currentDebt": "None",
            "netIncome": "-38250000",
            "capitalExpenditures": "7055000",
            "operatingCashflow": "-5847000",
            "grossProfit": "92966000",
            "totalRevenue": "172370000",
            "sentiment": -0.016156429547033665,
            "surprise": "0.15",
            "closePrice": "16.7"
        },
        {
            "fiscalDateEnding": "2023-07-30",
            "totalCurrentAssets": "629938000",
            "cashAndShortTermInvestments": "147912000",
            "totalCurrentLiabilities": "321057000",
            "currentDebt": "52890000",
            "netIncome": "-382002000",
            "capitalExpenditures": "7212000",
            "operatingCashflow": "-12005000",
            "grossProfit": "100728000",
            "totalRevenue": "214252000",
            "sentiment": 0.3079319367600084,
            "surprise": "0.09",
            "closePrice": "22.87"
        },
        {
            "fiscalDateEnding": "2023-04-30",
            "totalCurrentAssets": "664399000",
            "cashAndShortTermInvestments": "164198000",
            "totalCurrentLiabilities": "309756000",
            "currentDebt": "42695000",
            "netIncome": "-29415000",
            "capitalExpenditures": "13977000",
            "operatingCashflow": "-89987000",
            "grossProfit": "102946000",
            "totalRevenue": "217256000",
            "sentiment": 0.28610127087294684,
            "surprise": "0.1",
            "closePrice": "22.43"
        },
        {
            "fiscalDateEnding": "2023-01-29",
            "totalCurrentAssets": "722786000",
            "cashAndShortTermInvestments": "248067000",
            "totalCurrentLiabilities": "396855000",
            "currentDebt": "43104000",
            "netIncome": "-51013000",
            "capitalExpenditures": "5680000",
            "operatingCashflow": "-18799000",
            "grossProfit": "100013000",
            "totalRevenue": "159425000",
            "sentiment": 0.3161778387293725,
            "surprise": "-0.01",
            "closePrice": "32.11"
        },
        {
            "fiscalDateEnding": "2022-10-30",
            "totalCurrentAssets": "835232000",
            "cashAndShortTermInvestments": "617801000",
            "totalCurrentLiabilities": "140093000",
            "currentDebt": "None",
            "netIncome": "22746000",
            "capitalExpenditures": "7060000",
            "operatingCashflow": "18181000",
            "grossProfit": "114569000",
            "totalRevenue": "176503000",
            "sentiment": 0.1446135003556852,
            "surprise": "0.02",
            "closePrice": "30.74"
        },
        {
            "fiscalDateEnding": "2022-07-31",
            "totalCurrentAssets": "577086000",
            "cashAndShortTermInvestments": "362150000",
            "totalCurrentLiabilities": "140129000",
            "currentDebt": "None",
            "netIncome": "51598000",
            "capitalExpenditures": "7268000",
            "operatingCashflow": "77278000",
            "grossProfit": "134771000",
            "totalRevenue": "226135000",
            "sentiment": 0.04726643304158867,
            "surprise": "0.02",
            "closePrice": "46.19"
        },
        {
            "fiscalDateEnding": "2022-05-01",
            "totalCurrentAssets": "495423000",
            "cashAndShortTermInvestments": "275184000",
            "totalCurrentLiabilities": "110416000",
            "currentDebt": "None",
            "netIncome": "38049000",
            "capitalExpenditures": "8315000",
            "operatingCashflow": "50051000",
            "grossProfit": "129205000",
            "totalRevenue": "201351000",
            "sentiment": 0.05348929343688059,
            "surprise": "0.04",
            "closePrice": "64.38"
        },
        {
            "fiscalDateEnding": "2022-01-30",
            "totalCurrentAssets": "502295000",
            "cashAndShortTermInvestments": "279601000",
            "totalCurrentLiabilities": "128399000",
            "currentDebt": "None",
            "netIncome": "34804000",
            "capitalExpenditures": "8100000",
            "operatingCashflow": "50986000",
            "grossProfit": "117157000",
            "totalRevenue": "188749000",
            "sentiment": 0,
            "surprise": "0.01",
            "closePrice": "66.66"
        },
        {
            "fiscalDateEnding": "2021-10-31",
            "totalCurrentAssets": "496357000",
            "cashAndShortTermInvestments": "276599000",
            "totalCurrentLiabilities": "123909000",
            "currentDebt": "None",
            "netIncome": "34427000",
            "capitalExpenditures": "5349000",
            "operatingCashflow": "66538000",
            "grossProfit": "123689000",
            "totalRevenue": "193851000",
            "sentiment": 0,
            "surprise": "0.02",
            "closePrice": "86.69"
        },
        {
            "fiscalDateEnding": "2021-08-01",
            "totalCurrentAssets": "484849000",
            "cashAndShortTermInvestments": "262657000",
            "totalCurrentLiabilities": "116366000",
            "currentDebt": "None",
            "netIncome": "32933000",
            "capitalExpenditures": "6972000",
            "operatingCashflow": "53014000",
            "grossProfit": "115432000",
            "totalRevenue": "183993000",
            "sentiment": 0,
            "surprise": "0.03",
            "closePrice": "70.96"
        },
        {
            "fiscalDateEnding": "2021-05-02",
            "totalCurrentAssets": "461362000",
            "cashAndShortTermInvestments": "258219000",
            "totalCurrentLiabilities": "96512000",
            "currentDebt": "None",
            "netIncome": "23500000",
            "capitalExpenditures": "5760000",
            "operatingCashflow": "32585000",
            "grossProfit": "104861000",
            "totalRevenue": "169314000",
            "sentiment": 0,
            "surprise": "0.01",
            "closePrice": "61.93"
        },
        {
            "fiscalDateEnding": "2021-01-31",
            "totalCurrentAssets": "474728000",
            "cashAndShortTermInvestments": "268891000",
            "totalCurrentLiabilities": "109573000",
            "currentDebt": "None",
            "netIncome": "15656000",
            "capitalExpenditures": "10926000",
            "operatingCashflow": "27254000",
            "grossProfit": "92800000",
            "totalRevenue": "162324000",
            "sentiment": 0,
            "surprise": "0.03",
            "closePrice": "73.09"
        },
        {
            "fiscalDateEnding": "2020-10-25",
            "totalCurrentAssets": "447746000",
            "cashAndShortTermInvestments": "262271000",
            "totalCurrentLiabilities": "105873000",
            "currentDebt": "None",
            "netIncome": "18487000",
            "capitalExpenditures": "7168000",
            "operatingCashflow": "28377000",
            "grossProfit": "94061000",
            "totalRevenue": "153229000",
            "sentiment": 0,
            "surprise": "0.01",
            "closePrice": "67.9"
        },
        {
            "fiscalDateEnding": "2020-07-26",
            "totalCurrentAssets": "453871000",
            "cashAndShortTermInvestments": "281456000",
            "totalCurrentLiabilities": "102072000",
            "currentDebt": "None",
            "netIncome": "16125000",
            "capitalExpenditures": "6968000",
            "operatingCashflow": "37216000",
            "grossProfit": "88251000",
            "totalRevenue": "142563000",
            "sentiment": 0,
            "surprise": "0.01",
            "closePrice": "62.9"
        },
        {
            "fiscalDateEnding": "2020-04-26",
            "totalCurrentAssets": "432304000",
            "cashAndShortTermInvestments": "268947000",
            "totalCurrentLiabilities": "91626000",
            "currentDebt": "3894000",
            "netIncome": "9635000",
            "capitalExpenditures": "7672000",
            "operatingCashflow": "26083000",
            "grossProfit": "80761000",
            "totalRevenue": "131297000",
            "sentiment": 0,
            "surprise": "0.03",
            "closePrice": "50.21"
        },
        {
            "fiscalDateEnding": "2020-01-26",
            "totalCurrentAssets": "460736000",
            "cashAndShortTermInvestments": "293324000",
            "totalCurrentLiabilities": "98641000",
            "currentDebt": "3273000",
            "netIncome": "2934000",
            "capitalExpenditures": "2647000",
            "operatingCashflow": "45255000",
            "grossProfit": "84277000",
            "totalRevenue": "138001000",
            "sentiment": 0,
            "surprise": "0.05",
            "closePrice": "33.78"
        },
        {
            "fiscalDateEnding": "2019-10-27",
            "totalCurrentAssets": "440031000",
            "cashAndShortTermInvestments": "283057000",
            "totalCurrentLiabilities": "101147000",
            "currentDebt": "22139000",
            "netIncome": "13997000",
            "capitalExpenditures": "3516000",
            "operatingCashflow": "33268000",
            "grossProfit": "86248000",
            "totalRevenue": "138980000",
            "sentiment": 0,
            "surprise": "0.01",
            "closePrice": "46.79"
        },
        {
            "fiscalDateEnding": "2019-07-28",
            "totalCurrentAssets": "453257000",
            "cashAndShortTermInvestments": "287839000",
            "totalCurrentLiabilities": "110577000",
            "currentDebt": "22305000",
            "netIncome": "5366000",
            "capitalExpenditures": "1635000",
            "operatingCashflow": "33352000",
            "grossProfit": "84884000",
            "totalRevenue": "134703000",
            "sentiment": 0,
            "surprise": "0.03",
            "closePrice": "42.95"
        },
        {
            "fiscalDateEnding": "2019-04-28",
            "totalCurrentAssets": "457047000",
            "cashAndShortTermInvestments": "287302000",
            "totalCurrentLiabilities": "103330000",
            "currentDebt": "18281000",
            "netIncome": "13294000",
            "capitalExpenditures": "15258000",
            "operatingCashflow": "6741000",
            "grossProfit": "81275000",
            "totalRevenue": "262708000",
            "sentiment": 0,
            "surprise": "0.01",
            "closePrice": "44.15"
        },
        {
            "fiscalDateEnding": "2019-01-27",
            "totalCurrentAssets": "485304000",
            "cashAndShortTermInvestments": "312120000",
            "totalCurrentLiabilities": "129914000",
            "currentDebt": "18269000",
            "netIncome": "19923000",
            "capitalExpenditures": "4124000",
            "operatingCashflow": "47198000",
            "grossProfit": "98867000",
            "totalRevenue": "160006000",
            "sentiment": 0,
            "surprise": "0.02",
            "closePrice": "55.5"
        },
        {
            "fiscalDateEnding": "2018-10-28",
            "totalCurrentAssets": "486434000",
            "cashAndShortTermInvestments": "312236000",
            "totalCurrentLiabilities": "120633000",
            "currentDebt": "18256000",
            "netIncome": "12165000",
            "capitalExpenditures": "3107000",
            "operatingCashflow": "51998000",
            "grossProfit": "106562000",
            "totalRevenue": "347100000",
            "sentiment": 0,
            "surprise": "0.02",
            "closePrice": "48.14"
        },
        {
            "fiscalDateEnding": "2018-07-29",
            "totalCurrentAssets": "478296000",
            "cashAndShortTermInvestments": "311334000",
            "totalCurrentLiabilities": "115915000",
            "currentDebt": "17307000",
            "netIncome": "25169000",
            "capitalExpenditures": "4886000",
            "operatingCashflow": "49338000",
            "grossProfit": "100124000",
            "totalRevenue": "326422000",
            "sentiment": 0,
            "surprise": "0.01",
            "closePrice": "49.9"
        },
        {
            "fiscalDateEnding": "2018-04-29",
            "totalCurrentAssets": "467392000",
            "cashAndShortTermInvestments": "303349000",
            "totalCurrentLiabilities": "114407000",
            "currentDebt": "16358000",
            "netIncome": "12382000",
            "capitalExpenditures": "4935000",
            "operatingCashflow": "35029000",
            "grossProfit": "71469000",
            "totalRevenue": "260858000",
            "sentiment": 0,
            "surprise": "0.01",
            "closePrice": "45.3"
        },
        {
            "fiscalDateEnding": "2018-01-28",
            "totalCurrentAssets": "461232000",
            "cashAndShortTermInvestments": "307923000",
            "totalCurrentLiabilities": "126208000",
            "currentDebt": "15410000",
            "netIncome": "-1297000",
            "capitalExpenditures": "8643000",
            "operatingCashflow": "38635000",
            "grossProfit": "85401000",
            "totalRevenue": "140614000",
            "sentiment": 0,
            "surprise": "0.01",
            "closePrice": "34.9"
        },
        {
            "fiscalDateEnding": "2017-10-29",
            "totalCurrentAssets": "449845000",
            "cashAndShortTermInvestments": "291125000",
            "totalCurrentLiabilities": "118421000",
            "currentDebt": "14462000",
            "netIncome": "13338000",
            "capitalExpenditures": "7866000",
            "operatingCashflow": "26854000",
            "grossProfit": "89419000",
            "totalRevenue": "150304000",
            "sentiment": 0,
            "surprise": "0.04",
            "closePrice": "36.55"
        },
        {
            "fiscalDateEnding": "2017-07-30",
            "totalCurrentAssets": "438830000",
            "cashAndShortTermInvestments": "277854000",
            "totalCurrentLiabilities": "128393000",
            "currentDebt": "14452000",
            "netIncome": "12564000",
            "capitalExpenditures": "13777000",
            "operatingCashflow": "35637000",
            "grossProfit": "92236000",
            "totalRevenue": "152211000",
            "sentiment": 0,
            "surprise": "0.02",
            "closePrice": "39.05"
        },
        {
            "fiscalDateEnding": "2017-04-30",
            "totalCurrentAssets": "435663000",
            "cashAndShortTermInvestments": "281550000",
            "totalCurrentLiabilities": "105301000",
            "currentDebt": "14442000",
            "netIncome": "11821000",
            "capitalExpenditures": "5175000",
            "operatingCashflow": "10359000",
            "grossProfit": "84915000",
            "totalRevenue": "140895000",
            "sentiment": 0,
            "surprise": "0.03",
            "closePrice": "38.2"
        },
        {
            "fiscalDateEnding": "2017-01-29",
            "totalCurrentAssets": "438428000",
            "cashAndShortTermInvestments": "297134000",
            "totalCurrentLiabilities": "122975000",
            "currentDebt": "14432000",
            "netIncome": "8020000",
            "capitalExpenditures": "19166000",
            "operatingCashflow": "32918000",
            "grossProfit": "83498000",
            "totalRevenue": "140031000",
            "sentiment": 0,
            "surprise": "0.02",
            "closePrice": "34.3"
        },
        {
            "fiscalDateEnding": "2016-10-30",
            "totalCurrentAssets": "438710000",
            "cashAndShortTermInvestments": "297939000",
            "totalCurrentLiabilities": "117782000",
            "currentDebt": "19094000",
            "netIncome": "30776000",
            "capitalExpenditures": "8406000",
            "operatingCashflow": "39227000",
            "grossProfit": "81065000",
            "totalRevenue": "160331000",
            "sentiment": 0,
            "surprise": "0.01",
            "closePrice": "28.1"
        },
        {
            "fiscalDateEnding": "2016-07-31",
            "totalCurrentAssets": "380443000",
            "cashAndShortTermInvestments": "238887000",
            "totalCurrentLiabilities": "111423000",
            "currentDebt": "18138000",
            "netIncome": "8978000",
            "capitalExpenditures": "2635000",
            "operatingCashflow": "31666000",
            "grossProfit": "81775000",
            "totalRevenue": "133874000",
            "sentiment": 0,
            "surprise": "0.02",
            "closePrice": "26.6"
        },
        {
            "fiscalDateEnding": "2016-05-01",
            "totalCurrentAssets": "349967000",
            "cashAndShortTermInvestments": "216029000",
            "totalCurrentLiabilities": "101643000",
            "currentDebt": "None",
            "netIncome": "6887000",
            "capitalExpenditures": "2713000",
            "operatingCashflow": "13801000",
            "grossProfit": "78524000",
            "totalRevenue": "131145000",
            "sentiment": 0,
            "surprise": "0.03",
            "closePrice": "24.37"
        },
        {
            "fiscalDateEnding": "2016-01-31",
            "totalCurrentAssets": "341221000",
            "cashAndShortTermInvestments": "211810000",
            "totalCurrentLiabilities": "103887000",
            "currentDebt": "18569000",
            "netIncome": "1247000",
            "capitalExpenditures": "2321000",
            "operatingCashflow": "34460000",
            "grossProfit": "69550000",
            "totalRevenue": "118609000",
            "sentiment": 0,
            "surprise": "0.01",
            "closePrice": "19.33"
        },
        {
            "fiscalDateEnding": "2015-10-25",
            "totalCurrentAssets": "339788000",
            "cashAndShortTermInvestments": "192359000",
            "totalCurrentLiabilities": "95905000",
            "currentDebt": "18560000",
            "netIncome": "10704000",
            "capitalExpenditures": "2461000",
            "operatingCashflow": "18870000",
            "grossProfit": "69584000",
            "totalRevenue": "113846000",
            "sentiment": 0,
            "surprise": "-0.05",
            "closePrice": "19.25"
        },
        {
            "fiscalDateEnding": "2015-07-26",
            "totalCurrentAssets": "376950000",
            "cashAndShortTermInvestments": "212602000",
            "totalCurrentLiabilities": "125173000",
            "currentDebt": "18555000",
            "netIncome": "-313000",
            "capitalExpenditures": "3403000",
            "operatingCashflow": "34049000",
            "grossProfit": "75576000",
            "totalRevenue": "123812000",
            "sentiment": 0,
            "surprise": "0",
            "closePrice": "16.06"
        },
        {
            "fiscalDateEnding": "2015-04-26",
            "totalCurrentAssets": "399098000",
            "cashAndShortTermInvestments": "211504000",
            "totalCurrentLiabilities": "132895000",
            "currentDebt": "18552000",
            "netIncome": "-142000",
            "capitalExpenditures": "4841000",
            "operatingCashflow": "14697000",
            "grossProfit": "78400000",
            "totalRevenue": "128254000",
            "sentiment": 0,
            "surprise": "-0.01",
            "closePrice": "24.62"
        },
        {
            "fiscalDateEnding": "2015-01-25",
            "totalCurrentAssets": "396688000",
            "cashAndShortTermInvestments": "230328000",
            "totalCurrentLiabilities": "108041000",
            "currentDebt": "18547000",
            "netIncome": "-15441000",
            "capitalExpenditures": "6396000",
            "operatingCashflow": "11631000",
            "grossProfit": "73161000",
            "totalRevenue": "130394000",
            "sentiment": 0,
            "surprise": "0.01",
            "closePrice": "29.29"
        },
        {
            "fiscalDateEnding": "2014-10-26",
            "totalCurrentAssets": "394585000",
            "cashAndShortTermInvestments": "232486000",
            "totalCurrentLiabilities": "110486000",
            "currentDebt": "18544000",
            "netIncome": "17623000",
            "capitalExpenditures": "12797000",
            "operatingCashflow": "33392000",
            "grossProfit": "89326000",
            "totalRevenue": "147428000",
            "sentiment": 0,
            "surprise": "0.02",
            "closePrice": "24.28"
        },
        {
            "fiscalDateEnding": "2014-07-27",
            "totalCurrentAssets": "387823000",
            "cashAndShortTermInvestments": "238667000",
            "totalCurrentLiabilities": "104231000",
            "currentDebt": "18539000",
            "netIncome": "17898000",
            "capitalExpenditures": "7283000",
            "operatingCashflow": "38368000",
            "grossProfit": "88221000",
            "totalRevenue": "144154000",
            "sentiment": 0,
            "surprise": "0.03",
            "closePrice": "24.0"
        },
        {
            "fiscalDateEnding": "2014-04-27",
            "totalCurrentAssets": "380141000",
            "cashAndShortTermInvestments": "241154000",
            "totalCurrentLiabilities": "97510000",
            "currentDebt": "18534000",
            "netIncome": "7867000",
            "capitalExpenditures": "6379000",
            "operatingCashflow": "22769000",
            "grossProfit": "78084000",
            "totalRevenue": "132861000",
            "sentiment": 0,
            "surprise": "0.02",
            "closePrice": "23.21"
        },
        {
            "fiscalDateEnding": "2014-01-26",
            "totalCurrentAssets": "393596000",
            "cashAndShortTermInvestments": "243194000",
            "totalCurrentLiabilities": "110890000",
            "currentDebt": "18529000",
            "netIncome": "-210808000",
            "capitalExpenditures": "7361000",
            "operatingCashflow": "30597000",
            "grossProfit": "53805000",
            "totalRevenue": "124822000",
            "sentiment": 0,
            "surprise": "0",
            "closePrice": "25.59"
        },
        {
            "fiscalDateEnding": "2013-10-27",
            "totalCurrentAssets": "419553000",
            "cashAndShortTermInvestments": "237393000",
            "totalCurrentLiabilities": "101156000",
            "currentDebt": "18524000",
            "netIncome": "12453000",
            "capitalExpenditures": "7185000",
            "operatingCashflow": "28939000",
            "grossProfit": "83411000",
            "totalRevenue": "139208000",
            "sentiment": 0,
            "surprise": "0.01",
            "closePrice": "31.36"
        },
        {
            "fiscalDateEnding": "2013-07-28",
            "totalCurrentAssets": "429490000",
            "cashAndShortTermInvestments": "237060000",
            "totalCurrentLiabilities": "114298000",
            "currentDebt": "18385000",
            "netIncome": "19112000",
            "capitalExpenditures": "12551000",
            "operatingCashflow": "41295000",
            "grossProfit": "100708000",
            "totalRevenue": "154426000",
            "sentiment": 0,
            "surprise": "0.01",
            "closePrice": "29.64"
        },
        {
            "fiscalDateEnding": "2013-04-28",
            "totalCurrentAssets": "420547000",
            "cashAndShortTermInvestments": "230428000",
            "totalCurrentLiabilities": "140293000",
            "currentDebt": "39532000",
            "netIncome": "14777000",
            "capitalExpenditures": "13597000",
            "operatingCashflow": "17150000",
            "grossProfit": "97287000",
            "totalRevenue": "158348000",
            "sentiment": 0,
            "surprise": "0",
            "closePrice": "36.33"
        },
        {
            "fiscalDateEnding": "2013-01-27",
            "totalCurrentAssets": "405993000",
            "cashAndShortTermInvestments": "228165000",
            "totalCurrentLiabilities": "157682000",
            "currentDebt": "48449000",
            "netIncome": "13118000",
            "capitalExpenditures": "6152000",
            "operatingCashflow": "35189000",
            "grossProfit": "87957000",
            "totalRevenue": "146449000",
            "sentiment": 0,
            "surprise": "0.06",
            "closePrice": "30.72"
        },
        {
            "fiscalDateEnding": "2012-10-28",
            "totalCurrentAssets": "420482000",
            "cashAndShortTermInvestments": "209971000",
            "totalCurrentLiabilities": "153395000",
            "currentDebt": "46845000",
            "netIncome": "16590000",
            "capitalExpenditures": "7650000",
            "operatingCashflow": "54908000",
            "grossProfit": "96793000",
            "totalRevenue": "156706000",
            "sentiment": 0,
            "surprise": "0.1",
            "closePrice": "24.92"
        },
        {
            "fiscalDateEnding": "2012-07-29",
            "totalCurrentAssets": "380032000",
            "cashAndShortTermInvestments": "165858000",
            "totalCurrentLiabilities": "110107000",
            "currentDebt": "21835000",
            "netIncome": "10022000",
            "capitalExpenditures": "6085000",
            "operatingCashflow": "23605000",
            "grossProfit": "74525000",
            "totalRevenue": "147262000",
            "sentiment": 0,
            "surprise": "0",
            "closePrice": "24.77"
        },
        {
            "fiscalDateEnding": "2012-04-29",
            "totalCurrentAssets": "352882000",
            "cashAndShortTermInvestments": "147512000",
            "totalCurrentLiabilities": "111911000",
            "currentDebt": "21825000",
            "netIncome": "2209000",
            "capitalExpenditures": "4630000",
            "operatingCashflow": "-11734000",
            "grossProfit": "55337000",
            "totalRevenue": "116602000",
            "sentiment": 0,
            "surprise": "-0.04",
            "closePrice": "23.7"
        },
        {
            "fiscalDateEnding": "2012-01-29",
            "totalCurrentAssets": "427312000",
            "cashAndShortTermInvestments": "310143000",
            "totalCurrentLiabilities": "66982000",
            "currentDebt": "None",
            "netIncome": "12388000",
            "capitalExpenditures": "3557000",
            "operatingCashflow": "26264000",
            "grossProfit": "59664000",
            "totalRevenue": "104032000",
            "sentiment": 0,
            "surprise": "0.01",
            "closePrice": "28.14"
        },
        {
            "fiscalDateEnding": "2011-10-30",
            "totalCurrentAssets": "426371000",
            "cashAndShortTermInvestments": "292146000",
            "totalCurrentLiabilities": "70711000",
            "currentDebt": "None",
            "netIncome": "50943000",
            "capitalExpenditures": "5748000",
            "operatingCashflow": "32982000",
            "grossProfit": "73407000",
            "totalRevenue": "123944000",
            "sentiment": 0,
            "surprise": "0.06",
            "closePrice": "23.2"
        },
        {
            "fiscalDateEnding": "2011-07-31",
            "totalCurrentAssets": "406928000",
            "cashAndShortTermInvestments": "282526000",
            "totalCurrentLiabilities": "70427000",
            "currentDebt": "None",
            "netIncome": "58929000",
            "capitalExpenditures": "7790000",
            "operatingCashflow": "34245000",
            "grossProfit": "78720000",
            "totalRevenue": "130254000",
            "sentiment": 0,
            "surprise": "0.01",
            "closePrice": "20.4"
        },
        {
            "fiscalDateEnding": "2011-05-01",
            "totalCurrentAssets": "390302000",
            "cashAndShortTermInvestments": "134605000",
            "totalCurrentLiabilities": "70039000",
            "currentDebt": "None",
            "netIncome": "22582000",
            "capitalExpenditures": "7469000",
            "operatingCashflow": "6341000",
            "grossProfit": "73854000",
            "totalRevenue": "122371000",
            "sentiment": 0,
            "surprise": "0.02",
            "closePrice": "27.29"
        },
        {
            "fiscalDateEnding": "2011-01-30",
            "totalCurrentAssets": "353698000",
            "cashAndShortTermInvestments": "231256000",
            "totalCurrentLiabilities": "93825000",
            "currentDebt": "None",
            "netIncome": "26003000",
            "capitalExpenditures": "7521000",
            "operatingCashflow": "29195000",
            "grossProfit": "70006000",
            "totalRevenue": "116270000",
            "sentiment": 0,
            "surprise": "0.06",
            "closePrice": "22.5"
        },
        {
            "fiscalDateEnding": "2010-10-31",
            "totalCurrentAssets": "310742000",
            "cashAndShortTermInvestments": "184895000",
            "totalCurrentLiabilities": "100906000",
            "currentDebt": "None",
            "netIncome": "33622000",
            "capitalExpenditures": "7674000",
            "operatingCashflow": "29578000",
            "grossProfit": "73821000",
            "totalRevenue": "123125000",
            "sentiment": 0,
            "surprise": "0.02",
            "closePrice": "24.03"
        },
        {
            "fiscalDateEnding": "2010-08-01",
            "totalCurrentAssets": "267581000",
            "cashAndShortTermInvestments": "77918000",
            "totalCurrentLiabilities": "82216000",
            "currentDebt": "None",
            "netIncome": "42678000",
            "capitalExpenditures": "5856000",
            "operatingCashflow": "26828000",
            "grossProfit": "67432000",
            "totalRevenue": "113227000",
            "sentiment": 0,
            "surprise": "0.03",
            "closePrice": "16.91"
        }
    ]
}