{
    "SNOW": [
        {
            "fiscalDateEnding": "2024-01-31",
            "totalCurrentAssets": "5039264000",
            "cashAndShortTermInvestments": "3846248000",
            "totalCurrentLiabilities": "2731230000",
            "currentDebt": "None",
            "netIncome": "-169352000",
            "capitalExpenditures": "20101000",
            "operatingCashflow": "344580000",
            "grossProfit": "532895000",
            "totalRevenue": "777542000",
            "sentiment": 0.26001817211902845,
            "surprise": "0.17",
            "closePrice": "230.0"
        },
        {
            "fiscalDateEnding": "2023-10-31",
            "totalCurrentAssets": "4312283000",
            "cashAndShortTermInvestments": "3548539000",
            "totalCurrentLiabilities": "2032672000",
            "currentDebt": "None",
            "netIncome": "-214251000",
            "capitalExpenditures": "19899000",
            "operatingCashflow": "120907000",
            "grossProfit": "505225000",
            "totalRevenue": "737073000",
            "sentiment": 0.2125141568054713,
            "surprise": "0.09",
            "closePrice": "175.32"
        },
        {
            "fiscalDateEnding": "2023-07-31",
            "totalCurrentAssets": "4404951000",
            "cashAndShortTermInvestments": "3752133000",
            "totalCurrentLiabilities": "1913312000",
            "currentDebt": "None",
            "netIncome": "-226867000",
            "capitalExpenditures": "41652000",
            "operatingCashflow": "83191000",
            "grossProfit": "455626000",
            "totalRevenue": "677118000",
            "sentiment": 0.24368247826264497,
            "surprise": "0.12",
            "closePrice": "155.7"
        },
        {
            "fiscalDateEnding": "2023-04-30",
            "totalCurrentAssets": "4569547000",
            "cashAndShortTermInvestments": "3945528000",
            "totalCurrentLiabilities": "1887541000",
            "currentDebt": "None",
            "netIncome": "-225627000",
            "capitalExpenditures": "16311000",
            "operatingCashflow": "299444000",
            "grossProfit": "414185000",
            "totalRevenue": "626699000",
            "sentiment": 0.19865337634308466,
            "surprise": "0.1",
            "closePrice": "177.14"
        },
        {
            "fiscalDateEnding": "2023-01-31",
            "totalCurrentAssets": "4984690000",
            "cashAndShortTermInvestments": "4007868000",
            "totalCurrentLiabilities": "1993517000",
            "currentDebt": "None",
            "netIncome": "-207169000",
            "capitalExpenditures": "12055000",
            "operatingCashflow": "217316000",
            "grossProfit": "383355000",
            "totalRevenue": "592094000",
            "sentiment": 0.20438681518356275,
            "surprise": "0.1",
            "closePrice": "154.5"
        },
        {
            "fiscalDateEnding": "2022-10-31",
            "totalCurrentAssets": "4558904000",
            "cashAndShortTermInvestments": "3942882000",
            "totalCurrentLiabilities": "1479042000",
            "currentDebt": "None",
            "netIncome": "-200936000",
            "capitalExpenditures": "14284000",
            "operatingCashflow": "79277000",
            "grossProfit": "366307000",
            "totalRevenue": "560028000",
            "sentiment": 0.19083118413966216,
            "surprise": "0.07",
            "closePrice": "142.9"
        },
        {
            "fiscalDateEnding": "2022-07-31",
            "totalCurrentAssets": "4503697000",
            "cashAndShortTermInvestments": "3953140000",
            "totalCurrentLiabilities": "1401436000",
            "currentDebt": "None",
            "netIncome": "-222806000",
            "capitalExpenditures": "11284000",
            "operatingCashflow": "64433000",
            "grossProfit": "324016000",
            "totalRevenue": "500548000",
            "sentiment": 0.0275437734072699,
            "surprise": "-0.07",
            "closePrice": "159.49"
        },
        {
            "fiscalDateEnding": "2022-04-30",
            "totalCurrentAssets": "4341733000",
            "cashAndShortTermInvestments": "3815080000",
            "totalCurrentLiabilities": "1363718000",
            "currentDebt": "None",
            "netIncome": "-165794000",
            "capitalExpenditures": "12217000",
            "operatingCashflow": "184613000",
            "grossProfit": "274441000",
            "totalRevenue": "425771000",
            "sentiment": 0.002833336946133609,
            "surprise": "0.07",
            "closePrice": "132.77"
        },
        {
            "fiscalDateEnding": "2022-01-31",
            "totalCurrentAssets": "4598643000",
            "cashAndShortTermInvestments": "3852093000",
            "totalCurrentLiabilities": "1397093000",
            "currentDebt": "None",
            "netIncome": "-132153000",
            "capitalExpenditures": "21324000",
            "operatingCashflow": "78898000",
            "grossProfit": "249594000",
            "totalRevenue": "386696000",
            "sentiment": 0,
            "surprise": "0.09",
            "closePrice": "264.69"
        },
        {
            "fiscalDateEnding": "2021-10-31",
            "totalCurrentAssets": "4308257000",
            "cashAndShortTermInvestments": "3890830000",
            "totalCurrentLiabilities": "958735000",
            "currentDebt": "None",
            "netIncome": "-154856000",
            "capitalExpenditures": "6070000",
            "operatingCashflow": "15538000",
            "grossProfit": "213655000",
            "totalRevenue": "337841000",
            "sentiment": 0,
            "surprise": "0.1",
            "closePrice": "311.0"
        },
        {
            "fiscalDateEnding": "2021-07-31",
            "totalCurrentAssets": "4508102000",
            "cashAndShortTermInvestments": "4135489000",
            "totalCurrentLiabilities": "875738000",
            "currentDebt": "None",
            "netIncome": "-189719000",
            "capitalExpenditures": "6563000",
            "operatingCashflow": "-6111000",
            "grossProfit": "166077000",
            "totalRevenue": "275398000",
            "sentiment": 0,
            "surprise": "0.11",
            "closePrice": "283.76"
        },
        {
            "fiscalDateEnding": "2021-04-30",
            "totalCurrentAssets": "4221336000",
            "cashAndShortTermInvestments": "3930425000",
            "totalCurrentLiabilities": "776998000",
            "currentDebt": "None",
            "netIncome": "-203220000",
            "capitalExpenditures": "19370000",
            "operatingCashflow": "21854000",
            "grossProfit": "131568000",
            "totalRevenue": "232114000",
            "sentiment": 0,
            "surprise": "0.05",
            "closePrice": "235.25"
        },
        {
            "fiscalDateEnding": "2021-01-31",
            "totalCurrentAssets": "4300652000",
            "cashAndShortTermInvestments": "3908064000",
            "totalCurrentLiabilities": "789264000",
            "currentDebt": "None",
            "netIncome": "-198935000",
            "capitalExpenditures": "14488000",
            "operatingCashflow": "19614000",
            "grossProfit": "107561000",
            "totalRevenue": "193644000",
            "sentiment": 0,
            "surprise": "0.01",
            "closePrice": "247.03"
        },
        {
            "fiscalDateEnding": "2020-10-31",
            "totalCurrentAssets": "4986771000",
            "cashAndShortTermInvestments": "4754048000",
            "totalCurrentLiabilities": "547659000",
            "currentDebt": "None",
            "netIncome": "-168889000",
            "capitalExpenditures": "18114000",
            "operatingCashflow": "-19754000",
            "grossProfit": "92943000",
            "totalRevenue": "162824000",
            "sentiment": 0,
            "surprise": "-0.02",
            "closePrice": "292.69"
        }
    ]
}