{
    "SNPS": [
        {
            "fiscalDateEnding": "2024-01-31",
            "totalCurrentAssets": "3407928000",
            "cashAndShortTermInvestments": "1273434000",
            "totalCurrentLiabilities": "2644507000",
            "currentDebt": "None",
            "netIncome": "449112000",
            "capitalExpenditures": "108218000",
            "operatingCashflow": "-87790000",
            "grossProfit": "1320055000",
            "totalRevenue": "1649230000",
            "sentiment": 0.2740463076635511,
            "surprise": "0.13",
            "closePrice": "543.57"
        },
        {
            "fiscalDateEnding": "2023-10-31",
            "totalCurrentAssets": "3430624000",
            "cashAndShortTermInvestments": "1590552000",
            "totalCurrentLiabilities": "2985451000",
            "currentDebt": "None",
            "netIncome": "349190000",
            "capitalExpenditures": "352994000",
            "operatingCashflow": "326061000",
            "grossProfit": "1266785000",
            "totalRevenue": "1599128000",
            "sentiment": 0.3132345444871714,
            "surprise": "0.13",
            "closePrice": "552.46"
        },
        {
            "fiscalDateEnding": "2023-07-31",
            "totalCurrentAssets": "3268312000",
            "cashAndShortTermInvestments": "1834587000",
            "totalCurrentLiabilities": "2729982000",
            "currentDebt": "None",
            "netIncome": "336252000",
            "capitalExpenditures": "45152000",
            "operatingCashflow": "559522000",
            "grossProfit": "1179806000",
            "totalRevenue": "1487288000",
            "sentiment": 0.2803337694190544,
            "surprise": "0.14",
            "closePrice": "428.21"
        },
        {
            "fiscalDateEnding": "2023-04-30",
            "totalCurrentAssets": "3160935000",
            "cashAndShortTermInvestments": "1695438000",
            "totalCurrentLiabilities": "2748680000",
            "currentDebt": "None",
            "netIncome": "272910000",
            "capitalExpenditures": "47868000",
            "operatingCashflow": "702940000",
            "grossProfit": "1096849000",
            "totalRevenue": "1394863000",
            "sentiment": 0.23096949102307562,
            "surprise": "0.08",
            "closePrice": "377.08"
        },
        {
            "fiscalDateEnding": "2023-01-31",
            "totalCurrentAssets": "3028399000",
            "cashAndShortTermInvestments": "1301923000",
            "totalCurrentLiabilities": "2724997000",
            "currentDebt": "None",
            "netIncome": "271536000",
            "capitalExpenditures": "43500000",
            "operatingCashflow": "114751000",
            "grossProfit": "1076986000",
            "totalRevenue": "1361340000",
            "sentiment": 0.2682717137634484,
            "surprise": "0.12",
            "closePrice": "379.48"
        },
        {
            "fiscalDateEnding": "2022-10-31",
            "totalCurrentAssets": "3012669000",
            "cashAndShortTermInvestments": "1565521000",
            "totalCurrentLiabilities": "2774499000",
            "currentDebt": "0",
            "netIncome": "153500000",
            "capitalExpenditures": "458522000",
            "operatingCashflow": "393505000",
            "grossProfit": "1001571000",
            "totalRevenue": "1284292000",
            "sentiment": 0.3039222601616494,
            "surprise": "0.06",
            "closePrice": "339.54"
        },
        {
            "fiscalDateEnding": "2022-07-31",
            "totalCurrentAssets": "2899028000",
            "cashAndShortTermInvestments": "1531158000",
            "totalCurrentLiabilities": "2545863000",
            "currentDebt": "0",
            "netIncome": "222626000",
            "capitalExpenditures": "35567000",
            "operatingCashflow": "439694000",
            "grossProfit": "976585000",
            "totalRevenue": "1247766000",
            "sentiment": 0.14518314454512563,
            "surprise": "0.11",
            "closePrice": "381.0"
        },
        {
            "fiscalDateEnding": "2022-04-30",
            "totalCurrentAssets": "3074246000",
            "cashAndShortTermInvestments": "1720521000",
            "totalCurrentLiabilities": "2462658000",
            "currentDebt": "0",
            "netIncome": "294781000",
            "capitalExpenditures": "25616000",
            "operatingCashflow": "749957000",
            "grossProfit": "1026418000",
            "totalRevenue": "1279229000",
            "sentiment": 0.04006091050477982,
            "surprise": "0.13",
            "closePrice": "272.57"
        },
        {
            "fiscalDateEnding": "2022-01-31",
            "totalCurrentAssets": "2947497000",
            "cashAndShortTermInvestments": "1272047000",
            "totalCurrentLiabilities": "2471656000",
            "currentDebt": "0",
            "netIncome": "313687000",
            "capitalExpenditures": "41751000",
            "operatingCashflow": "155744000",
            "grossProfit": "1013271000",
            "totalRevenue": "1270255000",
            "sentiment": 0,
            "surprise": "0.03",
            "closePrice": "306.79"
        },
        {
            "fiscalDateEnding": "2021-10-31",
            "totalCurrentAssets": "2808341000",
            "cashAndShortTermInvestments": "1580789000",
            "totalCurrentLiabilities": "2413484000",
            "currentDebt": "74992000",
            "netIncome": "201447000",
            "capitalExpenditures": "324800000",
            "operatingCashflow": "370559000",
            "grossProfit": "917693000",
            "totalRevenue": "1152419000",
            "sentiment": 0,
            "surprise": "0.04",
            "closePrice": "334.75"
        },
        {
            "fiscalDateEnding": "2021-07-31",
            "totalCurrentAssets": "2763976000",
            "cashAndShortTermInvestments": "1530168000",
            "totalCurrentLiabilities": "2334636000",
            "currentDebt": "82468000",
            "netIncome": "198646000",
            "capitalExpenditures": "22897000",
            "operatingCashflow": "421767000",
            "grossProfit": "852064000",
            "totalRevenue": "1057130000",
            "sentiment": 0,
            "surprise": "0.03",
            "closePrice": "290.63"
        },
        {
            "fiscalDateEnding": "2021-04-30",
            "totalCurrentAssets": "2689800000",
            "cashAndShortTermInvestments": "1457918000",
            "totalCurrentLiabilities": "2255700000",
            "currentDebt": "89945000",
            "netIncome": "195078000",
            "capitalExpenditures": "16281000",
            "operatingCashflow": "526338000",
            "grossProfit": "810337000",
            "totalRevenue": "1024323000",
            "sentiment": 0,
            "surprise": "0.18",
            "closePrice": "237.36"
        },
        {
            "fiscalDateEnding": "2021-01-31",
            "totalCurrentAssets": "2397724000",
            "cashAndShortTermInvestments": "1023074000",
            "totalCurrentLiabilities": "2171383000",
            "currentDebt": "97421000",
            "netIncome": "162345000",
            "capitalExpenditures": "27779000",
            "operatingCashflow": "173958000",
            "grossProfit": "762322000",
            "totalRevenue": "970321000",
            "sentiment": 0,
            "surprise": "0.05",
            "closePrice": "283.76"
        },
        {
            "fiscalDateEnding": "2020-10-31",
            "totalCurrentAssets": "2549217000",
            "cashAndShortTermInvestments": "1235653000",
            "totalCurrentLiabilities": "2139922000",
            "currentDebt": "27084000",
            "netIncome": "197455000",
            "capitalExpenditures": "239573000",
            "operatingCashflow": "202151000",
            "grossProfit": "800890000",
            "totalRevenue": "1025439000",
            "sentiment": 0,
            "surprise": "0",
            "closePrice": "224.72"
        },
        {
            "fiscalDateEnding": "2020-07-31",
            "totalCurrentAssets": "2186015000",
            "cashAndShortTermInvestments": "1049922000",
            "totalCurrentLiabilities": "2056277000",
            "currentDebt": "96109000",
            "netIncome": "252911000",
            "capitalExpenditures": "39571000",
            "operatingCashflow": "399423000",
            "grossProfit": "771126000",
            "totalRevenue": "964134000",
            "sentiment": 0,
            "surprise": "0.39",
            "closePrice": "198.22"
        },
        {
            "fiscalDateEnding": "2020-04-30",
            "totalCurrentAssets": "1960755000",
            "cashAndShortTermInvestments": "856424000",
            "totalCurrentLiabilities": "2054197000",
            "currentDebt": "193877000",
            "netIncome": "109920000",
            "capitalExpenditures": "26058000",
            "operatingCashflow": "379919000",
            "grossProfit": "677062000",
            "totalRevenue": "861327000",
            "sentiment": 0,
            "surprise": "0.23",
            "closePrice": "165.47"
        },
        {
            "fiscalDateEnding": "2020-01-31",
            "totalCurrentAssets": "1951429000",
            "cashAndShortTermInvestments": "700356000",
            "totalCurrentLiabilities": "2055738000",
            "currentDebt": "208576000",
            "netIncome": "104061000",
            "capitalExpenditures": "54605000",
            "operatingCashflow": "9820000",
            "grossProfit": "641513000",
            "totalRevenue": "834381000",
            "sentiment": 0,
            "surprise": "0.09",
            "closePrice": "164.99"
        },
        {
            "fiscalDateEnding": "2019-10-31",
            "totalCurrentAssets": "1738917000",
            "cashAndShortTermInvestments": "728597000",
            "totalCurrentLiabilities": "1752453000",
            "currentDebt": "17614000",
            "netIncome": "160714000",
            "capitalExpenditures": "116635000",
            "operatingCashflow": "221249000",
            "grossProfit": "668338000",
            "totalRevenue": "851081000",
            "sentiment": 0,
            "surprise": "0.02",
            "closePrice": "136.01"
        },
        {
            "fiscalDateEnding": "2019-07-31",
            "totalCurrentAssets": "1617645000",
            "cashAndShortTermInvestments": "686780000",
            "totalCurrentLiabilities": "1630450000",
            "currentDebt": "16653000",
            "netIncome": "99929000",
            "capitalExpenditures": "53396000",
            "operatingCashflow": "370463000",
            "grossProfit": "666338000",
            "totalRevenue": "852970000",
            "sentiment": 0,
            "surprise": "0.08",
            "closePrice": "131.84"
        },
        {
            "fiscalDateEnding": "2019-04-30",
            "totalCurrentAssets": "1643883000",
            "cashAndShortTermInvestments": "631161000",
            "totalCurrentLiabilities": "1732927000",
            "currentDebt": "165692000",
            "netIncome": "118210000",
            "capitalExpenditures": "39955000",
            "operatingCashflow": "352820000",
            "grossProfit": "645563000",
            "totalRevenue": "836242000",
            "sentiment": 0,
            "surprise": "0.07",
            "closePrice": "115.09"
        },
        {
            "fiscalDateEnding": "2019-01-31",
            "totalCurrentAssets": "1797630000",
            "cashAndShortTermInvestments": "592305000",
            "totalCurrentLiabilities": "2025638000",
            "currentDebt": "414730000",
            "netIncome": "153514000",
            "capitalExpenditures": "29007000",
            "operatingCashflow": "-144019000",
            "grossProfit": "627509000",
            "totalRevenue": "820401000",
            "sentiment": 0,
            "surprise": "0.11",
            "closePrice": "102.98"
        },
        {
            "fiscalDateEnding": "2018-10-31",
            "totalCurrentAssets": "1543797000",
            "cashAndShortTermInvestments": "723115000",
            "totalCurrentLiabilities": "2102415000",
            "currentDebt": "343769000",
            "netIncome": "254328000",
            "capitalExpenditures": "684100000",
            "operatingCashflow": "130918000",
            "grossProfit": "604500000",
            "totalRevenue": "795082000",
            "sentiment": 0,
            "surprise": "0",
            "closePrice": "91.19"
        },
        {
            "fiscalDateEnding": "2018-07-31",
            "totalCurrentAssets": "1465583000",
            "cashAndShortTermInvestments": "741236000",
            "totalCurrentLiabilities": "2083405000",
            "currentDebt": "497808000",
            "netIncome": "79409000",
            "capitalExpenditures": "21857000",
            "operatingCashflow": "244048000",
            "grossProfit": "594333000",
            "totalRevenue": "779714000",
            "sentiment": 0,
            "surprise": "0.03",
            "closePrice": "94.67"
        },
        {
            "fiscalDateEnding": "2018-04-30",
            "totalCurrentAssets": "1370186000",
            "cashAndShortTermInvestments": "570801000",
            "totalCurrentLiabilities": "1881922000",
            "currentDebt": "396847000",
            "netIncome": "102472000",
            "capitalExpenditures": "20296000",
            "operatingCashflow": "102472000",
            "grossProfit": "598057000",
            "totalRevenue": "776836000",
            "sentiment": 0,
            "surprise": "0",
            "closePrice": "90.33"
        },
        {
            "fiscalDateEnding": "2018-01-31",
            "totalCurrentAssets": "1332346000",
            "cashAndShortTermInvestments": "605892000",
            "totalCurrentLiabilities": "1950414000",
            "currentDebt": "440885000",
            "netIncome": "-3691000",
            "capitalExpenditures": "28316000",
            "operatingCashflow": "-101085000",
            "grossProfit": "588270000",
            "totalRevenue": "769426000",
            "sentiment": 0,
            "surprise": "0.1",
            "closePrice": "88.46"
        },
        {
            "fiscalDateEnding": "2017-10-31",
            "totalCurrentAssets": "1682593000",
            "cashAndShortTermInvestments": "1048356000",
            "totalCurrentLiabilities": "1614109000",
            "currentDebt": "9924000",
            "netIncome": "-120082000",
            "capitalExpenditures": "91775000",
            "operatingCashflow": "-283521000",
            "grossProfit": "529780000",
            "totalRevenue": "696644000",
            "sentiment": 0,
            "surprise": "0.12",
            "closePrice": "86.77"
        },
        {
            "fiscalDateEnding": "2017-07-31",
            "totalCurrentAssets": "1894632000",
            "cashAndShortTermInvestments": "1302494000",
            "totalCurrentLiabilities": "1764398000",
            "currentDebt": "298025000",
            "netIncome": "116751000",
            "capitalExpenditures": "20096000",
            "operatingCashflow": "116751000",
            "grossProfit": "525835000",
            "totalRevenue": "695381000",
            "sentiment": 0,
            "surprise": "0",
            "closePrice": "79.09"
        },
        {
            "fiscalDateEnding": "2017-04-30",
            "totalCurrentAssets": "1682012000",
            "cashAndShortTermInvestments": "1131568000",
            "totalCurrentLiabilities": "1593347000",
            "currentDebt": "278001000",
            "netIncome": "53306000",
            "capitalExpenditures": "14050000",
            "operatingCashflow": "53306000",
            "grossProfit": "518041000",
            "totalRevenue": "680069000",
            "sentiment": 0,
            "surprise": "0.02",
            "closePrice": "73.395"
        },
        {
            "fiscalDateEnding": "2017-01-31",
            "totalCurrentAssets": "1484043000",
            "cashAndShortTermInvestments": "966357000",
            "totalCurrentLiabilities": "1456555000",
            "currentDebt": "177040000",
            "netIncome": "86588000",
            "capitalExpenditures": "206835000",
            "operatingCashflow": "106437000",
            "grossProfit": "497040000",
            "totalRevenue": "652786000",
            "sentiment": 0,
            "surprise": "0.16",
            "closePrice": "66.26"
        },
        {
            "fiscalDateEnding": "2016-10-31",
            "totalCurrentAssets": "1716938000",
            "cashAndShortTermInvestments": "1117315000",
            "totalCurrentLiabilities": "1714946000",
            "currentDebt": "205000000",
            "netIncome": "72697000",
            "capitalExpenditures": "19832000",
            "operatingCashflow": "72697000",
            "grossProfit": "491508000",
            "totalRevenue": "633719000",
            "sentiment": 0,
            "surprise": "0",
            "closePrice": "60.48"
        },
        {
            "fiscalDateEnding": "2016-07-31",
            "totalCurrentAssets": "1552038000",
            "cashAndShortTermInvestments": "1089859000",
            "totalCurrentLiabilities": "1663596000",
            "currentDebt": "277500000",
            "netIncome": "64718000",
            "capitalExpenditures": "34291000",
            "operatingCashflow": "64718000",
            "grossProfit": "475527000",
            "totalRevenue": "615204000",
            "sentiment": 0,
            "surprise": "0.02",
            "closePrice": "55.89"
        },
        {
            "fiscalDateEnding": "2016-04-30",
            "totalCurrentAssets": "1403197000",
            "cashAndShortTermInvestments": "959922000",
            "totalCurrentLiabilities": "1485212000",
            "currentDebt": "250000000",
            "netIncome": "69376000",
            "capitalExpenditures": "41775000",
            "operatingCashflow": "69376000",
            "grossProfit": "473375000",
            "totalRevenue": "605005000",
            "sentiment": 0,
            "surprise": "0.02",
            "closePrice": "48.36"
        },
        {
            "fiscalDateEnding": "2016-01-31",
            "totalCurrentAssets": "1200528000",
            "cashAndShortTermInvestments": "705934000",
            "totalCurrentLiabilities": "1433282000",
            "currentDebt": "227500000",
            "netIncome": "60035000",
            "capitalExpenditures": "35198000",
            "operatingCashflow": "-65419000",
            "grossProfit": "439160000",
            "totalRevenue": "568604000",
            "sentiment": 0,
            "surprise": "0.06",
            "closePrice": "43.61"
        },
        {
            "fiscalDateEnding": "2015-10-31",
            "totalCurrentAssets": "1468807000",
            "cashAndShortTermInvestments": "964935000",
            "totalCurrentLiabilities": "1578353000",
            "currentDebt": "205000000",
            "netIncome": "49762000",
            "capitalExpenditures": "233411000",
            "operatingCashflow": "49762000",
            "grossProfit": "447315000",
            "totalRevenue": "587159000",
            "sentiment": 0,
            "surprise": "0.01",
            "closePrice": "50.03"
        },
        {
            "fiscalDateEnding": "2015-07-31",
            "totalCurrentAssets": "1627537000",
            "cashAndShortTermInvestments": "1122919000",
            "totalCurrentLiabilities": "1459343000",
            "currentDebt": "190000000",
            "netIncome": "55387000",
            "capitalExpenditures": "149242000",
            "operatingCashflow": "55387000",
            "grossProfit": "426334000",
            "totalRevenue": "555805000",
            "sentiment": 0,
            "surprise": "0.04",
            "closePrice": "52.3"
        },
        {
            "fiscalDateEnding": "2015-04-30",
            "totalCurrentAssets": "1544975000",
            "cashAndShortTermInvestments": "1005424000",
            "totalCurrentLiabilities": "1325038000",
            "currentDebt": "190000000",
            "netIncome": "55596000",
            "capitalExpenditures": "27631000",
            "operatingCashflow": "55596000",
            "grossProfit": "432232000",
            "totalRevenue": "557204000",
            "sentiment": 0,
            "surprise": "0.05",
            "closePrice": "49.24"
        },
        {
            "fiscalDateEnding": "2015-01-31",
            "totalCurrentAssets": "1416273000",
            "cashAndShortTermInvestments": "917062000",
            "totalCurrentLiabilities": "1343104000",
            "currentDebt": "265000000",
            "netIncome": "65189000",
            "capitalExpenditures": "20516000",
            "operatingCashflow": "-160950000",
            "grossProfit": "417410000",
            "totalRevenue": "542043000",
            "sentiment": 0,
            "surprise": "0.18",
            "closePrice": "45.16"
        },
        {
            "fiscalDateEnding": "2014-10-31",
            "totalCurrentAssets": "1504735000",
            "cashAndShortTermInvestments": "985762000",
            "totalCurrentLiabilities": "1386759000",
            "currentDebt": "30000000",
            "netIncome": "62455000",
            "capitalExpenditures": "46016000",
            "operatingCashflow": "172912000",
            "grossProfit": "417591000",
            "totalRevenue": "539012000",
            "sentiment": 0,
            "surprise": "0.03",
            "closePrice": "43.0"
        },
        {
            "fiscalDateEnding": "2014-07-31",
            "totalCurrentAssets": "1314783000",
            "cashAndShortTermInvestments": "903046000",
            "totalCurrentLiabilities": "1227284000",
            "currentDebt": "30000000",
            "netIncome": "65656000",
            "capitalExpenditures": "29121000",
            "operatingCashflow": "65656000",
            "grossProfit": "406282000",
            "totalRevenue": "521812000",
            "sentiment": 0,
            "surprise": "0.05",
            "closePrice": "39.3"
        },
        {
            "fiscalDateEnding": "2014-04-30",
            "totalCurrentAssets": "1328271000",
            "cashAndShortTermInvestments": "821633000",
            "totalCurrentLiabilities": "1304732000",
            "currentDebt": "230000000",
            "netIncome": "63317000",
            "capitalExpenditures": "15621000",
            "operatingCashflow": "63317000",
            "grossProfit": "403612000",
            "totalRevenue": "517697000",
            "sentiment": 0,
            "surprise": "0.06",
            "closePrice": "38.49"
        },
        {
            "fiscalDateEnding": "2014-01-31",
            "totalCurrentAssets": "1320865000",
            "cashAndShortTermInvestments": "893053000",
            "totalCurrentLiabilities": "1036703000",
            "currentDebt": "30000000",
            "netIncome": "67696000",
            "capitalExpenditures": "16155000",
            "operatingCashflow": "-73892000",
            "grossProfit": "373102000",
            "totalRevenue": "478951000",
            "sentiment": 0,
            "surprise": "0.07",
            "closePrice": "40.76"
        },
        {
            "fiscalDateEnding": "2013-10-31",
            "totalCurrentAssets": "1447977000",
            "cashAndShortTermInvestments": "1022441000",
            "totalCurrentLiabilities": "1222919000",
            "currentDebt": "30000000",
            "netIncome": "56890000",
            "capitalExpenditures": "18763000",
            "operatingCashflow": "191335000",
            "grossProfit": "385766000",
            "totalRevenue": "504875000",
            "sentiment": 0,
            "surprise": "0.01",
            "closePrice": "36.5"
        },
        {
            "fiscalDateEnding": "2013-07-31",
            "totalCurrentAssets": "1330084000",
            "cashAndShortTermInvestments": "892370000",
            "totalCurrentLiabilities": "1171682000",
            "currentDebt": "30000000",
            "netIncome": "52297000",
            "capitalExpenditures": "19092000",
            "operatingCashflow": "263078000",
            "grossProfit": "367298000",
            "totalRevenue": "482945000",
            "sentiment": 0,
            "surprise": "0.01",
            "closePrice": "36.56"
        },
        {
            "fiscalDateEnding": "2013-04-30",
            "totalCurrentAssets": "1106369000",
            "cashAndShortTermInvestments": "681018000",
            "totalCurrentLiabilities": "1012922000",
            "currentDebt": "30000000",
            "netIncome": "68691000",
            "capitalExpenditures": "16408000",
            "operatingCashflow": "133730000",
            "grossProfit": "391524000",
            "totalRevenue": "499257000",
            "sentiment": 0,
            "surprise": "0.03",
            "closePrice": "35.4"
        },
        {
            "fiscalDateEnding": "2013-01-31",
            "totalCurrentAssets": "999782000",
            "cashAndShortTermInvestments": "550365000",
            "totalCurrentLiabilities": "1022012000",
            "currentDebt": "30000000",
            "netIncome": "69922000",
            "capitalExpenditures": "14805000",
            "operatingCashflow": "-91438000",
            "grossProfit": "364074000",
            "totalRevenue": "475137000",
            "sentiment": 0,
            "surprise": "0.12",
            "closePrice": "34.79"
        },
        {
            "fiscalDateEnding": "2012-10-31",
            "totalCurrentAssets": "1140656000",
            "cashAndShortTermInvestments": "700382000",
            "totalCurrentLiabilities": "1252639000",
            "currentDebt": "30000000",
            "netIncome": "28577000",
            "capitalExpenditures": "22467000",
            "operatingCashflow": "102932000",
            "grossProfit": "351689000",
            "totalRevenue": "454213000",
            "sentiment": 0,
            "surprise": "0",
            "closePrice": "33.33"
        },
        {
            "fiscalDateEnding": "2012-07-31",
            "totalCurrentAssets": "1293702000",
            "cashAndShortTermInvestments": "963767000",
            "totalCurrentLiabilities": "1138215000",
            "currentDebt": "30000000",
            "netIncome": "75656000",
            "capitalExpenditures": "13902000",
            "operatingCashflow": "295680000",
            "grossProfit": "343958000",
            "totalRevenue": "443747000",
            "sentiment": 0,
            "surprise": "0.05",
            "closePrice": "31.65"
        },
        {
            "fiscalDateEnding": "2012-04-30",
            "totalCurrentAssets": "1173541000",
            "cashAndShortTermInvestments": "796594000",
            "totalCurrentLiabilities": "1073217000",
            "currentDebt": "130000000",
            "netIncome": "20971000",
            "capitalExpenditures": "9373000",
            "operatingCashflow": "126774000",
            "grossProfit": "332055000",
            "totalRevenue": "432561000",
            "sentiment": 0,
            "surprise": "-0.02",
            "closePrice": "28.2"
        },
        {
            "fiscalDateEnding": "2012-01-31",
            "totalCurrentAssets": "1289650000",
            "cashAndShortTermInvestments": "943489000",
            "totalCurrentLiabilities": "863828000",
            "currentDebt": "None",
            "netIncome": "56694000",
            "capitalExpenditures": "11751000",
            "operatingCashflow": "-39318000",
            "grossProfit": "335642000",
            "totalRevenue": "425496000",
            "sentiment": 0,
            "surprise": "0.04",
            "closePrice": "30.63"
        },
        {
            "fiscalDateEnding": "2011-10-31",
            "totalCurrentAssets": "1338055000",
            "cashAndShortTermInvestments": "1004074000",
            "totalCurrentLiabilities": "1010320000",
            "currentDebt": "None",
            "netIncome": "39942000",
            "capitalExpenditures": "15125000",
            "operatingCashflow": "73026000",
            "grossProfit": "305149000",
            "totalRevenue": "390534000",
            "sentiment": 0,
            "surprise": "0",
            "closePrice": "27.97"
        },
        {
            "fiscalDateEnding": "2011-07-31",
            "totalCurrentAssets": "1362296000",
            "cashAndShortTermInvestments": "1038281000",
            "totalCurrentLiabilities": "982090000",
            "currentDebt": "None",
            "netIncome": "52082000",
            "capitalExpenditures": "22993000",
            "operatingCashflow": "310435000",
            "grossProfit": "302063000",
            "totalRevenue": "386795000",
            "sentiment": 0,
            "surprise": "0.03",
            "closePrice": "23.44"
        },
        {
            "fiscalDateEnding": "2011-04-30",
            "totalCurrentAssets": "1206622000",
            "cashAndShortTermInvestments": "840463000",
            "totalCurrentLiabilities": "807836000",
            "currentDebt": "None",
            "netIncome": "81114000",
            "capitalExpenditures": "11182000",
            "operatingCashflow": "96488000",
            "grossProfit": "307642000",
            "totalRevenue": "393670000",
            "sentiment": 0,
            "surprise": "0",
            "closePrice": "27.73"
        },
        {
            "fiscalDateEnding": "2011-01-31",
            "totalCurrentAssets": "1194277000",
            "cashAndShortTermInvestments": "867128000",
            "totalCurrentLiabilities": "785082000",
            "currentDebt": "None",
            "netIncome": "48226000",
            "capitalExpenditures": "10930000",
            "operatingCashflow": "-39633000",
            "grossProfit": "280339000",
            "totalRevenue": "364644000",
            "sentiment": 0,
            "surprise": "0.04",
            "closePrice": "29.02"
        },
        {
            "fiscalDateEnding": "2010-10-31",
            "totalCurrentAssets": "1247755000",
            "cashAndShortTermInvestments": "938561000",
            "totalCurrentLiabilities": "921768000",
            "currentDebt": "None",
            "netIncome": "25401000",
            "capitalExpenditures": "12366000",
            "operatingCashflow": "96892000",
            "grossProfit": "295716000",
            "totalRevenue": "375459000",
            "sentiment": 0,
            "surprise": "0",
            "closePrice": "26.51"
        },
        {
            "fiscalDateEnding": "2010-07-31",
            "totalCurrentAssets": "1495974000",
            "cashAndShortTermInvestments": "1209825000",
            "totalCurrentLiabilities": "837054000",
            "currentDebt": "None",
            "netIncome": "39327000",
            "capitalExpenditures": "14501000",
            "operatingCashflow": "207916000",
            "grossProfit": "270186000",
            "totalRevenue": "336929000",
            "sentiment": 0,
            "surprise": "0.01",
            "closePrice": "22.28"
        }
    ]
}