{
    "SNX": [
        {
            "fiscalDateEnding": "2023-11-30",
            "totalCurrentAssets": "20084436000",
            "cashAndShortTermInvestments": "1033776000",
            "totalCurrentLiabilities": "16738762000",
            "currentDebt": "983585000",
            "netIncome": "187542000",
            "capitalExpenditures": "42590000",
            "operatingCashflow": "210668000",
            "grossProfit": "1018579000",
            "totalRevenue": "14407306000",
            "sentiment": 0.23509429212677221,
            "surprise": "0.45",
            "closePrice": "104.797513151602"
        },
        {
            "fiscalDateEnding": "2023-08-31",
            "totalCurrentAssets": "19168500000",
            "cashAndShortTermInvestments": "1250872000",
            "totalCurrentLiabilities": "15532022000",
            "currentDebt": "939713000",
            "netIncome": "139262000",
            "capitalExpenditures": "31612000",
            "operatingCashflow": "139262000",
            "grossProfit": "971273000",
            "totalRevenue": "13960615000",
            "sentiment": 0.2376362624726048,
            "surprise": "0.3",
            "closePrice": "95.8361454907106"
        },
        {
            "fiscalDateEnding": "2023-02-28",
            "totalCurrentAssets": "19965236000",
            "cashAndShortTermInvestments": "539285000",
            "totalCurrentLiabilities": "15790616000",
            "currentDebt": "572771000",
            "netIncome": "167020000",
            "capitalExpenditures": "37278000",
            "operatingCashflow": "-102795000",
            "grossProfit": "1003567000",
            "totalRevenue": "15125371000",
            "sentiment": 0.3687616956955271,
            "surprise": "0.08",
            "closePrice": "90.8865562950212"
        },
        {
            "fiscalDateEnding": "2022-11-30",
            "totalCurrentAssets": "20500865000",
            "cashAndShortTermInvestments": "522604000",
            "totalCurrentLiabilities": "16428721000",
            "currentDebt": "268128000",
            "netIncome": "221231000",
            "capitalExpenditures": "38527000",
            "operatingCashflow": "302189000",
            "grossProfit": "1059719000",
            "totalRevenue": "16247957000",
            "sentiment": 0.40335890323271917,
            "surprise": "0.53",
            "closePrice": "103.06296043626"
        },
        {
            "fiscalDateEnding": "2022-08-31",
            "totalCurrentAssets": "19882451000",
            "cashAndShortTermInvestments": "350810000",
            "totalCurrentLiabilities": "15930887000",
            "currentDebt": "252190000",
            "netIncome": "148835000",
            "capitalExpenditures": "32021000",
            "operatingCashflow": "-67311000",
            "grossProfit": "916030000",
            "totalRevenue": "15356085000",
            "sentiment": 0.25509324635314196,
            "surprise": "0.01",
            "closePrice": "82.6584698404748"
        },
        {
            "fiscalDateEnding": "2022-05-31",
            "totalCurrentAssets": "18535441000",
            "cashAndShortTermInvestments": "521514000",
            "totalCurrentLiabilities": "14659708000",
            "currentDebt": "208575000",
            "netIncome": "148917000",
            "capitalExpenditures": "21284000",
            "operatingCashflow": "1035966000",
            "grossProfit": "955789000",
            "totalRevenue": "15269791000",
            "sentiment": 0.09764351524365458,
            "surprise": "0.07",
            "closePrice": "90.5979481925716"
        },
        {
            "fiscalDateEnding": "2022-02-28",
            "totalCurrentAssets": "18948867000",
            "cashAndShortTermInvestments": "510207000",
            "totalCurrentLiabilities": "15206974000",
            "currentDebt": "1111400000",
            "netIncome": "132324000",
            "capitalExpenditures": "25217000",
            "operatingCashflow": "-1320448000",
            "grossProfit": "968661000",
            "totalRevenue": "15469977000",
            "sentiment": 0,
            "surprise": "0.3",
            "closePrice": "103.218986988336"
        },
        {
            "fiscalDateEnding": "2021-11-30",
            "totalCurrentAssets": "17734144000",
            "cashAndShortTermInvestments": "993973000",
            "totalCurrentLiabilities": "14233455000",
            "currentDebt": "181256000",
            "netIncome": "119441000",
            "capitalExpenditures": "40781000",
            "operatingCashflow": "560996000",
            "grossProfit": "943169000",
            "totalRevenue": "15611265000",
            "sentiment": 0,
            "surprise": "0.19",
            "closePrice": "104.206925742182"
        },
        {
            "fiscalDateEnding": "2021-08-31",
            "totalCurrentAssets": "9603421000",
            "cashAndShortTermInvestments": "4050364000",
            "totalCurrentLiabilities": "4007393000",
            "currentDebt": "8737000",
            "netIncome": "94705000",
            "capitalExpenditures": "4997000",
            "operatingCashflow": "-55527000",
            "grossProfit": "312622000",
            "totalRevenue": "5207064000",
            "sentiment": 0,
            "surprise": "0.07",
            "closePrice": "102.143064118064"
        },
        {
            "fiscalDateEnding": "2021-05-31",
            "totalCurrentAssets": "7239756000",
            "cashAndShortTermInvestments": "1656874000",
            "totalCurrentLiabilities": "4270330000",
            "currentDebt": "66033000",
            "netIncome": "93102000",
            "capitalExpenditures": "4861000",
            "operatingCashflow": "279341000",
            "grossProfit": "329175000",
            "totalRevenue": "5856825000",
            "sentiment": 0,
            "surprise": "0.16",
            "closePrice": "116.825299420366"
        },
        {
            "fiscalDateEnding": "2021-02-28",
            "totalCurrentAssets": "6804611000",
            "cashAndShortTermInvestments": "1443748000",
            "totalCurrentLiabilities": "3968308000",
            "currentDebt": "135804000",
            "netIncome": "87822000",
            "capitalExpenditures": "4253000",
            "operatingCashflow": "24977000",
            "grossProfit": "304567000",
            "totalRevenue": "4939014000",
            "sentiment": 0,
            "surprise": "0.2",
            "closePrice": "105.973813640776"
        },
        {
            "fiscalDateEnding": "2020-11-30",
            "totalCurrentAssets": "8769127000",
            "cashAndShortTermInvestments": "1564672000",
            "totalCurrentLiabilities": "5630092000",
            "currentDebt": "124958000",
            "netIncome": "215152000",
            "capitalExpenditures": "70639000",
            "operatingCashflow": "287269000",
            "grossProfit": "366657000",
            "totalRevenue": "6118836000",
            "sentiment": 0,
            "surprise": "3.26",
            "closePrice": "84.4032438306494"
        },
        {
            "fiscalDateEnding": "2020-08-31",
            "totalCurrentAssets": "8564151000",
            "cashAndShortTermInvestments": "1452273000",
            "totalCurrentLiabilities": "5632148000",
            "currentDebt": "244114000",
            "netIncome": "134464000",
            "capitalExpenditures": "42706000",
            "operatingCashflow": "320616000",
            "grossProfit": "297480000",
            "totalRevenue": "5306361000",
            "sentiment": 0,
            "surprise": "1.07",
            "closePrice": "63.6994717380816"
        },
        {
            "fiscalDateEnding": "2020-05-31",
            "totalCurrentAssets": "7968621000",
            "cashAndShortTermInvestments": "1112556000",
            "totalCurrentLiabilities": "5229297000",
            "currentDebt": "159440000",
            "netIncome": "56960000",
            "capitalExpenditures": "32720000",
            "operatingCashflow": "1168340000",
            "grossProfit": "274616000",
            "totalRevenue": "4470928000",
            "sentiment": 0,
            "surprise": "2.6",
            "closePrice": "48.9344385488678"
        },
        {
            "fiscalDateEnding": "2020-02-29",
            "totalCurrentAssets": "6947456000",
            "cashAndShortTermInvestments": "296193000",
            "totalCurrentLiabilities": "4227152000",
            "currentDebt": "423611000",
            "netIncome": "122584000",
            "capitalExpenditures": "51900000",
            "operatingCashflow": "58141000",
            "grossProfit": "255105000",
            "totalRevenue": "4081025000",
            "sentiment": 0,
            "surprise": "0.16",
            "closePrice": "39.0108732176556"
        },
        {
            "fiscalDateEnding": "2019-11-30",
            "totalCurrentAssets": "7452992000",
            "cashAndShortTermInvestments": "225529000",
            "totalCurrentLiabilities": "4607122000",
            "currentDebt": "298969000",
            "netIncome": "176001000",
            "capitalExpenditures": "43991000",
            "operatingCashflow": "347446000",
            "grossProfit": "-946121000",
            "totalRevenue": "6533432000",
            "sentiment": 0,
            "surprise": "0.65",
            "closePrice": "61.8343897594335"
        },
        {
            "fiscalDateEnding": "2019-08-31",
            "totalCurrentAssets": "7202488000",
            "cashAndShortTermInvestments": "262279000",
            "totalCurrentLiabilities": "4578681000",
            "currentDebt": "571718000",
            "netIncome": "123132000",
            "capitalExpenditures": "33020000",
            "operatingCashflow": "249853000",
            "grossProfit": "725990000",
            "totalRevenue": "6159258000",
            "sentiment": 0,
            "surprise": "0.44",
            "closePrice": "45.8008913451888"
        },
        {
            "fiscalDateEnding": "2019-05-31",
            "totalCurrentAssets": "7015116000",
            "cashAndShortTermInvestments": "271491000",
            "totalCurrentLiabilities": "4461217000",
            "currentDebt": "728962000",
            "netIncome": "114473000",
            "capitalExpenditures": "31612000",
            "operatingCashflow": "110920000",
            "grossProfit": "698468000",
            "totalRevenue": "5678821000",
            "sentiment": 0,
            "surprise": "0.15",
            "closePrice": "43.8414545444002"
        },
        {
            "fiscalDateEnding": "2019-02-28",
            "totalCurrentAssets": "6429154000",
            "cashAndShortTermInvestments": "243605000",
            "totalCurrentLiabilities": "3880479000",
            "currentDebt": "701083000",
            "netIncome": "87106000",
            "capitalExpenditures": "28800000",
            "operatingCashflow": "-158300000",
            "grossProfit": "678921000",
            "totalRevenue": "5204489000",
            "sentiment": 0,
            "surprise": "0.1",
            "closePrice": "43.0488319268318"
        },
        {
            "fiscalDateEnding": "2018-11-30",
            "totalCurrentAssets": "7162817000",
            "cashAndShortTermInvestments": "457275000",
            "totalCurrentLiabilities": "4953627000",
            "currentDebt": "833216000",
            "netIncome": "115202000",
            "capitalExpenditures": "49832000",
            "operatingCashflow": "141091000",
            "grossProfit": "654109000",
            "totalRevenue": "5622202000",
            "sentiment": 0,
            "surprise": "0.53",
            "closePrice": "41.0530415394931"
        },
        {
            "fiscalDateEnding": "2018-08-31",
            "totalCurrentAssets": "5405197000",
            "cashAndShortTermInvestments": "207309000",
            "totalCurrentLiabilities": "3581999000",
            "currentDebt": "732272000",
            "netIncome": "66940000",
            "capitalExpenditures": "25453000",
            "operatingCashflow": "-103095000",
            "grossProfit": "430117000",
            "totalRevenue": "4906610000",
            "sentiment": 0,
            "surprise": "0.11",
            "closePrice": "39.9565553515444"
        },
        {
            "fiscalDateEnding": "2018-05-31",
            "totalCurrentAssets": "5427351000",
            "cashAndShortTermInvestments": "358116000",
            "totalCurrentLiabilities": "3639823000",
            "currentDebt": "705120000",
            "netIncome": "93742000",
            "capitalExpenditures": "27660000",
            "operatingCashflow": "68384000",
            "grossProfit": "429158000",
            "totalRevenue": "4952506000",
            "sentiment": 0,
            "surprise": "0.08",
            "closePrice": "50.0616511651722"
        },
        {
            "fiscalDateEnding": "2018-02-28",
            "totalCurrentAssets": "5525766000",
            "cashAndShortTermInvestments": "378042000",
            "totalCurrentLiabilities": "3741173000",
            "currentDebt": "694560000",
            "netIncome": "24098000",
            "capitalExpenditures": "22360000",
            "operatingCashflow": "-5674000",
            "grossProfit": "413515000",
            "totalRevenue": "4534805000",
            "sentiment": 0,
            "surprise": "0.03",
            "closePrice": "55.3441089221956"
        },
        {
            "fiscalDateEnding": "2017-11-30",
            "totalCurrentAssets": "5739778000",
            "cashAndShortTermInvestments": "556163000",
            "totalCurrentLiabilities": "4041207000",
            "currentDebt": "805471000",
            "netIncome": "90140000",
            "capitalExpenditures": "25416000",
            "operatingCashflow": "256933000",
            "grossProfit": "460340000",
            "totalRevenue": "5311877000",
            "sentiment": 0,
            "surprise": "0.11",
            "closePrice": "65.5960396298968"
        },
        {
            "fiscalDateEnding": "2017-08-31",
            "totalCurrentAssets": "4453933000",
            "cashAndShortTermInvestments": "248752000",
            "totalCurrentLiabilities": "2773362000",
            "currentDebt": "489904000",
            "netIncome": "75163000",
            "capitalExpenditures": "26830000",
            "operatingCashflow": "65464000",
            "grossProfit": "374944000",
            "totalRevenue": "4276686000",
            "sentiment": 0,
            "surprise": "0.19",
            "closePrice": "54.191130662642"
        },
        {
            "fiscalDateEnding": "2017-05-31",
            "totalCurrentAssets": "4325509000",
            "cashAndShortTermInvestments": "310853000",
            "totalCurrentLiabilities": "2665243000",
            "currentDebt": "510717000",
            "netIncome": "73148000",
            "capitalExpenditures": "23654000",
            "operatingCashflow": "39997000",
            "grossProfit": "372245000",
            "totalRevenue": "3926857000",
            "sentiment": 0,
            "surprise": "0.29",
            "closePrice": "56.5569721708362"
        },
        {
            "fiscalDateEnding": "2017-02-28",
            "totalCurrentAssets": "3896996000",
            "cashAndShortTermInvestments": "215381000",
            "totalCurrentLiabilities": "2315999000",
            "currentDebt": "418852000",
            "netIncome": "61789000",
            "capitalExpenditures": "21646000",
            "operatingCashflow": "-185630000",
            "grossProfit": "341783000",
            "totalRevenue": "3514015000",
            "sentiment": 0,
            "surprise": "0.16",
            "closePrice": "54.7906769328704"
        },
        {
            "fiscalDateEnding": "2016-11-30",
            "totalCurrentAssets": "3995030000",
            "cashAndShortTermInvestments": "385826000",
            "totalCurrentLiabilities": "2476532000",
            "currentDebt": "362889000",
            "netIncome": "85318000",
            "capitalExpenditures": "28072000",
            "operatingCashflow": "51082000",
            "grossProfit": "378786000",
            "totalRevenue": "3899981000",
            "sentiment": 0,
            "surprise": "0.48",
            "closePrice": "56.4491007444173"
        },
        {
            "fiscalDateEnding": "2016-08-31",
            "totalCurrentAssets": "3615722000",
            "cashAndShortTermInvestments": "230241000",
            "totalCurrentLiabilities": "2115983000",
            "currentDebt": "187878000",
            "netIncome": "58704000",
            "capitalExpenditures": "27626000",
            "operatingCashflow": "-10326000",
            "grossProfit": "325957000",
            "totalRevenue": "3661636000",
            "sentiment": 0,
            "surprise": "0.17",
            "closePrice": "48.9581058198995"
        },
        {
            "fiscalDateEnding": "2016-05-31",
            "totalCurrentAssets": "3637139000",
            "cashAndShortTermInvestments": "596376000",
            "totalCurrentLiabilities": "1842122000",
            "currentDebt": "91433000",
            "netIncome": "44362000",
            "capitalExpenditures": "31676000",
            "operatingCashflow": "140605000",
            "grossProfit": "294030000",
            "totalRevenue": "3372288000",
            "sentiment": 0,
            "surprise": "0.06",
            "closePrice": "43.2545722680173"
        },
        {
            "fiscalDateEnding": "2016-02-29",
            "totalCurrentAssets": "3388365000",
            "cashAndShortTermInvestments": "452780000",
            "totalCurrentLiabilities": "1630423000",
            "currentDebt": "69493000",
            "netIncome": "46562000",
            "capitalExpenditures": "35859000",
            "operatingCashflow": "143343000",
            "grossProfit": "284192000",
            "totalRevenue": "3120411000",
            "sentiment": 0,
            "surprise": "0",
            "closePrice": "44.377874602463"
        },
        {
            "fiscalDateEnding": "2015-11-30",
            "totalCurrentAssets": "3649781000",
            "cashAndShortTermInvestments": "341618000",
            "totalCurrentLiabilities": "1918157000",
            "currentDebt": "92093000",
            "netIncome": "62157000",
            "capitalExpenditures": "28611000",
            "operatingCashflow": "83922000",
            "grossProfit": "312736000",
            "totalRevenue": "3540950000",
            "sentiment": 0,
            "surprise": "0.04",
            "closePrice": "38.2274094540917"
        },
        {
            "fiscalDateEnding": "2015-08-31",
            "totalCurrentAssets": "3414229000",
            "cashAndShortTermInvestments": "313463000",
            "totalCurrentLiabilities": "1737962000",
            "currentDebt": "89917000",
            "netIncome": "48171000",
            "capitalExpenditures": "26164000",
            "operatingCashflow": "221849000",
            "grossProfit": "290778000",
            "totalRevenue": "3325385000",
            "sentiment": 0,
            "surprise": "0.04",
            "closePrice": "37.7013005995695"
        },
        {
            "fiscalDateEnding": "2015-05-31",
            "totalCurrentAssets": "3309015000",
            "cashAndShortTermInvestments": "221092000",
            "totalCurrentLiabilities": "1660123000",
            "currentDebt": "81121000",
            "netIncome": "51874000",
            "capitalExpenditures": "22931000",
            "operatingCashflow": "127398000",
            "grossProfit": "300059000",
            "totalRevenue": "3247582000",
            "sentiment": 0,
            "surprise": "0.02",
            "closePrice": "37.5636671467108"
        },
        {
            "fiscalDateEnding": "2015-02-28",
            "totalCurrentAssets": "3297465000",
            "cashAndShortTermInvestments": "177555000",
            "totalCurrentLiabilities": "2093813000",
            "currentDebt": "579579000",
            "netIncome": "46323000",
            "capitalExpenditures": "22400000",
            "operatingCashflow": "208175000",
            "grossProfit": "288218000",
            "totalRevenue": "3195511000",
            "sentiment": 0,
            "surprise": "-0.06",
            "closePrice": "35.1845408292122"
        },
        {
            "fiscalDateEnding": "2014-11-30",
            "totalCurrentAssets": "3899989000",
            "cashAndShortTermInvestments": "187271000",
            "totalCurrentLiabilities": "2721729000",
            "currentDebt": "716257000",
            "netIncome": "57080000",
            "capitalExpenditures": "17156000",
            "operatingCashflow": "11837000",
            "grossProfit": "313622000",
            "totalRevenue": "3816400000",
            "sentiment": 0,
            "surprise": "0.14",
            "closePrice": "32.2725190808893"
        },
        {
            "fiscalDateEnding": "2014-08-31",
            "totalCurrentAssets": "3607548000",
            "cashAndShortTermInvestments": "139094000",
            "totalCurrentLiabilities": "2515518000",
            "currentDebt": "726201000",
            "netIncome": "44986000",
            "capitalExpenditures": "19952000",
            "operatingCashflow": "-46867000",
            "grossProfit": "299722000",
            "totalRevenue": "3526950000",
            "sentiment": 0,
            "surprise": "0.11",
            "closePrice": "28.2228082894557"
        },
        {
            "fiscalDateEnding": "2014-05-31",
            "totalCurrentAssets": "3585083000",
            "cashAndShortTermInvestments": "215098000",
            "totalCurrentLiabilities": "2549223000",
            "currentDebt": "697417000",
            "netIncome": "39551000",
            "capitalExpenditures": "15976000",
            "operatingCashflow": "-164724000",
            "grossProfit": "279014000",
            "totalRevenue": "3446827000",
            "sentiment": 0,
            "surprise": "0.16",
            "closePrice": "33.55060647756"
        },
        {
            "fiscalDateEnding": "2014-02-28",
            "totalCurrentAssets": "3124689000",
            "cashAndShortTermInvestments": "162410000",
            "totalCurrentLiabilities": "2032780000",
            "currentDebt": "480881000",
            "netIncome": "38417000",
            "capitalExpenditures": "4293000",
            "operatingCashflow": "-35018000",
            "grossProfit": "206646000",
            "totalRevenue": "3021391000",
            "sentiment": 0,
            "surprise": "0.31",
            "closePrice": "28.3271859370932"
        },
        {
            "fiscalDateEnding": "2013-11-30",
            "totalCurrentAssets": "2931733000",
            "cashAndShortTermInvestments": "166756000",
            "totalCurrentLiabilities": "1789378000",
            "currentDebt": "252523000",
            "netIncome": "41488000",
            "capitalExpenditures": "13622000",
            "operatingCashflow": "-82380000",
            "grossProfit": "179813000",
            "totalRevenue": "3054551000",
            "sentiment": 0,
            "surprise": "0.02",
            "closePrice": "29.5297979642206"
        },
        {
            "fiscalDateEnding": "2013-08-31",
            "totalCurrentAssets": "2561658000",
            "cashAndShortTermInvestments": "153888000",
            "totalCurrentLiabilities": "1459041000",
            "currentDebt": "165072000",
            "netIncome": "46611000",
            "capitalExpenditures": "7216000",
            "operatingCashflow": "26615000",
            "grossProfit": "164280000",
            "totalRevenue": "2730290000",
            "sentiment": 0,
            "surprise": "0.29",
            "closePrice": "28.1547359105617"
        },
        {
            "fiscalDateEnding": "2013-05-31",
            "totalCurrentAssets": "2490972000",
            "cashAndShortTermInvestments": "230928000",
            "totalCurrentLiabilities": "1395289000",
            "currentDebt": "229571000",
            "netIncome": "30769000",
            "capitalExpenditures": "5086000",
            "operatingCashflow": "50567000",
            "grossProfit": "154790000",
            "totalRevenue": "2585604000",
            "sentiment": 0,
            "surprise": "0.04",
            "closePrice": "18.8651252708261"
        },
        {
            "fiscalDateEnding": "2013-02-28",
            "totalCurrentAssets": "2443399000",
            "cashAndShortTermInvestments": "247813000",
            "totalCurrentLiabilities": "1332376000",
            "currentDebt": "225107000",
            "netIncome": "33369000",
            "capitalExpenditures": "3041000",
            "operatingCashflow": "40905000",
            "grossProfit": "156087000",
            "totalRevenue": "2454283000",
            "sentiment": 0,
            "surprise": "0",
            "closePrice": "18.5519923279136"
        },
        {
            "fiscalDateEnding": "2012-11-30",
            "totalCurrentAssets": "2580461000",
            "cashAndShortTermInvestments": "179632000",
            "totalCurrentLiabilities": "1494707000",
            "currentDebt": "194134000",
            "netIncome": "43640000",
            "capitalExpenditures": "2941000",
            "operatingCashflow": "24154000",
            "grossProfit": "179100000",
            "totalRevenue": "2758435000",
            "sentiment": 0,
            "surprise": "0.12",
            "closePrice": "16.264760397075"
        },
        {
            "fiscalDateEnding": "2012-08-31",
            "totalCurrentAssets": "2349140000",
            "cashAndShortTermInvestments": "188345000",
            "totalCurrentLiabilities": "1284267000",
            "currentDebt": "75154000",
            "netIncome": "35139000",
            "capitalExpenditures": "4245000",
            "operatingCashflow": "96270000",
            "grossProfit": "151929000",
            "totalRevenue": "2569959000",
            "sentiment": 0,
            "surprise": "0",
            "closePrice": "15.5431931807985"
        },
        {
            "fiscalDateEnding": "2012-05-31",
            "totalCurrentAssets": "2180218000",
            "cashAndShortTermInvestments": "112389000",
            "totalCurrentLiabilities": "1162824000",
            "currentDebt": "66626000",
            "netIncome": "34374000",
            "capitalExpenditures": "2690000",
            "operatingCashflow": "48191000",
            "grossProfit": "156436000",
            "totalRevenue": "2475756000",
            "sentiment": 0,
            "surprise": "0",
            "closePrice": "14.9940759910535"
        },
        {
            "fiscalDateEnding": "2012-02-29",
            "totalCurrentAssets": "2297979000",
            "cashAndShortTermInvestments": "85175000",
            "totalCurrentLiabilities": "1182562000",
            "currentDebt": "80068000",
            "netIncome": "38223000",
            "capitalExpenditures": "4605000",
            "operatingCashflow": "74178000",
            "grossProfit": "169272000",
            "totalRevenue": "2453740000",
            "sentiment": 0,
            "surprise": "0.1",
            "closePrice": "19.8045240995634"
        },
        {
            "fiscalDateEnding": "2011-11-30",
            "totalCurrentAssets": "2438415000",
            "cashAndShortTermInvestments": "83588000",
            "totalCurrentLiabilities": "1372253000",
            "currentDebt": "159200000",
            "netIncome": "50173000",
            "capitalExpenditures": "18818000",
            "operatingCashflow": "103125000",
            "grossProfit": "187841000",
            "totalRevenue": "2815785000",
            "sentiment": 0,
            "surprise": "0.23",
            "closePrice": "14.5629509247248"
        },
        {
            "fiscalDateEnding": "2011-08-31",
            "totalCurrentAssets": "2278323000",
            "cashAndShortTermInvestments": "95058000",
            "totalCurrentLiabilities": "1242091000",
            "currentDebt": "228626000",
            "netIncome": "39036000",
            "capitalExpenditures": "5384000",
            "operatingCashflow": "-46226000",
            "grossProfit": "153753000",
            "totalRevenue": "2572133000",
            "sentiment": 0,
            "surprise": "0.1",
            "closePrice": "11.3045530549982"
        }
    ]
}