{
    "SONO": [
        {
            "fiscalDateEnding": "2023-12-31",
            "totalCurrentAssets": "758886000",
            "cashAndShortTermInvestments": "467342000",
            "totalCurrentLiabilities": "376001000",
            "currentDebt": "None",
            "netIncome": "80947000",
            "capitalExpenditures": "6077000",
            "operatingCashflow": "275401000",
            "grossProfit": "282679000",
            "totalRevenue": "620152000",
            "sentiment": 0.23007592129250742,
            "surprise": "0.24",
            "closePrice": "16.46"
        },
        {
            "fiscalDateEnding": "2023-09-30",
            "totalCurrentAssets": "659631000",
            "cashAndShortTermInvestments": "220231000",
            "totalCurrentLiabilities": "354218000",
            "currentDebt": "None",
            "netIncome": "-31239000",
            "capitalExpenditures": "10201000",
            "operatingCashflow": "22195000",
            "grossProfit": "128054000",
            "totalRevenue": "305147000",
            "sentiment": 0.23665169443067258,
            "surprise": "-0.07",
            "closePrice": "11.35"
        },
        {
            "fiscalDateEnding": "2023-06-30",
            "totalCurrentAssets": "708085000",
            "cashAndShortTermInvestments": "268286000",
            "totalCurrentLiabilities": "344504000",
            "currentDebt": "None",
            "netIncome": "-23571000",
            "capitalExpenditures": "16682000",
            "operatingCashflow": "8887000",
            "grossProfit": "171762000",
            "totalRevenue": "373082000",
            "sentiment": 0.24212862196284649,
            "surprise": "0.02",
            "closePrice": "15.64"
        },
        {
            "fiscalDateEnding": "2023-03-31",
            "totalCurrentAssets": "736839000",
            "cashAndShortTermInvestments": "294873000",
            "totalCurrentLiabilities": "352157000",
            "currentDebt": "None",
            "netIncome": "-30652000",
            "capitalExpenditures": "8714000",
            "operatingCashflow": "-112962000",
            "grossProfit": "131618000",
            "totalRevenue": "304173000",
            "sentiment": 0.311938693668018,
            "surprise": "-0.06",
            "closePrice": "21.15"
        },
        {
            "fiscalDateEnding": "2022-12-31",
            "totalCurrentAssets": "882057000",
            "cashAndShortTermInvestments": "431533000",
            "totalCurrentLiabilities": "477639000",
            "currentDebt": "None",
            "netIncome": "75188000",
            "capitalExpenditures": "14689000",
            "operatingCashflow": "182286000",
            "grossProfit": "285057000",
            "totalRevenue": "690121000",
            "sentiment": 0.21812756337281441,
            "surprise": "0.17",
            "closePrice": "17.86"
        },
        {
            "fiscalDateEnding": "2022-09-30",
            "totalCurrentAssets": "867391000",
            "cashAndShortTermInvestments": "274855000",
            "totalCurrentLiabilities": "535639000",
            "currentDebt": "None",
            "netIncome": "-64067000",
            "capitalExpenditures": "21270000",
            "operatingCashflow": "-103917000",
            "grossProfit": "124099000",
            "totalRevenue": "316290000",
            "sentiment": 0.13388927021665514,
            "surprise": "-0.09",
            "closePrice": "16.84"
        },
        {
            "fiscalDateEnding": "2022-06-30",
            "totalCurrentAssets": "923464000",
            "cashAndShortTermInvestments": "439726000",
            "totalCurrentLiabilities": "505220000",
            "currentDebt": "None",
            "netIncome": "-597000",
            "capitalExpenditures": "9281000",
            "operatingCashflow": "-6717000",
            "grossProfit": "175848000",
            "totalRevenue": "371783000",
            "sentiment": 0.0863663876910115,
            "surprise": "-0.0947",
            "closePrice": "22.77"
        },
        {
            "fiscalDateEnding": "2022-03-31",
            "totalCurrentAssets": "1010712000",
            "cashAndShortTermInvestments": "606744000",
            "totalCurrentLiabilities": "463736000",
            "currentDebt": "None",
            "netIncome": "8566000",
            "capitalExpenditures": "9310000",
            "operatingCashflow": "-97560000",
            "grossProfit": "179034000",
            "totalRevenue": "399781000",
            "sentiment": 0.018294879882767734,
            "surprise": "-0.01",
            "closePrice": "19.01"
        },
        {
            "fiscalDateEnding": "2021-12-31",
            "totalCurrentAssets": "1160368000",
            "cashAndShortTermInvestments": "754417000",
            "totalCurrentLiabilities": "599262000",
            "currentDebt": "None",
            "netIncome": "123481000",
            "capitalExpenditures": "6355000",
            "operatingCashflow": "179934000",
            "grossProfit": "317385000",
            "totalRevenue": "664481000",
            "sentiment": 0,
            "surprise": "-0.05",
            "closePrice": "26.65"
        },
        {
            "fiscalDateEnding": "2021-09-30",
            "totalCurrentAssets": "957514000",
            "cashAndShortTermInvestments": "640101000",
            "totalCurrentLiabilities": "476130000",
            "currentDebt": "0",
            "netIncome": "-8744000",
            "capitalExpenditures": "10739000",
            "operatingCashflow": "6485000",
            "grossProfit": "166931000",
            "totalRevenue": "359539000",
            "sentiment": 0,
            "surprise": "0",
            "closePrice": "33.47"
        },
        {
            "fiscalDateEnding": "2021-06-30",
            "totalCurrentAssets": "911694000",
            "cashAndShortTermInvestments": "670905000",
            "totalCurrentLiabilities": "400919000",
            "currentDebt": "0",
            "netIncome": "17826000",
            "capitalExpenditures": "14865000",
            "operatingCashflow": "70788000",
            "grossProfit": "177861000",
            "totalRevenue": "378672000",
            "sentiment": 0,
            "surprise": "0.29",
            "closePrice": "34.8"
        },
        {
            "fiscalDateEnding": "2021-03-31",
            "totalCurrentAssets": "880153000",
            "cashAndShortTermInvestments": "638927000",
            "totalCurrentLiabilities": "371071000",
            "currentDebt": "0",
            "netIncome": "17221000",
            "capitalExpenditures": "8594000",
            "operatingCashflow": "-38560000",
            "grossProfit": "165776000",
            "totalRevenue": "332949000",
            "sentiment": 0,
            "surprise": "0.34",
            "closePrice": "31.49"
        },
        {
            "fiscalDateEnding": "2020-12-31",
            "totalCurrentAssets": "900918000",
            "cashAndShortTermInvestments": "677834000",
            "totalCurrentLiabilities": "455764000",
            "currentDebt": "24900000",
            "netIncome": "132292000",
            "capitalExpenditures": "11333000",
            "operatingCashflow": "214513000",
            "grossProfit": "299425000",
            "totalRevenue": "645584000",
            "sentiment": 0,
            "surprise": "0.13",
            "closePrice": "31.5"
        },
        {
            "fiscalDateEnding": "2020-09-30",
            "totalCurrentAssets": "660377000",
            "cashAndShortTermInvestments": "407100000",
            "totalCurrentLiabilities": "393015000",
            "currentDebt": "6667000",
            "netIncome": "18411000",
            "capitalExpenditures": "3130000",
            "operatingCashflow": "78835000",
            "grossProfit": "161536000",
            "totalRevenue": "339837000",
            "sentiment": 0,
            "surprise": "0.13",
            "closePrice": "17.09"
        },
        {
            "fiscalDateEnding": "2020-06-30",
            "totalCurrentAssets": "487027000",
            "cashAndShortTermInvestments": "329122000",
            "totalCurrentLiabilities": "257694000",
            "currentDebt": "8333000",
            "netIncome": "-56980000",
            "capitalExpenditures": "4105000",
            "operatingCashflow": "47783000",
            "grossProfit": "109791000",
            "totalRevenue": "248950000",
            "sentiment": 0,
            "surprise": "-0.25",
            "closePrice": "14.29"
        },
        {
            "fiscalDateEnding": "2020-03-31",
            "totalCurrentAssets": "464025000",
            "cashAndShortTermInvestments": "283250000",
            "totalCurrentLiabilities": "213199000",
            "currentDebt": "8333000",
            "netIncome": "-52320000",
            "capitalExpenditures": "9886000",
            "operatingCashflow": "-83472000",
            "grossProfit": "73009000",
            "totalRevenue": "174724000",
            "sentiment": 0,
            "surprise": "0.01",
            "closePrice": "10.05"
        },
        {
            "fiscalDateEnding": "2019-12-31",
            "totalCurrentAssets": "688607000",
            "cashAndShortTermInvestments": "408419000",
            "totalCurrentLiabilities": "375120000",
            "currentDebt": "9439000",
            "netIncome": "70775000",
            "capitalExpenditures": "15914000",
            "operatingCashflow": "118840000",
            "grossProfit": "227620000",
            "totalRevenue": "563554000",
            "sentiment": 0,
            "surprise": "0.12",
            "closePrice": "14.1"
        },
        {
            "fiscalDateEnding": "2019-09-30",
            "totalCurrentAssets": "679109000",
            "cashAndShortTermInvestments": "338641000",
            "totalCurrentLiabilities": "402474000",
            "currentDebt": "8333000",
            "netIncome": "-29600000",
            "capitalExpenditures": "9130000",
            "operatingCashflow": "9700000",
            "grossProfit": "124271000",
            "totalRevenue": "294160000",
            "sentiment": 0,
            "surprise": "-0.06",
            "closePrice": "13.87"
        },
        {
            "fiscalDateEnding": "2019-06-30",
            "totalCurrentAssets": "566399000",
            "cashAndShortTermInvestments": "338292000",
            "totalCurrentLiabilities": "275502000",
            "currentDebt": "11667000",
            "netIncome": "-14009000",
            "capitalExpenditures": "6005000",
            "operatingCashflow": "45831000",
            "grossProfit": "117370000",
            "totalRevenue": "260119000",
            "sentiment": 0,
            "surprise": "0.1",
            "closePrice": "10.16"
        },
        {
            "fiscalDateEnding": "2019-03-31",
            "totalCurrentAssets": "478799000",
            "cashAndShortTermInvestments": "295276000",
            "totalCurrentLiabilities": "185793000",
            "currentDebt": "10000000",
            "netIncome": "-22824000",
            "capitalExpenditures": "2715000",
            "operatingCashflow": "-26945000",
            "grossProfit": "90413000",
            "totalRevenue": "210173000",
            "sentiment": 0,
            "surprise": "0.13",
            "closePrice": "10.26"
        },
        {
            "fiscalDateEnding": "2018-12-31",
            "totalCurrentAssets": "552260000",
            "cashAndShortTermInvestments": "307373000",
            "totalCurrentLiabilities": "271590000",
            "currentDebt": "8333000",
            "netIncome": "61667000",
            "capitalExpenditures": "5372000",
            "operatingCashflow": "92050000",
            "grossProfit": "195289000",
            "totalRevenue": "495053000",
            "sentiment": 0,
            "surprise": "0.14",
            "closePrice": "12.37"
        },
        {
            "fiscalDateEnding": "2018-09-30",
            "totalCurrentAssets": "497600000",
            "cashAndShortTermInvestments": "220930000",
            "totalCurrentLiabilities": "296357000",
            "currentDebt": "6667000",
            "netIncome": "-1720000",
            "capitalExpenditures": "9820000",
            "operatingCashflow": "14778000",
            "grossProfit": "116277000",
            "totalRevenue": "272940000",
            "sentiment": 0,
            "surprise": "0.08",
            "closePrice": "14.16"
        },
        {
            "fiscalDateEnding": "2018-06-30",
            "totalCurrentAssets": "304981000",
            "cashAndShortTermInvestments": "124432000",
            "totalCurrentLiabilities": "201021000",
            "currentDebt": "None",
            "netIncome": "-26988000",
            "capitalExpenditures": "4057000",
            "operatingCashflow": "11205000",
            "grossProfit": "95489000",
            "totalRevenue": "208398000",
            "sentiment": 0,
            "surprise": "-0.23",
            "closePrice": "21.24"
        }
    ]
}