{
    "SPSC": [
        {
            "fiscalDateEnding": "2023-12-31",
            "totalCurrentAssets": "401441000",
            "cashAndShortTermInvestments": "275440000",
            "totalCurrentLiabilities": "130669000",
            "currentDebt": "None",
            "netIncome": "19011000",
            "capitalExpenditures": "4294000",
            "operatingCashflow": "32786000",
            "grossProfit": "95925000",
            "totalRevenue": "144965000",
            "sentiment": 0.2382190485129575,
            "surprise": "0.05",
            "closePrice": "183.77"
        },
        {
            "fiscalDateEnding": "2023-09-30",
            "totalCurrentAssets": "359739000",
            "cashAndShortTermInvestments": "239330000",
            "totalCurrentLiabilities": "132871000",
            "currentDebt": "None",
            "netIncome": "16842000",
            "capitalExpenditures": "5698000",
            "operatingCashflow": "43842000",
            "grossProfit": "90140000",
            "totalRevenue": "135661000",
            "sentiment": 0.21957889890881585,
            "surprise": "0.08",
            "closePrice": "155.27"
        },
        {
            "fiscalDateEnding": "2023-06-30",
            "totalCurrentAssets": "384976000",
            "cashAndShortTermInvestments": "270178000",
            "totalCurrentLiabilities": "111968000",
            "currentDebt": "None",
            "netIncome": "14682000",
            "capitalExpenditures": "4508000",
            "operatingCashflow": "34039000",
            "grossProfit": "85872000",
            "totalRevenue": "130416000",
            "sentiment": 0.14875094026451793,
            "surprise": "0.06",
            "closePrice": "172.82"
        },
        {
            "fiscalDateEnding": "2023-03-31",
            "totalCurrentAssets": "346382000",
            "cashAndShortTermInvestments": "233450000",
            "totalCurrentLiabilities": "106961000",
            "currentDebt": "None",
            "netIncome": "15289000",
            "capitalExpenditures": "5261000",
            "operatingCashflow": "21631000",
            "grossProfit": "82904000",
            "totalRevenue": "125868000",
            "sentiment": 0.21498521483787764,
            "surprise": "0.09",
            "closePrice": "142.65"
        },
        {
            "fiscalDateEnding": "2022-12-31",
            "totalCurrentAssets": "322814000",
            "cashAndShortTermInvestments": "214305000",
            "totalCurrentLiabilities": "110642000",
            "currentDebt": "None",
            "netIncome": "15915000",
            "capitalExpenditures": "5986000",
            "operatingCashflow": "23569000",
            "grossProfit": "80477000",
            "totalRevenue": "122018000",
            "sentiment": 0.20013789128939913,
            "surprise": "0.09",
            "closePrice": "137.52"
        },
        {
            "fiscalDateEnding": "2022-09-30",
            "totalCurrentAssets": "339273000",
            "cashAndShortTermInvestments": "237158000",
            "totalCurrentLiabilities": "105466000",
            "currentDebt": "None",
            "netIncome": "15863000",
            "capitalExpenditures": "5703000",
            "operatingCashflow": "39698000",
            "grossProfit": "75881000",
            "totalRevenue": "114486000",
            "sentiment": 0.3290076064735358,
            "surprise": "0.11",
            "closePrice": "130.28"
        },
        {
            "fiscalDateEnding": "2022-06-30",
            "totalCurrentAssets": "365549000",
            "cashAndShortTermInvestments": "259238000",
            "totalCurrentLiabilities": "101239000",
            "currentDebt": "None",
            "netIncome": "10753000",
            "capitalExpenditures": "3836000",
            "operatingCashflow": "32438000",
            "grossProfit": "71648000",
            "totalRevenue": "109178000",
            "sentiment": 0.017295504961718108,
            "surprise": "0.04",
            "closePrice": "117.96"
        },
        {
            "fiscalDateEnding": "2022-03-31",
            "totalCurrentAssets": "351467000",
            "cashAndShortTermInvestments": "243056000",
            "totalCurrentLiabilities": "94428000",
            "currentDebt": "None",
            "netIncome": "12603000",
            "capitalExpenditures": "4355000",
            "operatingCashflow": "4347000",
            "grossProfit": "69804000",
            "totalRevenue": "105193000",
            "sentiment": 0.05793119109985871,
            "surprise": "0.08",
            "closePrice": "121.98"
        },
        {
            "fiscalDateEnding": "2021-12-31",
            "totalCurrentAssets": "352443000",
            "cashAndShortTermInvestments": "257310000",
            "totalCurrentLiabilities": "102872000",
            "currentDebt": "None",
            "netIncome": "12765000",
            "capitalExpenditures": "4021000",
            "operatingCashflow": "31325000",
            "grossProfit": "67121000",
            "totalRevenue": "102756000",
            "sentiment": 0,
            "surprise": "0.05",
            "closePrice": "127.91"
        },
        {
            "fiscalDateEnding": "2021-09-30",
            "totalCurrentAssets": "343255000",
            "cashAndShortTermInvestments": "251986000",
            "totalCurrentLiabilities": "94928000",
            "currentDebt": "None",
            "netIncome": "11449000",
            "capitalExpenditures": "6829000",
            "operatingCashflow": "26910000",
            "grossProfit": "63544000",
            "totalRevenue": "97887000",
            "sentiment": 0,
            "surprise": "0.05",
            "closePrice": "173.12"
        },
        {
            "fiscalDateEnding": "2021-06-30",
            "totalCurrentAssets": "323162000",
            "cashAndShortTermInvestments": "233366000",
            "totalCurrentLiabilities": "91437000",
            "currentDebt": "None",
            "netIncome": "10183000",
            "capitalExpenditures": "5475000",
            "operatingCashflow": "33053000",
            "grossProfit": "62809000",
            "totalRevenue": "94539000",
            "sentiment": 0,
            "surprise": "0.06",
            "closePrice": "100.37"
        },
        {
            "fiscalDateEnding": "2021-03-31",
            "totalCurrentAssets": "296874000",
            "cashAndShortTermInvestments": "208448000",
            "totalCurrentLiabilities": "83432000",
            "currentDebt": "None",
            "netIncome": "10200000",
            "capitalExpenditures": "3263000",
            "operatingCashflow": "21605000",
            "grossProfit": "60124000",
            "totalRevenue": "90094000",
            "sentiment": 0,
            "surprise": "0.06",
            "closePrice": "101.05"
        },
        {
            "fiscalDateEnding": "2020-12-31",
            "totalCurrentAssets": "271356000",
            "cashAndShortTermInvestments": "187478000",
            "totalCurrentLiabilities": "80132000",
            "currentDebt": "None",
            "netIncome": "13470000",
            "capitalExpenditures": "4828000",
            "operatingCashflow": "23033000",
            "grossProfit": "56387000",
            "totalRevenue": "83308000",
            "sentiment": 0,
            "surprise": "0.06",
            "closePrice": "110.32"
        },
        {
            "fiscalDateEnding": "2020-09-30",
            "totalCurrentAssets": "337008000",
            "cashAndShortTermInvestments": "261230000",
            "totalCurrentLiabilities": "70389000",
            "currentDebt": "None",
            "netIncome": "11407000",
            "capitalExpenditures": "3243000",
            "operatingCashflow": "28734000",
            "grossProfit": "54512000",
            "totalRevenue": "79557000",
            "sentiment": 0,
            "surprise": "0.06",
            "closePrice": "82.72"
        },
        {
            "fiscalDateEnding": "2020-06-30",
            "totalCurrentAssets": "303977000",
            "cashAndShortTermInvestments": "225625000",
            "totalCurrentLiabilities": "66735000",
            "currentDebt": "None",
            "netIncome": "11194000",
            "capitalExpenditures": "4431000",
            "operatingCashflow": "22128000",
            "grossProfit": "51247000",
            "totalRevenue": "75573000",
            "sentiment": 0,
            "surprise": "0.06",
            "closePrice": "73.32"
        },
        {
            "fiscalDateEnding": "2020-03-31",
            "totalCurrentAssets": "289854000",
            "cashAndShortTermInvestments": "214558000",
            "totalCurrentLiabilities": "61903000",
            "currentDebt": "3866000",
            "netIncome": "9515000",
            "capitalExpenditures": "3965000",
            "operatingCashflow": "14667000",
            "grossProfit": "50648000",
            "totalRevenue": "74192000",
            "sentiment": 0,
            "surprise": "0.06",
            "closePrice": "55.51"
        },
        {
            "fiscalDateEnding": "2019-12-31",
            "totalCurrentAssets": "291621000",
            "cashAndShortTermInvestments": "213536000",
            "totalCurrentLiabilities": "68030000",
            "currentDebt": "3783000",
            "netIncome": "9162000",
            "capitalExpenditures": "5198000",
            "operatingCashflow": "20834000",
            "grossProfit": "48824000",
            "totalRevenue": "72733000",
            "sentiment": 0,
            "surprise": "0.05",
            "closePrice": "60.04"
        },
        {
            "fiscalDateEnding": "2019-09-30",
            "totalCurrentAssets": "273524000",
            "cashAndShortTermInvestments": "201173000",
            "totalCurrentLiabilities": "60533000",
            "currentDebt": "3281000",
            "netIncome": "8941000",
            "capitalExpenditures": "3036000",
            "operatingCashflow": "21298000",
            "grossProfit": "47665000",
            "totalRevenue": "70928000",
            "sentiment": 0,
            "surprise": "0.05",
            "closePrice": "48.75"
        },
        {
            "fiscalDateEnding": "2019-06-30",
            "totalCurrentAssets": "272773000",
            "cashAndShortTermInvestments": "198674000",
            "totalCurrentLiabilities": "58400000",
            "currentDebt": "None",
            "netIncome": "8796000",
            "capitalExpenditures": "2452000",
            "operatingCashflow": "19461000",
            "grossProfit": "44829000",
            "totalRevenue": "68529000",
            "sentiment": 0,
            "surprise": "0.04",
            "closePrice": "51.33"
        },
        {
            "fiscalDateEnding": "2019-03-31",
            "totalCurrentAssets": "257249000",
            "cashAndShortTermInvestments": "185398000",
            "totalCurrentLiabilities": "53382000",
            "currentDebt": "None",
            "netIncome": "6813000",
            "capitalExpenditures": "2899000",
            "operatingCashflow": "10201000",
            "grossProfit": "45567000",
            "totalRevenue": "66934000",
            "sentiment": 0,
            "surprise": "0.04",
            "closePrice": "51.26"
        },
        {
            "fiscalDateEnding": "2018-12-31",
            "totalCurrentAssets": "249615000",
            "cashAndShortTermInvestments": "178396000",
            "totalCurrentLiabilities": "56522000",
            "currentDebt": "None",
            "netIncome": "7141000",
            "capitalExpenditures": "3875000",
            "operatingCashflow": "17468000",
            "grossProfit": "44012000",
            "totalRevenue": "65189000",
            "sentiment": 0,
            "surprise": "0.04",
            "closePrice": "47.33"
        },
        {
            "fiscalDateEnding": "2018-09-30",
            "totalCurrentAssets": "256438000",
            "cashAndShortTermInvestments": "189402000",
            "totalCurrentLiabilities": "49674000",
            "currentDebt": "None",
            "netIncome": "8061000",
            "capitalExpenditures": "3394000",
            "operatingCashflow": "15300000",
            "grossProfit": "42457000",
            "totalRevenue": "62868000",
            "sentiment": 0,
            "surprise": "0.06",
            "closePrice": "42.08"
        },
        {
            "fiscalDateEnding": "2018-06-30",
            "totalCurrentAssets": "239886000",
            "cashAndShortTermInvestments": "172737000",
            "totalCurrentLiabilities": "48378000",
            "currentDebt": "None",
            "netIncome": "5416000",
            "capitalExpenditures": "2597000",
            "operatingCashflow": "12898000",
            "grossProfit": "40689000",
            "totalRevenue": "61091000",
            "sentiment": 0,
            "surprise": "0.08",
            "closePrice": "38.475"
        },
        {
            "fiscalDateEnding": "2018-03-31",
            "totalCurrentAssets": "228781000",
            "cashAndShortTermInvestments": "165819000",
            "totalCurrentLiabilities": "42096000",
            "currentDebt": "None",
            "netIncome": "3254000",
            "capitalExpenditures": "3884000",
            "operatingCashflow": "9349000",
            "grossProfit": "39334000",
            "totalRevenue": "59092000",
            "sentiment": 0,
            "surprise": "0.04",
            "closePrice": "32.605"
        },
        {
            "fiscalDateEnding": "2017-12-31",
            "totalCurrentAssets": "224331000",
            "cashAndShortTermInvestments": "163319000",
            "totalCurrentLiabilities": "43945000",
            "currentDebt": "None",
            "netIncome": "-6778000",
            "capitalExpenditures": "2029000",
            "operatingCashflow": "9078000",
            "grossProfit": "38598000",
            "totalRevenue": "58200000",
            "sentiment": 0,
            "surprise": "0.02",
            "closePrice": "25.2"
        },
        {
            "fiscalDateEnding": "2017-09-30",
            "totalCurrentAssets": "217207000",
            "cashAndShortTermInvestments": "163853000",
            "totalCurrentLiabilities": "37625000",
            "currentDebt": "None",
            "netIncome": "2176000",
            "capitalExpenditures": "1908000",
            "operatingCashflow": "4066000",
            "grossProfit": "37412000",
            "totalRevenue": "56150000",
            "sentiment": 0,
            "surprise": "0.02",
            "closePrice": "26.76"
        },
        {
            "fiscalDateEnding": "2017-06-30",
            "totalCurrentAssets": "209057000",
            "cashAndShortTermInvestments": "158640000",
            "totalCurrentLiabilities": "37916000",
            "currentDebt": "None",
            "netIncome": "1968000",
            "capitalExpenditures": "2035000",
            "operatingCashflow": "-2912000",
            "grossProfit": "35901000",
            "totalRevenue": "54284000",
            "sentiment": 0,
            "surprise": "0.02",
            "closePrice": "28.67"
        },
        {
            "fiscalDateEnding": "2017-03-31",
            "totalCurrentAssets": "204840000",
            "cashAndShortTermInvestments": "154257000",
            "totalCurrentLiabilities": "37618000",
            "currentDebt": "None",
            "netIncome": "2985000",
            "capitalExpenditures": "1299000",
            "operatingCashflow": "16081000",
            "grossProfit": "34549000",
            "totalRevenue": "51879000",
            "sentiment": 0,
            "surprise": "0.03",
            "closePrice": "28.075"
        },
        {
            "fiscalDateEnding": "2016-12-31",
            "totalCurrentAssets": "185933000",
            "cashAndShortTermInvestments": "138953000",
            "totalCurrentLiabilities": "32161000",
            "currentDebt": "None",
            "netIncome": "1805000",
            "capitalExpenditures": "2036000",
            "operatingCashflow": "2653000",
            "grossProfit": "33739000",
            "totalRevenue": "51061000",
            "sentiment": 0,
            "surprise": "0.01",
            "closePrice": "33.16"
        },
        {
            "fiscalDateEnding": "2016-09-30",
            "totalCurrentAssets": "172582000",
            "cashAndShortTermInvestments": "125251000",
            "totalCurrentLiabilities": "30234000",
            "currentDebt": "None",
            "netIncome": "2509000",
            "capitalExpenditures": "2902000",
            "operatingCashflow": "2509000",
            "grossProfit": "33113000",
            "totalRevenue": "49284000",
            "sentiment": 0,
            "surprise": "0.01",
            "closePrice": "33.88"
        },
        {
            "fiscalDateEnding": "2016-06-30",
            "totalCurrentAssets": "173420000",
            "cashAndShortTermInvestments": "128170000",
            "totalCurrentLiabilities": "33146000",
            "currentDebt": "None",
            "netIncome": "352000",
            "capitalExpenditures": "954000",
            "operatingCashflow": "645000",
            "grossProfit": "31379000",
            "totalRevenue": "47351000",
            "sentiment": 0,
            "surprise": "0.02",
            "closePrice": "30.865"
        },
        {
            "fiscalDateEnding": "2016-03-31",
            "totalCurrentAssets": "162653000",
            "cashAndShortTermInvestments": "120899000",
            "totalCurrentLiabilities": "30574000",
            "currentDebt": "None",
            "netIncome": "1044000",
            "capitalExpenditures": "2116000",
            "operatingCashflow": "12978000",
            "grossProfit": "30718000",
            "totalRevenue": "45599000",
            "sentiment": 0,
            "surprise": "0",
            "closePrice": "23.405"
        },
        {
            "fiscalDateEnding": "2015-12-31",
            "totalCurrentAssets": "166786000",
            "cashAndShortTermInvestments": "129055000",
            "totalCurrentLiabilities": "24234000",
            "currentDebt": "None",
            "netIncome": "2132000",
            "capitalExpenditures": "2253000",
            "operatingCashflow": "2814000",
            "grossProfit": "28912000",
            "totalRevenue": "42348000",
            "sentiment": 0,
            "surprise": "0.04",
            "closePrice": "30.97"
        },
        {
            "fiscalDateEnding": "2015-09-30",
            "totalCurrentAssets": "161371000",
            "cashAndShortTermInvestments": "122901000",
            "totalCurrentLiabilities": "23436000",
            "currentDebt": "None",
            "netIncome": "1270000",
            "capitalExpenditures": "1425000",
            "operatingCashflow": "1270000",
            "grossProfit": "27654000",
            "totalRevenue": "40354000",
            "sentiment": 0,
            "surprise": "0.01",
            "closePrice": "37.54"
        },
        {
            "fiscalDateEnding": "2015-06-30",
            "totalCurrentAssets": "159071000",
            "cashAndShortTermInvestments": "121344000",
            "totalCurrentLiabilities": "23840000",
            "currentDebt": "None",
            "netIncome": "651000",
            "capitalExpenditures": "2771000",
            "operatingCashflow": "651000",
            "grossProfit": "26511000",
            "totalRevenue": "38846000",
            "sentiment": 0,
            "surprise": "0",
            "closePrice": "36.16"
        },
        {
            "fiscalDateEnding": "2015-03-31",
            "totalCurrentAssets": "166157000",
            "cashAndShortTermInvestments": "133550000",
            "totalCurrentLiabilities": "24750000",
            "currentDebt": "None",
            "netIncome": "586000",
            "capitalExpenditures": "2308000",
            "operatingCashflow": "7896000",
            "grossProfit": "25398000",
            "totalRevenue": "36970000",
            "sentiment": 0,
            "surprise": "0",
            "closePrice": "33.78"
        },
        {
            "fiscalDateEnding": "2014-12-31",
            "totalCurrentAssets": "162194000",
            "cashAndShortTermInvestments": "130795000",
            "totalCurrentLiabilities": "24560000",
            "currentDebt": "None",
            "netIncome": "854000",
            "capitalExpenditures": "3188000",
            "operatingCashflow": "1417000",
            "grossProfit": "24263000",
            "totalRevenue": "35402000",
            "sentiment": 0,
            "surprise": "0.02",
            "closePrice": "31.495"
        },
        {
            "fiscalDateEnding": "2014-09-30",
            "totalCurrentAssets": "170644000",
            "cashAndShortTermInvestments": "140822000",
            "totalCurrentLiabilities": "20904000",
            "currentDebt": "None",
            "netIncome": "838000",
            "capitalExpenditures": "1014000",
            "operatingCashflow": "2131000",
            "grossProfit": "22536000",
            "totalRevenue": "32506000",
            "sentiment": 0,
            "surprise": "0.01",
            "closePrice": "28.12"
        },
        {
            "fiscalDateEnding": "2014-06-30",
            "totalCurrentAssets": "164889000",
            "cashAndShortTermInvestments": "136508000",
            "totalCurrentLiabilities": "19355000",
            "currentDebt": "None",
            "netIncome": "639000",
            "capitalExpenditures": "2519000",
            "operatingCashflow": "1998000",
            "grossProfit": "21473000",
            "totalRevenue": "31100000",
            "sentiment": 0,
            "surprise": "0",
            "closePrice": "26.71"
        },
        {
            "fiscalDateEnding": "2014-03-31",
            "totalCurrentAssets": "160377000",
            "cashAndShortTermInvestments": "134603000",
            "totalCurrentLiabilities": "19499000",
            "currentDebt": "None",
            "netIncome": "373000",
            "capitalExpenditures": "861000",
            "operatingCashflow": "3558000",
            "grossProfit": "19684000",
            "totalRevenue": "28939000",
            "sentiment": 0,
            "surprise": "0",
            "closePrice": "26.215"
        },
        {
            "fiscalDateEnding": "2013-12-31",
            "totalCurrentAssets": "156075000",
            "cashAndShortTermInvestments": "131294000",
            "totalCurrentLiabilities": "18915000",
            "currentDebt": "None",
            "netIncome": "294000",
            "capitalExpenditures": "671000",
            "operatingCashflow": "2136000",
            "grossProfit": "19450000",
            "totalRevenue": "27973000",
            "sentiment": 0,
            "surprise": "0.01",
            "closePrice": "32.375"
        },
        {
            "fiscalDateEnding": "2013-09-30",
            "totalCurrentAssets": "105240000",
            "cashAndShortTermInvestments": "80813000",
            "totalCurrentLiabilities": "19206000",
            "currentDebt": "None",
            "netIncome": "270000",
            "capitalExpenditures": "3293000",
            "operatingCashflow": "7474000",
            "grossProfit": "18759000",
            "totalRevenue": "27008000",
            "sentiment": 0,
            "surprise": "0.02",
            "closePrice": "37.0"
        },
        {
            "fiscalDateEnding": "2013-06-30",
            "totalCurrentAssets": "99827000",
            "cashAndShortTermInvestments": "75134000",
            "totalCurrentLiabilities": "17755000",
            "currentDebt": "None",
            "netIncome": "288000",
            "capitalExpenditures": "648000",
            "operatingCashflow": "2084000",
            "grossProfit": "17715000",
            "totalRevenue": "25658000",
            "sentiment": 0,
            "surprise": "0.01",
            "closePrice": "28.44"
        },
        {
            "fiscalDateEnding": "2013-03-31",
            "totalCurrentAssets": "95652000",
            "cashAndShortTermInvestments": "72559000",
            "totalCurrentLiabilities": "15621000",
            "currentDebt": "None",
            "netIncome": "199000",
            "capitalExpenditures": "1089000",
            "operatingCashflow": "6549000",
            "grossProfit": "16686000",
            "totalRevenue": "23752000",
            "sentiment": 0,
            "surprise": "0.01",
            "closePrice": "20.64"
        },
        {
            "fiscalDateEnding": "2012-12-31",
            "totalCurrentAssets": "91511000",
            "cashAndShortTermInvestments": "66050000",
            "totalCurrentLiabilities": "14471000",
            "currentDebt": "None",
            "netIncome": "366000",
            "capitalExpenditures": "3138000",
            "operatingCashflow": "-1437000",
            "grossProfit": "15680000",
            "totalRevenue": "22484000",
            "sentiment": 0,
            "surprise": "0.01",
            "closePrice": "19.245"
        },
        {
            "fiscalDateEnding": "2012-09-30",
            "totalCurrentAssets": "89944000",
            "cashAndShortTermInvestments": "69715000",
            "totalCurrentLiabilities": "15911000",
            "currentDebt": "None",
            "netIncome": "174000",
            "capitalExpenditures": "955000",
            "operatingCashflow": "3695000",
            "grossProfit": "14322000",
            "totalRevenue": "20267000",
            "sentiment": 0,
            "surprise": "0.01",
            "closePrice": "19.135"
        },
        {
            "fiscalDateEnding": "2012-06-30",
            "totalCurrentAssets": "53425000",
            "cashAndShortTermInvestments": "35501000",
            "totalCurrentLiabilities": "12676000",
            "currentDebt": "None",
            "netIncome": "426000",
            "capitalExpenditures": "1260000",
            "operatingCashflow": "2967000",
            "grossProfit": "12978000",
            "totalRevenue": "17821000",
            "sentiment": 0,
            "surprise": "0.01",
            "closePrice": "14.415"
        },
        {
            "fiscalDateEnding": "2012-03-31",
            "totalCurrentAssets": "49807000",
            "cashAndShortTermInvestments": "33063000",
            "totalCurrentLiabilities": "11176000",
            "currentDebt": "None",
            "netIncome": "256000",
            "capitalExpenditures": "630000",
            "operatingCashflow": "1604000",
            "grossProfit": "12086000",
            "totalRevenue": "16534000",
            "sentiment": 0,
            "surprise": "0.01",
            "closePrice": "12.815"
        },
        {
            "fiscalDateEnding": "2011-12-31",
            "totalCurrentAssets": "48239000",
            "cashAndShortTermInvestments": "31985000",
            "totalCurrentLiabilities": "11466000",
            "currentDebt": "None",
            "netIncome": "13143000",
            "capitalExpenditures": "868000",
            "operatingCashflow": "939000",
            "grossProfit": "11635000",
            "totalRevenue": "15854000",
            "sentiment": 0,
            "surprise": "0",
            "closePrice": "13.955"
        },
        {
            "fiscalDateEnding": "2011-09-30",
            "totalCurrentAssets": "45960000",
            "cashAndShortTermInvestments": "31546000",
            "totalCurrentLiabilities": "11508000",
            "currentDebt": "None",
            "netIncome": "177000",
            "capitalExpenditures": "727000",
            "operatingCashflow": "2420000",
            "grossProfit": "11453000",
            "totalRevenue": "15529000",
            "sentiment": 0,
            "surprise": "0.01",
            "closePrice": "9.75"
        },
        {
            "fiscalDateEnding": "2011-06-30",
            "totalCurrentAssets": "43882000",
            "cashAndShortTermInvestments": "29788000",
            "totalCurrentLiabilities": "10651000",
            "currentDebt": "None",
            "netIncome": "-109000",
            "capitalExpenditures": "501000",
            "operatingCashflow": "566000",
            "grossProfit": "10187000",
            "totalRevenue": "13937000",
            "sentiment": 0,
            "surprise": "0",
            "closePrice": "9.27"
        }
    ]
}