{
    "SPT": [
        {
            "fiscalDateEnding": "2023-12-31",
            "totalCurrentAssets": "195943000",
            "cashAndShortTermInvestments": "94405000",
            "totalCurrentLiabilities": "181039000",
            "currentDebt": "None",
            "netIncome": "-20077000",
            "capitalExpenditures": "629000",
            "operatingCashflow": "-2604000",
            "grossProfit": "72623000",
            "totalRevenue": "91997000",
            "sentiment": 0,
            "surprise": "0.0238",
            "closePrice": "64.48"
        },
        {
            "fiscalDateEnding": "2023-09-30",
            "totalCurrentAssets": "196234000",
            "cashAndShortTermInvestments": "113030000",
            "totalCurrentLiabilities": "163317000",
            "currentDebt": "None",
            "netIncome": "-23013000",
            "capitalExpenditures": "800000",
            "operatingCashflow": "-5518000",
            "grossProfit": "65334000",
            "totalRevenue": "84385000",
            "sentiment": 0,
            "surprise": "0.04",
            "closePrice": "42.57"
        },
        {
            "fiscalDateEnding": "2023-06-30",
            "totalCurrentAssets": "259347000",
            "cashAndShortTermInvestments": "180437000",
            "totalCurrentLiabilities": "157652000",
            "currentDebt": "None",
            "netIncome": "-13085000",
            "capitalExpenditures": "261000",
            "operatingCashflow": "6294000",
            "grossProfit": "61081000",
            "totalRevenue": "79280000",
            "sentiment": 0,
            "surprise": "0.09",
            "closePrice": "53.38"
        },
        {
            "fiscalDateEnding": "2023-03-31",
            "totalCurrentAssets": "246434000",
            "cashAndShortTermInvestments": "177461000",
            "totalCurrentLiabilities": "146307000",
            "currentDebt": "None",
            "netIncome": "-10252000",
            "capitalExpenditures": "383000",
            "operatingCashflow": "8284000",
            "grossProfit": "58337000",
            "totalRevenue": "75184000",
            "sentiment": 0,
            "surprise": "0.07",
            "closePrice": "48.32"
        },
        {
            "fiscalDateEnding": "2022-12-31",
            "totalCurrentAssets": "235466000",
            "cashAndShortTermInvestments": "172846000",
            "totalCurrentLiabilities": "132806000",
            "currentDebt": "None",
            "netIncome": "-11942000",
            "capitalExpenditures": "397000",
            "operatingCashflow": "2952000",
            "grossProfit": "54245000",
            "totalRevenue": "69635000",
            "sentiment": 0,
            "surprise": "0.05",
            "closePrice": "58.63"
        },
        {
            "fiscalDateEnding": "2022-09-30",
            "totalCurrentAssets": "225248000",
            "cashAndShortTermInvestments": "172108000",
            "totalCurrentLiabilities": "119456000",
            "currentDebt": "None",
            "netIncome": "-13933000",
            "capitalExpenditures": "514000",
            "operatingCashflow": "1047000",
            "grossProfit": "49995000",
            "totalRevenue": "65278000",
            "sentiment": 0.1994254561134061,
            "surprise": "0.02",
            "closePrice": "47.66"
        },
        {
            "fiscalDateEnding": "2022-06-30",
            "totalCurrentAssets": "223784000",
            "cashAndShortTermInvestments": "173755000",
            "totalCurrentLiabilities": "114046000",
            "currentDebt": "None",
            "netIncome": "-14610000",
            "capitalExpenditures": "600000",
            "operatingCashflow": "1267000",
            "grossProfit": "46292000",
            "totalRevenue": "61404000",
            "sentiment": 0.001214,
            "surprise": "0.02",
            "closePrice": "52.0"
        },
        {
            "fiscalDateEnding": "2022-03-31",
            "totalCurrentAssets": "226773000",
            "cashAndShortTermInvestments": "179317000",
            "totalCurrentLiabilities": "107347000",
            "currentDebt": "None",
            "netIncome": "-9755000",
            "capitalExpenditures": "313000",
            "operatingCashflow": "5402000",
            "grossProfit": "43438000",
            "totalRevenue": "57358000",
            "sentiment": 0,
            "surprise": "0.01",
            "closePrice": "62.61"
        },
        {
            "fiscalDateEnding": "2021-12-31",
            "totalCurrentAssets": "222532000",
            "cashAndShortTermInvestments": "176935000",
            "totalCurrentLiabilities": "98429000",
            "currentDebt": "None",
            "netIncome": "-9900000",
            "capitalExpenditures": "264000",
            "operatingCashflow": "2477000",
            "grossProfit": "39975000",
            "totalRevenue": "53192000",
            "sentiment": 0,
            "surprise": "0.02",
            "closePrice": "53.05"
        },
        {
            "fiscalDateEnding": "2021-09-30",
            "totalCurrentAssets": "210053000",
            "cashAndShortTermInvestments": "175008000",
            "totalCurrentLiabilities": "80936000",
            "currentDebt": "None",
            "netIncome": "-6993000",
            "capitalExpenditures": "196000",
            "operatingCashflow": "4365000",
            "grossProfit": "36745000",
            "totalRevenue": "49013000",
            "sentiment": 0,
            "surprise": "0.05",
            "closePrice": "121.69"
        },
        {
            "fiscalDateEnding": "2021-06-30",
            "totalCurrentAssets": "205110000",
            "cashAndShortTermInvestments": "171481000",
            "totalCurrentLiabilities": "72973000",
            "currentDebt": "None",
            "netIncome": "-5442000",
            "capitalExpenditures": "293000",
            "operatingCashflow": "4355000",
            "grossProfit": "33530000",
            "totalRevenue": "44608000",
            "sentiment": 0,
            "surprise": "-0.0014",
            "closePrice": "89.31"
        },
        {
            "fiscalDateEnding": "2021-03-31",
            "totalCurrentAssets": "200868000",
            "cashAndShortTermInvestments": "167793000",
            "totalCurrentLiabilities": "67590000",
            "currentDebt": "None",
            "netIncome": "-6367000",
            "capitalExpenditures": "173000",
            "operatingCashflow": "3620000",
            "grossProfit": "30821000",
            "totalRevenue": "40746000",
            "sentiment": 0,
            "surprise": "0.05",
            "closePrice": "60.94"
        },
        {
            "fiscalDateEnding": "2020-12-31",
            "totalCurrentAssets": "199330000",
            "cashAndShortTermInvestments": "163879000",
            "totalCurrentLiabilities": "63577000",
            "currentDebt": "2155000",
            "netIncome": "-5876000",
            "capitalExpenditures": "1799000",
            "operatingCashflow": "-174000",
            "grossProfit": "27731000",
            "totalRevenue": "37193000",
            "sentiment": 0,
            "surprise": "0.05",
            "closePrice": "67.65"
        },
        {
            "fiscalDateEnding": "2020-09-30",
            "totalCurrentAssets": "193699000",
            "cashAndShortTermInvestments": "167272000",
            "totalCurrentLiabilities": "51654000",
            "currentDebt": "1904000",
            "netIncome": "-6997000",
            "capitalExpenditures": "1408000",
            "operatingCashflow": "-2633000",
            "grossProfit": "24892000",
            "totalRevenue": "33592000",
            "sentiment": 0,
            "surprise": "0.03",
            "closePrice": "43.74"
        },
        {
            "fiscalDateEnding": "2020-06-30",
            "totalCurrentAssets": "154424000",
            "cashAndShortTermInvestments": "129463000",
            "totalCurrentLiabilities": "49712000",
            "currentDebt": "1941000",
            "netIncome": "-8302000",
            "capitalExpenditures": "495000",
            "operatingCashflow": "-4042000",
            "grossProfit": "23082000",
            "totalRevenue": "31408000",
            "sentiment": 0,
            "surprise": "0.04",
            "closePrice": "31.44"
        },
        {
            "fiscalDateEnding": "2020-03-31",
            "totalCurrentAssets": "161140000",
            "cashAndShortTermInvestments": "137376000",
            "totalCurrentLiabilities": "47003000",
            "currentDebt": "2139000",
            "netIncome": "-10480000",
            "capitalExpenditures": "313000",
            "operatingCashflow": "-4503000",
            "grossProfit": "22327000",
            "totalRevenue": "30540000",
            "sentiment": 0,
            "surprise": "0.07",
            "closePrice": "18.01"
        }
    ]
}