{
    "SQ": [
        {
            "fiscalDateEnding": "2023-12-31",
            "totalCurrentAssets": "18857282000",
            "cashAndShortTermInvestments": "4996465000",
            "totalCurrentLiabilities": "9921629000",
            "currentDebt": "753035000",
            "netIncome": "178070000",
            "capitalExpenditures": "51694000",
            "operatingCashflow": "-797923000",
            "grossProfit": "2025752000",
            "totalRevenue": "5773042000",
            "sentiment": 0.24688302663734973,
            "surprise": "-0.14",
            "closePrice": "67.96"
        },
        {
            "fiscalDateEnding": "2023-09-30",
            "totalCurrentAssets": "17540600000",
            "cashAndShortTermInvestments": "5112293000",
            "totalCurrentLiabilities": "9192115000",
            "currentDebt": "51858000",
            "netIncome": "-28954000",
            "capitalExpenditures": "37682000",
            "operatingCashflow": "491165000",
            "grossProfit": "1898449000",
            "totalRevenue": "5617493000",
            "sentiment": 0.17377518806457284,
            "surprise": "0.08",
            "closePrice": "43.98"
        },
        {
            "fiscalDateEnding": "2023-06-30",
            "totalCurrentAssets": "15841096000",
            "cashAndShortTermInvestments": "5867714000",
            "totalCurrentLiabilities": "8239036000",
            "currentDebt": "530321000",
            "netIncome": "-122506000",
            "capitalExpenditures": "29522000",
            "operatingCashflow": "113318000",
            "grossProfit": "1866101000",
            "totalRevenue": "5534957000",
            "sentiment": 0.14652688286025847,
            "surprise": "0.03",
            "closePrice": "73.55"
        },
        {
            "fiscalDateEnding": "2023-03-31",
            "totalCurrentAssets": "15900479000",
            "cashAndShortTermInvestments": "6085201000",
            "totalCurrentLiabilities": "8706266000",
            "currentDebt": "765734000",
            "netIncome": "-16838000",
            "capitalExpenditures": "32253000",
            "operatingCashflow": "294401000",
            "grossProfit": "1714584000",
            "totalRevenue": "4990131000",
            "sentiment": 0.1279639101129534,
            "surprise": "0.06",
            "closePrice": "60.43"
        },
        {
            "fiscalDateEnding": "2022-12-31",
            "totalCurrentAssets": "15623405000",
            "cashAndShortTermInvestments": "5626053000",
            "totalCurrentLiabilities": "8434516000",
            "currentDebt": "938436000",
            "netIncome": "-113823000",
            "capitalExpenditures": "49106000",
            "operatingCashflow": "45369000",
            "grossProfit": "1660195000",
            "totalRevenue": "4650902000",
            "sentiment": 0.15922931529131454,
            "surprise": "-0.08",
            "closePrice": "74.15"
        },
        {
            "fiscalDateEnding": "2022-09-30",
            "totalCurrentAssets": "13548761000",
            "cashAndShortTermInvestments": "5384760000",
            "totalCurrentLiabilities": "7278565000",
            "currentDebt": "460170000",
            "netIncome": "-14711000",
            "capitalExpenditures": "36289000",
            "operatingCashflow": "15737000",
            "grossProfit": "1567089000",
            "totalRevenue": "4515541000",
            "sentiment": 0.13458801042236052,
            "surprise": "0.19",
            "closePrice": "53.91"
        },
        {
            "fiscalDateEnding": "2022-06-30",
            "totalCurrentAssets": "12526335000",
            "cashAndShortTermInvestments": "4959464000",
            "totalCurrentLiabilities": "6960986000",
            "currentDebt": "459984000",
            "netIncome": "-208014000",
            "capitalExpenditures": "44233000",
            "operatingCashflow": "-114626000",
            "grossProfit": "1469648000",
            "totalRevenue": "4404499000",
            "sentiment": -0.026868575900511216,
            "surprise": "0.01",
            "closePrice": "89.7"
        },
        {
            "fiscalDateEnding": "2022-03-31",
            "totalCurrentAssets": "11860684000",
            "cashAndShortTermInvestments": "4790314000",
            "totalCurrentLiabilities": "6030021000",
            "currentDebt": "124636000",
            "netIncome": "-204199000",
            "capitalExpenditures": "41187000",
            "operatingCashflow": "229423000",
            "grossProfit": "1294960000",
            "totalRevenue": "3960645000",
            "sentiment": 0.0011921156150934622,
            "surprise": "-0.03",
            "closePrice": "95.55"
        },
        {
            "fiscalDateEnding": "2021-12-31",
            "totalCurrentAssets": "11621524000",
            "cashAndShortTermInvestments": "5312952000",
            "totalCurrentLiabilities": "6535700000",
            "currentDebt": "455000",
            "netIncome": "-76829000",
            "capitalExpenditures": "36292000",
            "operatingCashflow": "194354000",
            "grossProfit": "1182043000",
            "totalRevenue": "4078534000",
            "sentiment": 0,
            "surprise": "0.05",
            "closePrice": "94.99"
        },
        {
            "fiscalDateEnding": "2021-09-30",
            "totalCurrentAssets": "10562037000",
            "cashAndShortTermInvestments": "5383418000",
            "totalCurrentLiabilities": "5549145000",
            "currentDebt": "4637000",
            "netIncome": "84000",
            "capitalExpenditures": "31400000",
            "operatingCashflow": "407322000",
            "grossProfit": "1133215000",
            "totalRevenue": "3844727000",
            "sentiment": 0,
            "surprise": "0",
            "closePrice": "247.46"
        },
        {
            "fiscalDateEnding": "2021-06-30",
            "totalCurrentAssets": "11000235000",
            "cashAndShortTermInvestments": "5596137000",
            "totalCurrentLiabilities": "5646770000",
            "currentDebt": "4681000",
            "netIncome": "204021000",
            "capitalExpenditures": "32479000",
            "operatingCashflow": "275347000",
            "grossProfit": "1141064000",
            "totalRevenue": "4680672000",
            "sentiment": 0,
            "surprise": "0.35",
            "closePrice": "272.38"
        },
        {
            "fiscalDateEnding": "2021-03-31",
            "totalCurrentAssets": "9318856000",
            "cashAndShortTermInvestments": "3995323000",
            "totalCurrentLiabilities": "5561102000",
            "currentDebt": "4687000",
            "netIncome": "39008000",
            "capitalExpenditures": "204149000",
            "operatingCashflow": "-29193000",
            "grossProfit": "963501000",
            "totalRevenue": "5057270000",
            "sentiment": 0,
            "surprise": "0.25",
            "closePrice": "223.96"
        },
        {
            "fiscalDateEnding": "2020-12-31",
            "totalCurrentAssets": "7761629000",
            "cashAndShortTermInvestments": "4229428000",
            "totalCurrentLiabilities": "4126104000",
            "currentDebt": "464094000",
            "netIncome": "293959000",
            "capitalExpenditures": "52049000",
            "operatingCashflow": "-87767000",
            "grossProfit": "803690000",
            "totalRevenue": "3158970000",
            "sentiment": 0,
            "surprise": "0.08",
            "closePrice": "256.59"
        },
        {
            "fiscalDateEnding": "2020-09-30",
            "totalCurrentAssets": "6491270000",
            "cashAndShortTermInvestments": "2881242000",
            "totalCurrentLiabilities": "3825711000",
            "currentDebt": "473496000",
            "netIncome": "36515000",
            "capitalExpenditures": "29792000",
            "operatingCashflow": "412710000",
            "grossProfit": "794455000",
            "totalRevenue": "3033874000",
            "sentiment": 0,
            "surprise": "0.18",
            "closePrice": "175.23"
        },
        {
            "fiscalDateEnding": "2020-06-30",
            "totalCurrentAssets": "6187070000",
            "cashAndShortTermInvestments": "2687110000",
            "totalCurrentLiabilities": "3632516000",
            "currentDebt": "447764000",
            "netIncome": "-11478000",
            "capitalExpenditures": "30424000",
            "operatingCashflow": "-273129000",
            "grossProfit": "596763000",
            "totalRevenue": "1923625000",
            "sentiment": 0,
            "surprise": "0.23",
            "closePrice": "136.83"
        },
        {
            "fiscalDateEnding": "2020-03-31",
            "totalCurrentAssets": "4389975000",
            "cashAndShortTermInvestments": "2484156000",
            "totalCurrentLiabilities": "2004658000",
            "currentDebt": "37335000",
            "netIncome": "-105891000",
            "capitalExpenditures": "26137000",
            "operatingCashflow": "121296000",
            "grossProfit": "538501000",
            "totalRevenue": "1381109000",
            "sentiment": 0,
            "surprise": "-0.15",
            "closePrice": "68.1"
        },
        {
            "fiscalDateEnding": "2019-12-31",
            "totalCurrentAssets": "3219801000",
            "cashAndShortTermInvestments": "1539574000",
            "totalCurrentLiabilities": "1694085000",
            "currentDebt": "27275000",
            "netIncome": "390940000",
            "capitalExpenditures": "16672000",
            "operatingCashflow": "-76953000",
            "grossProfit": "527049000",
            "totalRevenue": "1313429000",
            "sentiment": 0,
            "surprise": "0.02",
            "closePrice": "76.59"
        },
        {
            "fiscalDateEnding": "2019-09-30",
            "totalCurrentAssets": "2758766000",
            "cashAndShortTermInvestments": "1198579000",
            "totalCurrentLiabilities": "1644901000",
            "currentDebt": "25779000",
            "netIncome": "29397000",
            "capitalExpenditures": "15664000",
            "operatingCashflow": "238747000",
            "grossProfit": "500037000",
            "totalRevenue": "1266474000",
            "sentiment": 0,
            "surprise": "0.05",
            "closePrice": "61.34"
        },
        {
            "fiscalDateEnding": "2019-06-30",
            "totalCurrentAssets": "3528646000",
            "cashAndShortTermInvestments": "1215901000",
            "totalCurrentLiabilities": "2375594000",
            "currentDebt": "24955000",
            "netIncome": "-6740000",
            "capitalExpenditures": "11994000",
            "operatingCashflow": "133392000",
            "grossProfit": "465845000",
            "totalRevenue": "1174238000",
            "sentiment": 0,
            "surprise": "0.04",
            "closePrice": "80.98"
        },
        {
            "fiscalDateEnding": "2019-03-31",
            "totalCurrentAssets": "3266522000",
            "cashAndShortTermInvestments": "1119470000",
            "totalCurrentLiabilities": "2183559000",
            "currentDebt": "None",
            "netIncome": "-38151000",
            "capitalExpenditures": "18168000",
            "operatingCashflow": "32444000",
            "grossProfit": "396754000",
            "totalRevenue": "959359000",
            "sentiment": 0,
            "surprise": "0.03",
            "closePrice": "73.62"
        },
        {
            "fiscalDateEnding": "2018-12-31",
            "totalCurrentAssets": "2111905000",
            "cashAndShortTermInvestments": "1169506000",
            "totalCurrentLiabilities": "1018541000",
            "currentDebt": "5029000",
            "netIncome": "-28204000",
            "capitalExpenditures": "24030000",
            "operatingCashflow": "176420000",
            "grossProfit": "380054000",
            "totalRevenue": "932528000",
            "sentiment": 0,
            "surprise": "0.01",
            "closePrice": "79.32"
        },
        {
            "fiscalDateEnding": "2018-09-30",
            "totalCurrentAssets": "2877368000",
            "cashAndShortTermInvestments": "1232632000",
            "totalCurrentLiabilities": "1863537000",
            "currentDebt": "131106000",
            "netIncome": "19643000",
            "capitalExpenditures": "14030000",
            "operatingCashflow": "47628000",
            "grossProfit": "352660000",
            "totalRevenue": "882108000",
            "sentiment": 0,
            "surprise": "0.02",
            "closePrice": "82.69"
        },
        {
            "fiscalDateEnding": "2018-06-30",
            "totalCurrentAssets": "2869896000",
            "cashAndShortTermInvestments": "1621576000",
            "totalCurrentLiabilities": "1315910000",
            "currentDebt": "5190000",
            "netIncome": "-5906000",
            "capitalExpenditures": "15060000",
            "operatingCashflow": "18979000",
            "grossProfit": "315816000",
            "totalRevenue": "814938000",
            "sentiment": 0,
            "surprise": "0.02",
            "closePrice": "66.86"
        },
        {
            "fiscalDateEnding": "2018-03-31",
            "totalCurrentAssets": "1990383000",
            "cashAndShortTermInvestments": "938634000",
            "totalCurrentLiabilities": "1131732000",
            "currentDebt": "2654000",
            "netIncome": "-23986000",
            "capitalExpenditures": "9667000",
            "operatingCashflow": "52053000",
            "grossProfit": "255170000",
            "totalRevenue": "668603000",
            "sentiment": 0,
            "surprise": "0",
            "closePrice": "48.66"
        },
        {
            "fiscalDateEnding": "2017-12-31",
            "totalCurrentAssets": "1778294000",
            "cashAndShortTermInvestments": "866050000",
            "totalCurrentLiabilities": "972827000",
            "currentDebt": "2650000",
            "netIncome": "-15663000",
            "capitalExpenditures": "6472000",
            "operatingCashflow": "-2606000",
            "grossProfit": "239830000",
            "totalRevenue": "616035000",
            "sentiment": 0,
            "surprise": "0.01",
            "closePrice": "45.91"
        },
        {
            "fiscalDateEnding": "2017-09-30",
            "totalCurrentAssets": "1686877000",
            "cashAndShortTermInvestments": "868371000",
            "totalCurrentLiabilities": "930679000",
            "currentDebt": "1500000",
            "netIncome": "-16098000",
            "capitalExpenditures": "5742000",
            "operatingCashflow": "39727000",
            "grossProfit": "218616000",
            "totalRevenue": "585159000",
            "sentiment": 0,
            "surprise": "0.02",
            "closePrice": "36.71"
        },
        {
            "fiscalDateEnding": "2017-06-30",
            "totalCurrentAssets": "1437917000",
            "cashAndShortTermInvestments": "920276000",
            "totalCurrentLiabilities": "624928000",
            "currentDebt": "1511000",
            "netIncome": "-15962000",
            "capitalExpenditures": "7375000",
            "operatingCashflow": "46592000",
            "grossProfit": "207429000",
            "totalRevenue": "551505000",
            "sentiment": 0,
            "surprise": "0.01",
            "closePrice": "26.46"
        },
        {
            "fiscalDateEnding": "2017-03-31",
            "totalCurrentAssets": "1343355000",
            "cashAndShortTermInvestments": "891250000",
            "totalCurrentLiabilities": "554896000",
            "currentDebt": "1524000",
            "netIncome": "-15090000",
            "capitalExpenditures": "6508000",
            "operatingCashflow": "43998000",
            "grossProfit": "173431000",
            "totalRevenue": "461554000",
            "sentiment": 0,
            "surprise": "0.03",
            "closePrice": "18.28"
        },
        {
            "fiscalDateEnding": "2016-12-31",
            "totalCurrentAssets": "1001425000",
            "cashAndShortTermInvestments": "511931000",
            "totalCurrentLiabilities": "577464000",
            "currentDebt": "691000",
            "netIncome": "-15167000",
            "capitalExpenditures": "5759000",
            "operatingCashflow": "-104000",
            "grossProfit": "166525000",
            "totalRevenue": "451917000",
            "sentiment": 0,
            "surprise": "0.05",
            "closePrice": "15.04"
        },
        {
            "fiscalDateEnding": "2016-09-30",
            "totalCurrentAssets": "843027000",
            "cashAndShortTermInvestments": "514327000",
            "totalCurrentLiabilities": "486024000",
            "currentDebt": "458000",
            "netIncome": "-32323000",
            "capitalExpenditures": "3834000",
            "operatingCashflow": "55773000",
            "grossProfit": "150314000",
            "totalRevenue": "439002000",
            "sentiment": 0,
            "surprise": "0.02",
            "closePrice": "11.07"
        },
        {
            "fiscalDateEnding": "2016-06-30",
            "totalCurrentAssets": "721028000",
            "cashAndShortTermInvestments": "403427000",
            "totalCurrentLiabilities": "411469000",
            "currentDebt": "62000",
            "netIncome": "-27345000",
            "capitalExpenditures": "8313000",
            "operatingCashflow": "-18789000",
            "grossProfit": "148959000",
            "totalRevenue": "438533000",
            "sentiment": 0,
            "surprise": "0.03",
            "closePrice": "10.44"
        },
        {
            "fiscalDateEnding": "2016-03-31",
            "totalCurrentAssets": "720052000",
            "cashAndShortTermInvestments": "414093000",
            "totalCurrentLiabilities": "449932000",
            "currentDebt": "61000",
            "netIncome": "-96755000",
            "capitalExpenditures": "7927000",
            "operatingCashflow": "-13749000",
            "grossProfit": "110240000",
            "totalRevenue": "379269000",
            "sentiment": 0,
            "surprise": "-0.05",
            "closePrice": "13.05"
        }
    ]
}