{
    "SQSP": [
        {
            "fiscalDateEnding": "2023-12-31",
            "totalCurrentAssets": "374215000",
            "cashAndShortTermInvestments": "257702000",
            "totalCurrentLiabilities": "549778000",
            "currentDebt": "48977000",
            "netIncome": "5256000",
            "capitalExpenditures": "3857000",
            "operatingCashflow": "61090000",
            "grossProfit": "201068000",
            "totalRevenue": "270718000",
            "sentiment": 0.29995057622303284,
            "surprise": "-0.1",
            "closePrice": "33.4"
        },
        {
            "fiscalDateEnding": "2023-09-30",
            "totalCurrentAssets": "340824000",
            "cashAndShortTermInvestments": "216464000",
            "totalCurrentLiabilities": "545434000",
            "currentDebt": "48977000",
            "netIncome": "-16499000",
            "capitalExpenditures": "5974000",
            "operatingCashflow": "53325000",
            "grossProfit": "205308000",
            "totalRevenue": "257061000",
            "sentiment": 0.2638319306002533,
            "surprise": "-0.25",
            "closePrice": "29.65"
        },
        {
            "fiscalDateEnding": "2023-06-30",
            "totalCurrentAssets": "372359000",
            "cashAndShortTermInvestments": "274004000",
            "totalCurrentLiabilities": "486241000",
            "currentDebt": "40758000",
            "netIncome": "3660000",
            "capitalExpenditures": "4092000",
            "operatingCashflow": "52547000",
            "grossProfit": "204362000",
            "totalRevenue": "247529000",
            "sentiment": 0.3369815776832936,
            "surprise": "-0.1",
            "closePrice": "30.72"
        },
        {
            "fiscalDateEnding": "2023-03-31",
            "totalCurrentAssets": "356465000",
            "cashAndShortTermInvestments": "239327000",
            "totalCurrentLiabilities": "488872000",
            "currentDebt": "40758000",
            "netIncome": "502000",
            "capitalExpenditures": "3075000",
            "operatingCashflow": "64155000",
            "grossProfit": "194078000",
            "totalRevenue": "237028000",
            "sentiment": 0.2067070251798767,
            "surprise": "0.2113",
            "closePrice": "27.65"
        },
        {
            "fiscalDateEnding": "2022-12-31",
            "totalCurrentAssets": "327893000",
            "cashAndShortTermInvestments": "228794000",
            "totalCurrentLiabilities": "438153000",
            "currentDebt": "40758000",
            "netIncome": "-233962000",
            "capitalExpenditures": "2691000",
            "operatingCashflow": "39102000",
            "grossProfit": "188706000",
            "totalRevenue": "228812000",
            "sentiment": 0.23367665949337013,
            "surprise": "-1.84",
            "closePrice": "27.54"
        },
        {
            "fiscalDateEnding": "2022-09-30",
            "totalCurrentAssets": "328767000",
            "cashAndShortTermInvestments": "228228000",
            "totalCurrentLiabilities": "427497000",
            "currentDebt": "32627000",
            "netIncome": "10105000",
            "capitalExpenditures": "3117000",
            "operatingCashflow": "41434000",
            "grossProfit": "178789000",
            "totalRevenue": "217696000",
            "sentiment": 0.07301517902071802,
            "surprise": "-0.04",
            "closePrice": "19.55"
        },
        {
            "fiscalDateEnding": "2022-06-30",
            "totalCurrentAssets": "348999000",
            "cashAndShortTermInvestments": "247255000",
            "totalCurrentLiabilities": "423547000",
            "currentDebt": "26280000",
            "netIncome": "64496000",
            "capitalExpenditures": "2376000",
            "operatingCashflow": "36413000",
            "grossProfit": "175709000",
            "totalRevenue": "212702000",
            "sentiment": -0.0022944415862153457,
            "surprise": "0.29",
            "closePrice": "19.32"
        },
        {
            "fiscalDateEnding": "2022-03-31",
            "totalCurrentAssets": "337301000",
            "cashAndShortTermInvestments": "258383000",
            "totalCurrentLiabilities": "452153000",
            "currentDebt": "19933000",
            "netIncome": "-92860000",
            "capitalExpenditures": "3359000",
            "operatingCashflow": "47270000",
            "grossProfit": "171113000",
            "totalRevenue": "207762000",
            "sentiment": 0.06406271269848632,
            "surprise": "-0.79",
            "closePrice": "21.44"
        },
        {
            "fiscalDateEnding": "2021-12-31",
            "totalCurrentAssets": "342032000",
            "cashAndShortTermInvestments": "234703000",
            "totalCurrentLiabilities": "367211000",
            "currentDebt": "13586000",
            "netIncome": "-16310000",
            "capitalExpenditures": "4277000",
            "operatingCashflow": "14990000",
            "grossProfit": "173566000",
            "totalRevenue": "207420000",
            "sentiment": 0,
            "surprise": "-0.065",
            "closePrice": "23.89"
        },
        {
            "fiscalDateEnding": "2021-09-30",
            "totalCurrentAssets": "329984000",
            "cashAndShortTermInvestments": "232080000",
            "totalCurrentLiabilities": "371269000",
            "currentDebt": "13586000",
            "netIncome": "2839000",
            "capitalExpenditures": "4329000",
            "operatingCashflow": "49344000",
            "grossProfit": "168094000",
            "totalRevenue": "200962000",
            "sentiment": 0,
            "surprise": "0.02",
            "closePrice": "46.32"
        },
        {
            "fiscalDateEnding": "2021-06-30",
            "totalCurrentAssets": "283487000",
            "cashAndShortTermInvestments": "196724000",
            "totalCurrentLiabilities": "360764000",
            "currentDebt": "13586000",
            "netIncome": "-234532000",
            "capitalExpenditures": "1758000",
            "operatingCashflow": "8692000",
            "grossProfit": "163509000",
            "totalRevenue": "196010000",
            "sentiment": 0,
            "surprise": "0.25",
            "closePrice": "49.5"
        }
    ]
}