{
    "SSNC": [
        {
            "fiscalDateEnding": "2023-12-31",
            "totalCurrentAssets": "4051500000",
            "cashAndShortTermInvestments": "432200000",
            "totalCurrentLiabilities": "3771900000",
            "currentDebt": "51500000",
            "netIncome": "194400000",
            "capitalExpenditures": "69900000",
            "operatingCashflow": "388400000",
            "grossProfit": "719300000",
            "totalRevenue": "936700000",
            "sentiment": 0.30401984369068863,
            "surprise": "0.02",
            "closePrice": "59.9244375"
        },
        {
            "fiscalDateEnding": "2023-09-30",
            "totalCurrentAssets": "2268400000",
            "cashAndShortTermInvestments": "447600000",
            "totalCurrentLiabilities": "1989100000",
            "currentDebt": "127300000",
            "netIncome": "156000000",
            "capitalExpenditures": "60200000",
            "operatingCashflow": "242500000",
            "grossProfit": "654400000",
            "totalRevenue": "1365300000",
            "sentiment": 0.2979128611929326,
            "surprise": "0",
            "closePrice": "49.045376920354"
        },
        {
            "fiscalDateEnding": "2023-06-30",
            "totalCurrentAssets": "1748800000",
            "cashAndShortTermInvestments": "439700000",
            "totalCurrentLiabilities": "1468900000",
            "currentDebt": "53800000",
            "netIncome": "130700000",
            "capitalExpenditures": "68300000",
            "operatingCashflow": "329400000",
            "grossProfit": "641100000",
            "totalRevenue": "1362600000",
            "sentiment": 0.37204964150178294,
            "surprise": "-0.04",
            "closePrice": "60.7057811284567"
        },
        {
            "fiscalDateEnding": "2023-03-31",
            "totalCurrentAssets": "1877200000",
            "cashAndShortTermInvestments": "433300000",
            "totalCurrentLiabilities": "1649200000",
            "currentDebt": "129400000",
            "netIncome": "126000000",
            "capitalExpenditures": "53100000",
            "operatingCashflow": "254800000",
            "grossProfit": "637000000",
            "totalRevenue": "1355700000",
            "sentiment": 0.29575823713222926,
            "surprise": "-0.03",
            "closePrice": "55.0129255039497"
        },
        {
            "fiscalDateEnding": "2022-12-31",
            "totalCurrentAssets": "2424400000",
            "cashAndShortTermInvestments": "440100000",
            "totalCurrentLiabilities": "2190800000",
            "currentDebt": "55700000",
            "netIncome": "207500000",
            "capitalExpenditures": "46800000",
            "operatingCashflow": "369700000",
            "grossProfit": "647400000",
            "totalRevenue": "1094600000",
            "sentiment": 0.19247048531757918,
            "surprise": "0",
            "closePrice": "60.4666721763144"
        },
        {
            "fiscalDateEnding": "2022-09-30",
            "totalCurrentAssets": "2472300000",
            "cashAndShortTermInvestments": "401900000",
            "totalCurrentLiabilities": "2197600000",
            "currentDebt": "57400000",
            "netIncome": "160000000",
            "capitalExpenditures": "75600000",
            "operatingCashflow": "317100000",
            "grossProfit": "623800000",
            "totalRevenue": "1320000000",
            "sentiment": 0.15858627745895892,
            "surprise": "-0.03",
            "closePrice": "48.2995959459653"
        },
        {
            "fiscalDateEnding": "2022-06-30",
            "totalCurrentAssets": "3085900000",
            "cashAndShortTermInvestments": "438300000",
            "totalCurrentLiabilities": "2775800000",
            "currentDebt": "57800000",
            "netIncome": "110600000",
            "capitalExpenditures": "50300000",
            "operatingCashflow": "264000000",
            "grossProfit": "624300000",
            "totalRevenue": "1325400000",
            "sentiment": -0.04786407033985514,
            "surprise": "-0.09",
            "closePrice": "59.9201277947278"
        },
        {
            "fiscalDateEnding": "2022-03-31",
            "totalCurrentAssets": "4127700000",
            "cashAndShortTermInvestments": "558100000",
            "totalCurrentLiabilities": "3806100000",
            "currentDebt": "146700000",
            "netIncome": "172100000",
            "capitalExpenditures": "35600000",
            "operatingCashflow": "183500000",
            "grossProfit": "619800000",
            "totalRevenue": "1294900000",
            "sentiment": 0.08143024446934047,
            "surprise": "0",
            "closePrice": "67.0241527886389"
        },
        {
            "fiscalDateEnding": "2021-12-31",
            "totalCurrentAssets": "4252200000",
            "cashAndShortTermInvestments": "564000000",
            "totalCurrentLiabilities": "3851100000",
            "currentDebt": "47400000",
            "netIncome": "250900000",
            "capitalExpenditures": "40400000",
            "operatingCashflow": "484100000",
            "grossProfit": "631200000",
            "totalRevenue": "1158400000",
            "sentiment": 0,
            "surprise": "0.05",
            "closePrice": "77.9319311771412"
        },
        {
            "fiscalDateEnding": "2021-09-30",
            "totalCurrentAssets": "3776400000",
            "cashAndShortTermInvestments": "351100000",
            "totalCurrentLiabilities": "3571900000",
            "currentDebt": "91300000",
            "netIncome": "184400000",
            "capitalExpenditures": "36500000",
            "operatingCashflow": "382600000",
            "grossProfit": "624000000",
            "totalRevenue": "1262400000",
            "sentiment": 0,
            "surprise": "0.13",
            "closePrice": "73.0833057452104"
        },
        {
            "fiscalDateEnding": "2021-06-30",
            "totalCurrentAssets": "4127800000",
            "cashAndShortTermInvestments": "247100000",
            "totalCurrentLiabilities": "3944800000",
            "currentDebt": "55200000",
            "netIncome": "189800000",
            "capitalExpenditures": "28300000",
            "operatingCashflow": "376600000",
            "grossProfit": "595000000",
            "totalRevenue": "1257500000",
            "sentiment": 0,
            "surprise": "0.1",
            "closePrice": "72.2737984455221"
        },
        {
            "fiscalDateEnding": "2021-03-31",
            "totalCurrentAssets": "3199200000",
            "cashAndShortTermInvestments": "253700000",
            "totalCurrentLiabilities": "3133300000",
            "currentDebt": "178200000",
            "netIncome": "174900000",
            "capitalExpenditures": "31400000",
            "operatingCashflow": "185700000",
            "grossProfit": "559100000",
            "totalRevenue": "1233100000",
            "sentiment": 0,
            "surprise": "0.08",
            "closePrice": "69.232890335322"
        },
        {
            "fiscalDateEnding": "2020-12-31",
            "totalCurrentAssets": "2298500000",
            "cashAndShortTermInvestments": "209300000",
            "totalCurrentLiabilities": "2283300000",
            "currentDebt": "53900000",
            "netIncome": "197100000",
            "capitalExpenditures": "26400000",
            "operatingCashflow": "429600000",
            "grossProfit": "550600000",
            "totalRevenue": "984500000",
            "sentiment": 0,
            "surprise": "0.08",
            "closePrice": "65.5936712585397"
        },
        {
            "fiscalDateEnding": "2020-09-30",
            "totalCurrentAssets": "1821700000",
            "cashAndShortTermInvestments": "184500000",
            "totalCurrentLiabilities": "1738900000",
            "currentDebt": "77800000",
            "netIncome": "159400000",
            "capitalExpenditures": "28100000",
            "operatingCashflow": "199400000",
            "grossProfit": "523900000",
            "totalRevenue": "1159400000",
            "sentiment": 0,
            "surprise": "0.11",
            "closePrice": "58.0415126190072"
        },
        {
            "fiscalDateEnding": "2020-06-30",
            "totalCurrentAssets": "1943800000",
            "cashAndShortTermInvestments": "261900000",
            "totalCurrentLiabilities": "1800000000",
            "currentDebt": "71800000",
            "netIncome": "169500000",
            "capitalExpenditures": "25400000",
            "operatingCashflow": "408000000",
            "grossProfit": "511300000",
            "totalRevenue": "1144400000",
            "sentiment": 0,
            "surprise": "0.14",
            "closePrice": "53.8737381056401"
        },
        {
            "fiscalDateEnding": "2020-03-31",
            "totalCurrentAssets": "2336700000",
            "cashAndShortTermInvestments": "373700000",
            "totalCurrentLiabilities": "2209300000",
            "currentDebt": "320000000",
            "netIncome": "99200000",
            "capitalExpenditures": "26500000",
            "operatingCashflow": "147700000",
            "grossProfit": "508000000",
            "totalRevenue": "1168500000",
            "sentiment": 0,
            "surprise": "0.07",
            "closePrice": "52.5757744757919"
        },
        {
            "fiscalDateEnding": "2019-12-31",
            "totalCurrentAssets": "2785900000",
            "cashAndShortTermInvestments": "152800000",
            "totalCurrentLiabilities": "2776200000",
            "currentDebt": "76300000",
            "netIncome": "141600000",
            "capitalExpenditures": "31300000",
            "operatingCashflow": "573300000",
            "grossProfit": "545500000",
            "totalRevenue": "1203500000",
            "sentiment": 0,
            "surprise": "0.11",
            "closePrice": "61.9391810167805"
        },
        {
            "fiscalDateEnding": "2019-09-30",
            "totalCurrentAssets": "2055100000",
            "cashAndShortTermInvestments": "157500000",
            "totalCurrentLiabilities": "1899100000",
            "currentDebt": "61100000",
            "netIncome": "95000000",
            "capitalExpenditures": "39600000",
            "operatingCashflow": "338400000",
            "grossProfit": "501500000",
            "totalRevenue": "1142000000",
            "sentiment": 0,
            "surprise": "0.04",
            "closePrice": "49.3592039649439"
        },
        {
            "fiscalDateEnding": "2019-06-30",
            "totalCurrentAssets": "2003700000",
            "cashAndShortTermInvestments": "131300000",
            "totalCurrentLiabilities": "1830900000",
            "currentDebt": "63200000",
            "netIncome": "121100000",
            "capitalExpenditures": "26800000",
            "operatingCashflow": "279200000",
            "grossProfit": "498900000",
            "totalRevenue": "1148000000",
            "sentiment": 0,
            "surprise": "0",
            "closePrice": "56.5265015749661"
        },
        {
            "fiscalDateEnding": "2019-03-31",
            "totalCurrentAssets": "1977100000",
            "cashAndShortTermInvestments": "154600000",
            "totalCurrentLiabilities": "1762100000",
            "currentDebt": "85800000",
            "netIncome": "80800000",
            "capitalExpenditures": "32700000",
            "operatingCashflow": "137400000",
            "grossProfit": "475300000",
            "totalRevenue": "1127600000",
            "sentiment": 0,
            "surprise": "0.04",
            "closePrice": "63.9591700087783"
        },
        {
            "fiscalDateEnding": "2018-12-31",
            "totalCurrentAssets": "2048100000",
            "cashAndShortTermInvestments": "166700000",
            "totalCurrentLiabilities": "1921800000",
            "currentDebt": "87500000",
            "netIncome": "58700000",
            "capitalExpenditures": "31300000",
            "operatingCashflow": "317700000",
            "grossProfit": "473000000",
            "totalRevenue": "1111000000",
            "sentiment": 0,
            "surprise": "0.1",
            "closePrice": "53.1719990157786"
        },
        {
            "fiscalDateEnding": "2018-09-30",
            "totalCurrentAssets": "2136800000",
            "cashAndShortTermInvestments": "732200000",
            "totalCurrentLiabilities": "1355600000",
            "currentDebt": "71100000",
            "netIncome": "57000000",
            "capitalExpenditures": "18900000",
            "operatingCashflow": "202700000",
            "grossProfit": "412300000",
            "totalRevenue": "914300000",
            "sentiment": 0,
            "surprise": "0.05",
            "closePrice": "48.2037593161918"
        },
        {
            "fiscalDateEnding": "2018-06-30",
            "totalCurrentAssets": "2348300000",
            "cashAndShortTermInvestments": "785100000",
            "totalCurrentLiabilities": "1538800000",
            "currentDebt": "73300000",
            "netIncome": "-63700000",
            "capitalExpenditures": "27792000",
            "operatingCashflow": "49800000",
            "grossProfit": "292300000",
            "totalRevenue": "781200000",
            "sentiment": 0,
            "surprise": "0.07",
            "closePrice": "51.1404819430118"
        },
        {
            "fiscalDateEnding": "2018-03-31",
            "totalCurrentAssets": "386197000",
            "cashAndShortTermInvestments": "74077000",
            "totalCurrentLiabilities": "374869000",
            "currentDebt": "37338000",
            "netIncome": "51200000",
            "capitalExpenditures": "11108000",
            "operatingCashflow": "69900000",
            "grossProfit": "192400000",
            "totalRevenue": "421929000",
            "sentiment": 0,
            "surprise": "-0.01",
            "closePrice": "46.9733647975591"
        },
        {
            "fiscalDateEnding": "2017-12-31",
            "totalCurrentAssets": "359400000",
            "cashAndShortTermInvestments": "64057000",
            "totalCurrentLiabilities": "443600000",
            "currentDebt": "37863000",
            "netIncome": "165400000",
            "capitalExpenditures": "8027000",
            "operatingCashflow": "163300000",
            "grossProfit": "213000000",
            "totalRevenue": "438365000",
            "sentiment": 0,
            "surprise": "0.01",
            "closePrice": "47.1791737358133"
        },
        {
            "fiscalDateEnding": "2017-09-30",
            "totalCurrentAssets": "389068000",
            "cashAndShortTermInvestments": "103279000",
            "totalCurrentLiabilities": "406066000",
            "currentDebt": "39527000",
            "netIncome": "64200000",
            "capitalExpenditures": "12943000",
            "operatingCashflow": "113300000",
            "grossProfit": "198400000",
            "totalRevenue": "418251000",
            "sentiment": 0,
            "surprise": "0",
            "closePrice": "39.4086834591959"
        },
        {
            "fiscalDateEnding": "2017-06-30",
            "totalCurrentAssets": "378968000",
            "cashAndShortTermInvestments": "90370000",
            "totalCurrentLiabilities": "423974000",
            "currentDebt": "37183000",
            "netIncome": "51100000",
            "capitalExpenditures": "15737000",
            "operatingCashflow": "82150000",
            "grossProfit": "187300000",
            "totalRevenue": "410980000",
            "sentiment": 0,
            "surprise": "0",
            "closePrice": "36.727962188295"
        },
        {
            "fiscalDateEnding": "2017-03-31",
            "totalCurrentAssets": "407396000",
            "cashAndShortTermInvestments": "108842000",
            "totalCurrentLiabilities": "477915000",
            "currentDebt": "100812000",
            "netIncome": "48100000",
            "capitalExpenditures": "9267000",
            "operatingCashflow": "144049000",
            "grossProfit": "190200000",
            "totalRevenue": "407699000",
            "sentiment": 0,
            "surprise": "0",
            "closePrice": "35.1450221746419"
        },
        {
            "fiscalDateEnding": "2016-12-31",
            "totalCurrentAssets": "415112000",
            "cashAndShortTermInvestments": "117558000",
            "totalCurrentLiabilities": "560625000",
            "currentDebt": "126144000",
            "netIncome": "57023000",
            "capitalExpenditures": "12540000",
            "operatingCashflow": "-55632000",
            "grossProfit": "195625000",
            "totalRevenue": "400924000",
            "sentiment": 0,
            "surprise": "0.02",
            "closePrice": "30.5731565312059"
        },
        {
            "fiscalDateEnding": "2016-09-30",
            "totalCurrentAssets": "413907000",
            "cashAndShortTermInvestments": "101800000",
            "totalCurrentLiabilities": "415822000",
            "currentDebt": "29813000",
            "netIncome": "38747000",
            "capitalExpenditures": "8108000",
            "operatingCashflow": "38747000",
            "grossProfit": "175277000",
            "totalRevenue": "383304000",
            "sentiment": 0,
            "surprise": "0.01",
            "closePrice": "29.7012448253935"
        },
        {
            "fiscalDateEnding": "2016-06-30",
            "totalCurrentAssets": "409385000",
            "cashAndShortTermInvestments": "95222000",
            "totalCurrentLiabilities": "413882000",
            "currentDebt": "16166000",
            "netIncome": "28221000",
            "capitalExpenditures": "11922000",
            "operatingCashflow": "23239000",
            "grossProfit": "162598000",
            "totalRevenue": "373077000",
            "sentiment": 0,
            "surprise": "0.01",
            "closePrice": "29.0875343605534"
        },
        {
            "fiscalDateEnding": "2016-03-31",
            "totalCurrentAssets": "436689000",
            "cashAndShortTermInvestments": "101826000",
            "totalCurrentLiabilities": "402334000",
            "currentDebt": "32062000",
            "netIncome": "7005000",
            "capitalExpenditures": "4977000",
            "operatingCashflow": "63537000",
            "grossProfit": "147447000",
            "totalRevenue": "324131000",
            "sentiment": 0,
            "surprise": "0.01",
            "closePrice": "28.4589298287411"
        },
        {
            "fiscalDateEnding": "2015-12-31",
            "totalCurrentAssets": "675066000",
            "cashAndShortTermInvestments": "434159000",
            "totalCurrentLiabilities": "416718000",
            "currentDebt": "32281000",
            "netIncome": "12098000",
            "capitalExpenditures": "5041000",
            "operatingCashflow": "48302000",
            "grossProfit": "142212000",
            "totalRevenue": "300888000",
            "sentiment": 0,
            "surprise": "0.01",
            "closePrice": "25.5638125180219"
        },
        {
            "fiscalDateEnding": "2015-09-30",
            "totalCurrentAssets": "723971000",
            "cashAndShortTermInvestments": "503810000",
            "totalCurrentLiabilities": "337883000",
            "currentDebt": "33000000",
            "netIncome": "-34610000",
            "capitalExpenditures": "5290000",
            "operatingCashflow": "-34610000",
            "grossProfit": "129030000",
            "totalRevenue": "280894000",
            "sentiment": 0,
            "surprise": "0.03",
            "closePrice": "34.3502976440527"
        },
        {
            "fiscalDateEnding": "2015-06-30",
            "totalCurrentAssets": "847755000",
            "cashAndShortTermInvestments": "729808000",
            "totalCurrentLiabilities": "150697000",
            "currentDebt": "17224000",
            "netIncome": "39128000",
            "capitalExpenditures": "4365000",
            "operatingCashflow": "39128000",
            "grossProfit": "103265000",
            "totalRevenue": "212768000",
            "sentiment": 0,
            "surprise": "0.01",
            "closePrice": "30.4978689548683"
        },
        {
            "fiscalDateEnding": "2015-03-31",
            "totalCurrentAssets": "219830000",
            "cashAndShortTermInvestments": "88330000",
            "totalCurrentLiabilities": "168517000",
            "currentDebt": "19061000",
            "netIncome": "26246000",
            "capitalExpenditures": "3177000",
            "operatingCashflow": "84269000",
            "grossProfit": "93428000",
            "totalRevenue": "205735000",
            "sentiment": 0,
            "surprise": "0",
            "closePrice": "28.6607972904249"
        },
        {
            "fiscalDateEnding": "2014-12-31",
            "totalCurrentAssets": "235172000",
            "cashAndShortTermInvestments": "109577000",
            "totalCurrentLiabilities": "191595000",
            "currentDebt": "20470000",
            "netIncome": "36607000",
            "capitalExpenditures": "3990000",
            "operatingCashflow": "53595000",
            "grossProfit": "95115000",
            "totalRevenue": "221141000",
            "sentiment": 0,
            "surprise": "0",
            "closePrice": "28.4284981654874"
        },
        {
            "fiscalDateEnding": "2014-09-30",
            "totalCurrentAssets": "198851000",
            "cashAndShortTermInvestments": "76557000",
            "totalCurrentLiabilities": "147278000",
            "currentDebt": "21641000",
            "netIncome": "40827000",
            "capitalExpenditures": "3403000",
            "operatingCashflow": "41127000",
            "grossProfit": "91215000",
            "totalRevenue": "186527000",
            "sentiment": 0,
            "surprise": "0.02",
            "closePrice": "21.3583731903264"
        },
        {
            "fiscalDateEnding": "2014-06-30",
            "totalCurrentAssets": "200026000",
            "cashAndShortTermInvestments": "74997000",
            "totalCurrentLiabilities": "142369000",
            "currentDebt": "23814000",
            "netIncome": "27245000",
            "capitalExpenditures": "7550000",
            "operatingCashflow": "27545000",
            "grossProfit": "86489000",
            "totalRevenue": "182153000",
            "sentiment": 0,
            "surprise": "0",
            "closePrice": "19.8164340803992"
        },
        {
            "fiscalDateEnding": "2014-03-31",
            "totalCurrentAssets": "201162000",
            "cashAndShortTermInvestments": "79848000",
            "totalCurrentLiabilities": "140104000",
            "currentDebt": "23306000",
            "netIncome": "26448000",
            "capitalExpenditures": "3614000",
            "operatingCashflow": "38554000",
            "grossProfit": "84311000",
            "totalRevenue": "178659000",
            "sentiment": 0,
            "surprise": "0.01",
            "closePrice": "17.4417563413719"
        },
        {
            "fiscalDateEnding": "2013-12-31",
            "totalCurrentAssets": "221176000",
            "cashAndShortTermInvestments": "86930000",
            "totalCurrentLiabilities": "167002000",
            "currentDebt": "23212000",
            "netIncome": "26881000",
            "capitalExpenditures": "2817000",
            "operatingCashflow": "53993000",
            "grossProfit": "84119000",
            "totalRevenue": "182522000",
            "sentiment": 0,
            "surprise": "0.01",
            "closePrice": "17.858125655922"
        },
        {
            "fiscalDateEnding": "2013-09-30",
            "totalCurrentAssets": "217403000",
            "cashAndShortTermInvestments": "84035000",
            "totalCurrentLiabilities": "161593000",
            "currentDebt": "21782000",
            "netIncome": "43466000",
            "capitalExpenditures": "3351000",
            "operatingCashflow": "84271000",
            "grossProfit": "83310000",
            "totalRevenue": "170469000",
            "sentiment": 0,
            "surprise": "0.01",
            "closePrice": "17.9816638041951"
        },
        {
            "fiscalDateEnding": "2013-06-30",
            "totalCurrentAssets": "212341000",
            "cashAndShortTermInvestments": "63046000",
            "totalCurrentLiabilities": "143867000",
            "currentDebt": "None",
            "netIncome": "26119000",
            "capitalExpenditures": "5906000",
            "operatingCashflow": "49362000",
            "grossProfit": "80696000",
            "totalRevenue": "165673000",
            "sentiment": 0,
            "surprise": "0.01",
            "closePrice": "16.5220834597833"
        },
        {
            "fiscalDateEnding": "2013-03-31",
            "totalCurrentAssets": "205386000",
            "cashAndShortTermInvestments": "71298000",
            "totalCurrentLiabilities": "132314000",
            "currentDebt": "21384000",
            "netIncome": "21429000",
            "capitalExpenditures": "2246000",
            "operatingCashflow": "20643000",
            "grossProfit": "75777000",
            "totalRevenue": "160720000",
            "sentiment": 0,
            "surprise": "0.02",
            "closePrice": "13.8225461456675"
        },
        {
            "fiscalDateEnding": "2012-12-31",
            "totalCurrentAssets": "206917000",
            "cashAndShortTermInvestments": "88620000",
            "totalCurrentLiabilities": "160252000",
            "currentDebt": "22248000",
            "netIncome": "16082000",
            "capitalExpenditures": "8813000",
            "operatingCashflow": "73756000",
            "grossProfit": "75528000",
            "totalRevenue": "171755000",
            "sentiment": 0,
            "surprise": "0.01",
            "closePrice": "10.4229593246709"
        },
        {
            "fiscalDateEnding": "2012-09-30",
            "totalCurrentAssets": "208652000",
            "cashAndShortTermInvestments": "82715000",
            "totalCurrentLiabilities": "141163000",
            "currentDebt": "23406000",
            "netIncome": "17615000",
            "capitalExpenditures": "4340000",
            "operatingCashflow": "24993000",
            "grossProfit": "71824000",
            "totalRevenue": "151836000",
            "sentiment": 0,
            "surprise": "0.02",
            "closePrice": "10.8027247434363"
        },
        {
            "fiscalDateEnding": "2012-06-30",
            "totalCurrentAssets": "134472000",
            "cashAndShortTermInvestments": "134472000",
            "totalCurrentLiabilities": "55850000",
            "currentDebt": "55850000",
            "netIncome": "-5760000",
            "capitalExpenditures": "3822000",
            "operatingCashflow": "22535000",
            "grossProfit": "57750000",
            "totalRevenue": "112010000",
            "sentiment": 0,
            "surprise": "0.01",
            "closePrice": "11.5714065549133"
        },
        {
            "fiscalDateEnding": "2012-03-31",
            "totalCurrentAssets": "265491000",
            "cashAndShortTermInvestments": "43093000",
            "totalCurrentLiabilities": "188009000",
            "currentDebt": "55850000",
            "netIncome": "17883000",
            "capitalExpenditures": "1317000",
            "operatingCashflow": "13138000",
            "grossProfit": "46823000",
            "totalRevenue": "93125000",
            "sentiment": 0,
            "surprise": "0",
            "closePrice": "10.6929130560824"
        },
        {
            "fiscalDateEnding": "2011-12-31",
            "totalCurrentAssets": "95559000",
            "cashAndShortTermInvestments": "41467000",
            "totalCurrentLiabilities": "84488000",
            "currentDebt": "0",
            "netIncome": "13260000",
            "capitalExpenditures": "1785000",
            "operatingCashflow": "38828000",
            "grossProfit": "48018000",
            "totalRevenue": "97595000",
            "sentiment": 0,
            "surprise": "0",
            "closePrice": "8.68884976187443"
        },
        {
            "fiscalDateEnding": "2011-09-30",
            "totalCurrentAssets": "135564000",
            "cashAndShortTermInvestments": "76175000",
            "totalCurrentLiabilities": "77748000",
            "currentDebt": "1195000",
            "netIncome": "14899000",
            "capitalExpenditures": "1335000",
            "operatingCashflow": "30525000",
            "grossProfit": "47844000",
            "totalRevenue": "94323000",
            "sentiment": 0,
            "surprise": "0.01",
            "closePrice": "7.42143987033193"
        },
        {
            "fiscalDateEnding": "2011-06-30",
            "totalCurrentAssets": "143782000",
            "cashAndShortTermInvestments": "82642000",
            "totalCurrentLiabilities": "76299000",
            "currentDebt": "1471000",
            "netIncome": "13028000",
            "capitalExpenditures": "2072000",
            "operatingCashflow": "28960000",
            "grossProfit": "46166000",
            "totalRevenue": "91803000",
            "sentiment": 0,
            "surprise": "0",
            "closePrice": "8.62479294425134"
        }
    ]
}