{
    "ST": [
        {
            "fiscalDateEnding": "2023-12-31",
            "totalCurrentAssets": "2102404000",
            "cashAndShortTermInvestments": "508104000",
            "totalCurrentLiabilities": "823718000",
            "currentDebt": "2276000",
            "netIncome": "-202238000",
            "capitalExpenditures": "48385000",
            "operatingCashflow": "105098000",
            "grossProfit": "221714000",
            "totalRevenue": "924001000",
            "sentiment": 0.10849473206418725,
            "surprise": "-0.05",
            "closePrice": "32.937819525716"
        },
        {
            "fiscalDateEnding": "2023-09-30",
            "totalCurrentAssets": "2493165000",
            "cashAndShortTermInvestments": "889703000",
            "totalCurrentLiabilities": "872673000",
            "currentDebt": "None",
            "netIncome": "62801000",
            "capitalExpenditures": "51780000",
            "operatingCashflow": "138935000",
            "grossProfit": "276435000",
            "totalRevenue": "964394000",
            "sentiment": 0.21609599092836923,
            "surprise": "0.01",
            "closePrice": "31.6420587706308"
        },
        {
            "fiscalDateEnding": "2023-06-30",
            "totalCurrentAssets": "2476628000",
            "cashAndShortTermInvestments": "857312000",
            "totalCurrentLiabilities": "880898000",
            "currentDebt": "None",
            "netIncome": "49111000",
            "capitalExpenditures": "47562000",
            "operatingCashflow": "115754000",
            "grossProfit": "291899000",
            "totalRevenue": "1024007000",
            "sentiment": 0.24796001469921047,
            "surprise": "0.02",
            "closePrice": "42.1087843595404"
        },
        {
            "fiscalDateEnding": "2023-03-31",
            "totalCurrentAssets": "2640195000",
            "cashAndShortTermInvestments": "1034134000",
            "totalCurrentLiabilities": "1109466000",
            "currentDebt": "196834000",
            "netIncome": "86417000",
            "capitalExpenditures": "36882000",
            "operatingCashflow": "96888000",
            "grossProfit": "293490000",
            "totalRevenue": "963961000",
            "sentiment": 0.24644907153567827,
            "surprise": "0.05",
            "closePrice": "43.5544464749299"
        },
        {
            "fiscalDateEnding": "2022-12-31",
            "totalCurrentAssets": "2775043000",
            "cashAndShortTermInvestments": "1225518000",
            "totalCurrentLiabilities": "1178972000",
            "currentDebt": "256471000",
            "netIncome": "113150000",
            "capitalExpenditures": "39640000",
            "operatingCashflow": "224860000",
            "grossProfit": "297170000",
            "totalRevenue": "971000000",
            "sentiment": 0.1512955375556822,
            "surprise": "0.09",
            "closePrice": "50.0716475751142"
        },
        {
            "fiscalDateEnding": "2022-09-30",
            "totalCurrentAssets": "2700199000",
            "cashAndShortTermInvestments": "1103916000",
            "totalCurrentLiabilities": "905974000",
            "currentDebt": "4630000",
            "netIncome": "140253000",
            "capitalExpenditures": "36355000",
            "operatingCashflow": "93845000",
            "grossProfit": "278877000",
            "totalRevenue": "973412000",
            "sentiment": 0.06048501860155612,
            "surprise": "0",
            "closePrice": "38.7530750065956"
        },
        {
            "fiscalDateEnding": "2022-06-30",
            "totalCurrentAssets": "3119729000",
            "cashAndShortTermInvestments": "1558578000",
            "totalCurrentLiabilities": "887129000",
            "currentDebt": "4630000",
            "netIncome": "34841000",
            "capitalExpenditures": "38358000",
            "operatingCashflow": "94533000",
            "grossProfit": "289103000",
            "totalRevenue": "975706000",
            "sentiment": 0.07451807208167442,
            "surprise": "0",
            "closePrice": "40.6635455800951"
        },
        {
            "fiscalDateEnding": "2022-03-31",
            "totalCurrentAssets": "3090100000",
            "cashAndShortTermInvestments": "1608481000",
            "totalCurrentLiabilities": "840045000",
            "currentDebt": "4630000",
            "netIncome": "22441000",
            "capitalExpenditures": "35711000",
            "operatingCashflow": "47355000",
            "grossProfit": "273245000",
            "totalRevenue": "930325000",
            "sentiment": 0.06400173092353592,
            "surprise": "0.02",
            "closePrice": "44.4519847876352"
        },
        {
            "fiscalDateEnding": "2021-12-31",
            "totalCurrentAssets": "3076994000",
            "cashAndShortTermInvestments": "1708955000",
            "totalCurrentLiabilities": "836259000",
            "currentDebt": "6833000",
            "netIncome": "111972000",
            "capitalExpenditures": "43993000",
            "operatingCashflow": "160925000",
            "grossProfit": "269821000",
            "totalRevenue": "889699000",
            "sentiment": 0,
            "surprise": "0.07",
            "closePrice": "55.9631824310368"
        },
        {
            "fiscalDateEnding": "2021-09-30",
            "totalCurrentAssets": "3302664000",
            "cashAndShortTermInvestments": "1958144000",
            "totalCurrentLiabilities": "829820000",
            "currentDebt": "6632000",
            "netIncome": "84959000",
            "capitalExpenditures": "36838000",
            "operatingCashflow": "125295000",
            "grossProfit": "276962000",
            "totalRevenue": "905884000",
            "sentiment": 0,
            "surprise": "0.02",
            "closePrice": "54.8394237476827"
        },
        {
            "fiscalDateEnding": "2021-06-30",
            "totalCurrentAssets": "3177128000",
            "cashAndShortTermInvestments": "1861769000",
            "totalCurrentLiabilities": "836932000",
            "currentDebt": "4629000",
            "netIncome": "112916000",
            "capitalExpenditures": "36400000",
            "operatingCashflow": "163420000",
            "grossProfit": "289162000",
            "totalRevenue": "947447000",
            "sentiment": 0,
            "surprise": "0.07",
            "closePrice": "53.2368461470733"
        },
        {
            "fiscalDateEnding": "2021-03-31",
            "totalCurrentAssets": "3106125000",
            "cashAndShortTermInvestments": "1893926000",
            "totalCurrentLiabilities": "773521000",
            "currentDebt": "7235000",
            "netIncome": "53733000",
            "capitalExpenditures": "27172000",
            "operatingCashflow": "104511000",
            "grossProfit": "263136000",
            "totalRevenue": "898485000",
            "sentiment": 0,
            "surprise": "0.13",
            "closePrice": "57.370323738889"
        },
        {
            "fiscalDateEnding": "2020-12-31",
            "totalCurrentAssets": "2979972000",
            "cashAndShortTermInvestments": "1861980000",
            "totalCurrentLiabilities": "1495157000",
            "currentDebt": "757205000",
            "netIncome": "121667000",
            "capitalExpenditures": "26780000",
            "operatingCashflow": "266437000",
            "grossProfit": "296551000",
            "totalRevenue": "906491000",
            "sentiment": 0,
            "surprise": "0.07",
            "closePrice": "52.8752890054724"
        },
        {
            "fiscalDateEnding": "2020-09-30",
            "totalCurrentAssets": "2713879000",
            "cashAndShortTermInvestments": "1610191000",
            "totalCurrentLiabilities": "626415000",
            "currentDebt": "4631000",
            "netIncome": "76729000",
            "capitalExpenditures": "23242000",
            "operatingCashflow": "123066000",
            "grossProfit": "258058000",
            "totalRevenue": "788313000",
            "sentiment": 0,
            "surprise": "0.11",
            "closePrice": "43.3379979189189"
        },
        {
            "fiscalDateEnding": "2020-06-30",
            "totalCurrentAssets": "2279164000",
            "cashAndShortTermInvestments": "1242949000",
            "totalCurrentLiabilities": "926559000",
            "currentDebt": "404631000",
            "netIncome": "-42541000",
            "capitalExpenditures": "27150000",
            "operatingCashflow": "71728000",
            "grossProfit": "164062000",
            "totalRevenue": "576505000",
            "sentiment": 0,
            "surprise": "0.04",
            "closePrice": "38.5595805610042"
        },
        {
            "fiscalDateEnding": "2020-03-31",
            "totalCurrentAssets": "1969548000",
            "cashAndShortTermInvestments": "802971000",
            "totalCurrentLiabilities": "621061000",
            "currentDebt": "4630000",
            "netIncome": "8431000",
            "capitalExpenditures": "29547000",
            "operatingCashflow": "98544000",
            "grossProfit": "207863000",
            "totalRevenue": "774269000",
            "sentiment": 0,
            "surprise": "-0.03",
            "closePrice": "37.4162782483744"
        },
        {
            "fiscalDateEnding": "2019-12-31",
            "totalCurrentAssets": "1965652000",
            "cashAndShortTermInvestments": "774119000",
            "totalCurrentLiabilities": "634746000",
            "currentDebt": "18147000",
            "netIncome": "53538000",
            "capitalExpenditures": "38053000",
            "operatingCashflow": "186035000",
            "grossProfit": "290209000",
            "totalRevenue": "846691000",
            "sentiment": 0,
            "surprise": "0.02",
            "closePrice": "48.2825361256771"
        },
        {
            "fiscalDateEnding": "2019-09-30",
            "totalCurrentAssets": "1949586000",
            "cashAndShortTermInvestments": "721386000",
            "totalCurrentLiabilities": "620503000",
            "currentDebt": "17519000",
            "netIncome": "70675000",
            "capitalExpenditures": "41657000",
            "operatingCashflow": "181361000",
            "grossProfit": "294805000",
            "totalRevenue": "849715000",
            "sentiment": 0,
            "surprise": "0",
            "closePrice": "49.5919592871507"
        },
        {
            "fiscalDateEnding": "2019-06-30",
            "totalCurrentAssets": "1969579000",
            "cashAndShortTermInvestments": "721073000",
            "totalCurrentLiabilities": "629144000",
            "currentDebt": "24063000",
            "netIncome": "73436000",
            "capitalExpenditures": "39859000",
            "operatingCashflow": "139473000",
            "grossProfit": "308491000",
            "totalRevenue": "883726000",
            "sentiment": 0,
            "surprise": "-0.01",
            "closePrice": "46.3184013834668"
        },
        {
            "fiscalDateEnding": "2019-03-31",
            "totalCurrentAssets": "1885073000",
            "cashAndShortTermInvestments": "649518000",
            "totalCurrentLiabilities": "636296000",
            "currentDebt": "9901000",
            "netIncome": "85065000",
            "capitalExpenditures": "41690000",
            "operatingCashflow": "112693000",
            "grossProfit": "289693000",
            "totalRevenue": "870499000",
            "sentiment": 0,
            "surprise": "0",
            "closePrice": "48.8493013746731"
        },
        {
            "fiscalDateEnding": "2018-12-31",
            "totalCurrentAssets": "1917155000",
            "cashAndShortTermInvestments": "729833000",
            "totalCurrentLiabilities": "639944000",
            "currentDebt": "9704000",
            "netIncome": "254099000",
            "capitalExpenditures": "48512000",
            "operatingCashflow": "200424000",
            "grossProfit": "304359000",
            "totalRevenue": "847922000",
            "sentiment": 0,
            "surprise": "-0.04",
            "closePrice": "47.6278245449404"
        },
        {
            "fiscalDateEnding": "2018-09-30",
            "totalCurrentAssets": "2027201000",
            "cashAndShortTermInvestments": "811394000",
            "totalCurrentLiabilities": "654650000",
            "currentDebt": "7228000",
            "netIncome": "149118000",
            "capitalExpenditures": "44974000",
            "operatingCashflow": "166226000",
            "grossProfit": "315218000",
            "totalRevenue": "873552000",
            "sentiment": 0,
            "surprise": "0.01",
            "closePrice": "46.1718241638989"
        },
        {
            "fiscalDateEnding": "2018-06-30",
            "totalCurrentAssets": "2148919000",
            "cashAndShortTermInvestments": "863380000",
            "totalCurrentLiabilities": "635436000",
            "currentDebt": "4753000",
            "netIncome": "105288000",
            "capitalExpenditures": "35363000",
            "operatingCashflow": "130658000",
            "grossProfit": "331351000",
            "totalRevenue": "913860000",
            "sentiment": 0,
            "surprise": "0",
            "closePrice": "51.2922550341387"
        },
        {
            "fiscalDateEnding": "2018-03-31",
            "totalCurrentAssets": "2018582000",
            "cashAndShortTermInvestments": "828266000",
            "totalCurrentLiabilities": "665909000",
            "currentDebt": "2278000",
            "netIncome": "90490000",
            "capitalExpenditures": "30938000",
            "operatingCashflow": "123255000",
            "grossProfit": "303836000",
            "totalRevenue": "886293000",
            "sentiment": 0,
            "surprise": "0.01",
            "closePrice": "50.6864025265912"
        },
        {
            "fiscalDateEnding": "2017-12-31",
            "totalCurrentAssets": "1848291000",
            "cashAndShortTermInvestments": "753089000",
            "totalCurrentLiabilities": "629495000",
            "currentDebt": "9802000",
            "netIncome": "169129000",
            "capitalExpenditures": "41048000",
            "operatingCashflow": "185367000",
            "grossProfit": "301799000",
            "totalRevenue": "840534000",
            "sentiment": 0,
            "surprise": "0.02",
            "closePrice": "55.3182426649379"
        },
        {
            "fiscalDateEnding": "2017-09-30",
            "totalCurrentAssets": "1731274000",
            "cashAndShortTermInvestments": "612972000",
            "totalCurrentLiabilities": "627937000",
            "currentDebt": "7327000",
            "netIncome": "88035000",
            "capitalExpenditures": "36344000",
            "operatingCashflow": "138430000",
            "grossProfit": "291815000",
            "totalRevenue": "819054000",
            "sentiment": 0,
            "surprise": "0.01",
            "closePrice": "48.292307940315"
        },
        {
            "fiscalDateEnding": "2017-06-30",
            "totalCurrentAssets": "1588209000",
            "cashAndShortTermInvestments": "511484000",
            "totalCurrentLiabilities": "600608000",
            "currentDebt": "4851000",
            "netIncome": "79457000",
            "capitalExpenditures": "34133000",
            "operatingCashflow": "114148000",
            "grossProfit": "299369000",
            "totalRevenue": "839874000",
            "sentiment": 0,
            "surprise": "0.03",
            "closePrice": "45.6343743588165"
        },
        {
            "fiscalDateEnding": "2017-03-31",
            "totalCurrentAssets": "1473283000",
            "cashAndShortTermInvestments": "431700000",
            "totalCurrentLiabilities": "595194000",
            "currentDebt": "2375000",
            "netIncome": "71736000",
            "capitalExpenditures": "33059000",
            "operatingCashflow": "119701000",
            "grossProfit": "274852000",
            "totalRevenue": "807271000",
            "sentiment": 0,
            "surprise": "0.03",
            "closePrice": "40.2012454201651"
        },
        {
            "fiscalDateEnding": "2016-12-31",
            "totalCurrentAssets": "1341485000",
            "cashAndShortTermInvestments": "351428000",
            "totalCurrentLiabilities": "583296000",
            "currentDebt": "9901000",
            "netIncome": "66527000",
            "capitalExpenditures": "35633000",
            "operatingCashflow": "125174000",
            "grossProfit": "278898000",
            "totalRevenue": "788294000",
            "sentiment": 0,
            "surprise": "0.02",
            "closePrice": "41.7158766890337"
        },
        {
            "fiscalDateEnding": "2016-09-30",
            "totalCurrentAssets": "1296327000",
            "cashAndShortTermInvestments": "299887000",
            "totalCurrentLiabilities": "621945000",
            "currentDebt": "9901000",
            "netIncome": "69785000",
            "capitalExpenditures": "30118000",
            "operatingCashflow": "149720000",
            "grossProfit": "280854000",
            "totalRevenue": "789798000",
            "sentiment": 0,
            "surprise": "0.01",
            "closePrice": "36.5759021895182"
        },
        {
            "fiscalDateEnding": "2016-06-30",
            "totalCurrentAssets": "1296321000",
            "cashAndShortTermInvestments": "309120000",
            "totalCurrentLiabilities": "729269000",
            "currentDebt": "134901000",
            "netIncome": "65510000",
            "capitalExpenditures": "30231000",
            "operatingCashflow": "110429000",
            "grossProfit": "290104000",
            "totalRevenue": "827545000",
            "sentiment": 0,
            "surprise": "0.01",
            "closePrice": "38.9895404050702"
        },
        {
            "fiscalDateEnding": "2016-03-31",
            "totalCurrentAssets": "1331236000",
            "cashAndShortTermInvestments": "347987000",
            "totalCurrentLiabilities": "876889000",
            "currentDebt": "259901000",
            "netIncome": "60612000",
            "capitalExpenditures": "34235000",
            "operatingCashflow": "136202000",
            "grossProfit": "268171000",
            "totalRevenue": "796549000",
            "sentiment": 0,
            "surprise": "0.02",
            "closePrice": "38.432546970712"
        },
        {
            "fiscalDateEnding": "2015-12-31",
            "totalCurrentAssets": "1277923000",
            "cashAndShortTermInvestments": "342263000",
            "totalCurrentLiabilities": "865175000",
            "currentDebt": "289901000",
            "netIncome": "218289000",
            "capitalExpenditures": "46953000",
            "operatingCashflow": "169418000",
            "grossProfit": "249814000",
            "totalRevenue": "726471000",
            "sentiment": 0,
            "surprise": "0.01",
            "closePrice": "33.9375122372954"
        },
        {
            "fiscalDateEnding": "2015-09-30",
            "totalCurrentAssets": "1210412000",
            "cashAndShortTermInvestments": "258209000",
            "totalCurrentLiabilities": "651279000",
            "currentDebt": "64902000",
            "netIncome": "53152000",
            "capitalExpenditures": "43442000",
            "operatingCashflow": "151514000",
            "grossProfit": "250726000",
            "totalRevenue": "727360000",
            "sentiment": 0,
            "surprise": "0.01",
            "closePrice": "46.6995021543435"
        },
        {
            "fiscalDateEnding": "2015-06-30",
            "totalCurrentAssets": "1192467000",
            "cashAndShortTermInvestments": "226795000",
            "totalCurrentLiabilities": "695024000",
            "currentDebt": "140109000",
            "netIncome": "40900000",
            "capitalExpenditures": "48923000",
            "operatingCashflow": "109089000",
            "grossProfit": "252570000",
            "totalRevenue": "770445000",
            "sentiment": 0,
            "surprise": "0.01",
            "closePrice": "47.4910191400103"
        },
        {
            "fiscalDateEnding": "2015-03-31",
            "totalCurrentAssets": "1169066000",
            "cashAndShortTermInvestments": "195581000",
            "totalCurrentLiabilities": "730803000",
            "currentDebt": "165143000",
            "netIncome": "35355000",
            "capitalExpenditures": "37878000",
            "operatingCashflow": "103110000",
            "grossProfit": "244052000",
            "totalRevenue": "750685000",
            "sentiment": 0,
            "surprise": "0",
            "closePrice": "55.7482025090039"
        },
        {
            "fiscalDateEnding": "2014-12-31",
            "totalCurrentAssets": "1118764000",
            "cashAndShortTermInvestments": "211329000",
            "totalCurrentLiabilities": "677506000",
            "currentDebt": "142905000",
            "netIncome": "69520000",
            "capitalExpenditures": "43107000",
            "operatingCashflow": "102421000",
            "grossProfit": "235512000",
            "totalRevenue": "705261000",
            "sentiment": 0,
            "surprise": "0.05",
            "closePrice": "50.2857581264389"
        },
        {
            "fiscalDateEnding": "2014-09-30",
            "totalCurrentAssets": "931329000",
            "cashAndShortTermInvestments": "196737000",
            "totalCurrentLiabilities": "565958000",
            "currentDebt": "164752000",
            "netIncome": "81963000",
            "capitalExpenditures": "33905000",
            "operatingCashflow": "62772000",
            "grossProfit": "205155000",
            "totalRevenue": "577095000",
            "sentiment": 0,
            "surprise": "0.01",
            "closePrice": "46.9144820763764"
        },
        {
            "fiscalDateEnding": "2014-06-30",
            "totalCurrentAssets": "818187000",
            "cashAndShortTermInvestments": "184638000",
            "totalCurrentLiabilities": "378614000",
            "currentDebt": "4752000",
            "netIncome": "63893000",
            "capitalExpenditures": "39891000",
            "operatingCashflow": "111979000",
            "grossProfit": "207407000",
            "totalRevenue": "575853000",
            "sentiment": 0,
            "surprise": "0",
            "closePrice": "45.3900789928699"
        },
        {
            "fiscalDateEnding": "2014-03-31",
            "totalCurrentAssets": "950048000",
            "cashAndShortTermInvestments": "334064000",
            "totalCurrentLiabilities": "381295000",
            "currentDebt": "4752000",
            "netIncome": "68373000",
            "capitalExpenditures": "27308000",
            "operatingCashflow": "105396000",
            "grossProfit": "194395000",
            "totalRevenue": "551594000",
            "sentiment": 0,
            "surprise": "0",
            "closePrice": "41.5497558401901"
        },
        {
            "fiscalDateEnding": "2013-12-31",
            "totalCurrentAssets": "855631000",
            "cashAndShortTermInvestments": "317896000",
            "totalCurrentLiabilities": "318492000",
            "currentDebt": "4752000",
            "netIncome": "67067000",
            "capitalExpenditures": "27261000",
            "operatingCashflow": "87072000",
            "grossProfit": "189208000",
            "totalRevenue": "505015000",
            "sentiment": 0,
            "surprise": "0.04",
            "closePrice": "38.5986678195557"
        },
        {
            "fiscalDateEnding": "2013-09-30",
            "totalCurrentAssets": "880086000",
            "cashAndShortTermInvestments": "348199000",
            "totalCurrentLiabilities": "347838000",
            "currentDebt": "11000000",
            "netIncome": "66022000",
            "capitalExpenditures": "21670000",
            "operatingCashflow": "128640000",
            "grossProfit": "189825000",
            "totalRevenue": "498886000",
            "sentiment": 0,
            "surprise": "0.01",
            "closePrice": "37.1915265117035"
        },
        {
            "fiscalDateEnding": "2013-06-30",
            "totalCurrentAssets": "768168000",
            "cashAndShortTermInvestments": "234347000",
            "totalCurrentLiabilities": "328800000",
            "currentDebt": "11000000",
            "netIncome": "20371000",
            "capitalExpenditures": "19597000",
            "operatingCashflow": "95304000",
            "grossProfit": "183719000",
            "totalRevenue": "506418000",
            "sentiment": 0,
            "surprise": "0.01",
            "closePrice": "35.383740803699"
        },
        {
            "fiscalDateEnding": "2013-03-31",
            "totalCurrentAssets": "942201000",
            "cashAndShortTermInvestments": "431025000",
            "totalCurrentLiabilities": "495579000",
            "currentDebt": "212867000",
            "netIncome": "34665000",
            "capitalExpenditures": "14256000",
            "operatingCashflow": "84822000",
            "grossProfit": "161731000",
            "totalRevenue": "470413000",
            "sentiment": 0,
            "surprise": "0.02",
            "closePrice": "32.7062635929248"
        },
        {
            "fiscalDateEnding": "2012-12-31",
            "totalCurrentAssets": "894680000",
            "cashAndShortTermInvestments": "413539000",
            "totalCurrentLiabilities": "278363000",
            "currentDebt": "12878000",
            "netIncome": "70941000",
            "capitalExpenditures": "18210000",
            "operatingCashflow": "112655000",
            "grossProfit": "147855000",
            "totalRevenue": "445356000",
            "sentiment": 0,
            "surprise": "0.01",
            "closePrice": "32.8137535539413"
        },
        {
            "fiscalDateEnding": "2012-09-30",
            "totalCurrentAssets": "877718000",
            "cashAndShortTermInvestments": "348164000",
            "totalCurrentLiabilities": "290118000",
            "currentDebt": "13533000",
            "netIncome": "41506000",
            "capitalExpenditures": "9095000",
            "operatingCashflow": "94882000",
            "grossProfit": "163290000",
            "totalRevenue": "471929000",
            "sentiment": 0,
            "surprise": "0.01",
            "closePrice": "26.2177786733843"
        },
        {
            "fiscalDateEnding": "2012-06-30",
            "totalCurrentAssets": "800874000",
            "cashAndShortTermInvestments": "260835000",
            "totalCurrentLiabilities": "305556000",
            "currentDebt": "13710000",
            "netIncome": "26118000",
            "capitalExpenditures": "11547000",
            "operatingCashflow": "74822000",
            "grossProfit": "178458000",
            "totalRevenue": "504617000",
            "sentiment": 0,
            "surprise": "0.01",
            "closePrice": "27.2633628396355"
        },
        {
            "fiscalDateEnding": "2012-03-31",
            "totalCurrentAssets": "726289000",
            "cashAndShortTermInvestments": "193106000",
            "totalCurrentLiabilities": "321396000",
            "currentDebt": "13816000",
            "netIncome": "38916000",
            "capitalExpenditures": "15934000",
            "operatingCashflow": "114954000",
            "grossProfit": "166760000",
            "totalRevenue": "492008000",
            "sentiment": 0,
            "surprise": "0.01",
            "closePrice": "31.3088940997105"
        },
        {
            "fiscalDateEnding": "2011-12-31",
            "totalCurrentAssets": "593166000",
            "cashAndShortTermInvestments": "92127000",
            "totalCurrentLiabilities": "279252000",
            "currentDebt": "13741000",
            "netIncome": "24379000",
            "capitalExpenditures": "25770000",
            "operatingCashflow": "83511000",
            "grossProfit": "154803000",
            "totalRevenue": "453365000",
            "sentiment": 0,
            "surprise": "0.01",
            "closePrice": "29.9799273089612"
        },
        {
            "fiscalDateEnding": "2011-09-30",
            "totalCurrentAssets": "623056000",
            "cashAndShortTermInvestments": "77821000",
            "totalCurrentLiabilities": "360398000",
            "currentDebt": "48680000",
            "netIncome": "26247000",
            "capitalExpenditures": "23613000",
            "operatingCashflow": "101151000",
            "grossProfit": "168027000",
            "totalRevenue": "474313000",
            "sentiment": 0,
            "surprise": "0",
            "closePrice": "27.8301280886315"
        },
        {
            "fiscalDateEnding": "2011-06-30",
            "totalCurrentAssets": "765079000",
            "cashAndShortTermInvestments": "287104000",
            "totalCurrentLiabilities": "289509000",
            "currentDebt": "13665000",
            "netIncome": "-34627000",
            "capitalExpenditures": "18363000",
            "operatingCashflow": "39275000",
            "grossProfit": "170289000",
            "totalRevenue": "455038000",
            "sentiment": 0,
            "surprise": "0.01",
            "closePrice": "36.3902377113988"
        }
    ]
}