{
    "STER": [
        {
            "fiscalDateEnding": "2023-12-31",
            "totalCurrentAssets": "224791000",
            "cashAndShortTermInvestments": "54200000",
            "totalCurrentLiabilities": "148136000",
            "currentDebt": "15000000",
            "netIncome": "-3384000",
            "capitalExpenditures": "5621000",
            "operatingCashflow": "31185000",
            "grossProfit": "-536639000",
            "totalRevenue": "169416000",
            "sentiment": 0.27553898690205947,
            "surprise": "-0.04",
            "closePrice": "16.0"
        },
        {
            "fiscalDateEnding": "2023-09-30",
            "totalCurrentAssets": "238866000",
            "cashAndShortTermInvestments": "49877000",
            "totalCurrentLiabilities": "138685000",
            "currentDebt": "13125000",
            "netIncome": "2354000",
            "capitalExpenditures": "5559000",
            "operatingCashflow": "32778000",
            "grossProfit": "198693000",
            "totalRevenue": "352105000",
            "sentiment": 0.19169306382800935,
            "surprise": "-0.04",
            "closePrice": "11.25"
        },
        {
            "fiscalDateEnding": "2023-06-30",
            "totalCurrentAssets": "240154000",
            "cashAndShortTermInvestments": "48800000",
            "totalCurrentLiabilities": "133179000",
            "currentDebt": "11250000",
            "netIncome": "323000",
            "capitalExpenditures": "4922000",
            "operatingCashflow": "21616000",
            "grossProfit": "197616000",
            "totalRevenue": "372121000",
            "sentiment": 0.2204153007468338,
            "surprise": "0.01",
            "closePrice": "12.29"
        },
        {
            "fiscalDateEnding": "2023-03-31",
            "totalCurrentAssets": "226773000",
            "cashAndShortTermInvestments": "51000000",
            "totalCurrentLiabilities": "129987000",
            "currentDebt": "9375000",
            "netIncome": "591000",
            "capitalExpenditures": "4260000",
            "operatingCashflow": "11282000",
            "grossProfit": "193128000",
            "totalRevenue": "349783000",
            "sentiment": 0.2776796378976823,
            "surprise": "0.02",
            "closePrice": "12.15"
        },
        {
            "fiscalDateEnding": "2022-12-31",
            "totalCurrentAssets": "270682000",
            "cashAndShortTermInvestments": "103100000",
            "totalCurrentLiabilities": "133740000",
            "currentDebt": "7500000",
            "netIncome": "-7700000",
            "capitalExpenditures": "4490000",
            "operatingCashflow": "30665000",
            "grossProfit": "171186000",
            "totalRevenue": "328208000",
            "sentiment": 0.04189312651957459,
            "surprise": "-0.05",
            "closePrice": "13.01"
        },
        {
            "fiscalDateEnding": "2022-09-30",
            "totalCurrentAssets": "282010000",
            "cashAndShortTermInvestments": "99200000",
            "totalCurrentLiabilities": "127208000",
            "currentDebt": "6461000",
            "netIncome": "9303000",
            "capitalExpenditures": "4815000",
            "operatingCashflow": "40319000",
            "grossProfit": "226524000",
            "totalRevenue": "391050000",
            "sentiment": 0.19351492047368524,
            "surprise": "-0.01",
            "closePrice": "12.26"
        },
        {
            "fiscalDateEnding": "2022-06-30",
            "totalCurrentAssets": "258525000",
            "cashAndShortTermInvestments": "65811000",
            "totalCurrentLiabilities": "129877000",
            "currentDebt": "6461000",
            "netIncome": "11571000",
            "capitalExpenditures": "5645000",
            "operatingCashflow": "29834000",
            "grossProfit": "235973000",
            "totalRevenue": "404747000",
            "sentiment": 0.001482995455538291,
            "surprise": "0.07",
            "closePrice": "22.32"
        },
        {
            "fiscalDateEnding": "2022-03-31",
            "totalCurrentAssets": "221751000",
            "cashAndShortTermInvestments": "44347000",
            "totalCurrentLiabilities": "123706000",
            "currentDebt": "6461000",
            "netIncome": "6236000",
            "capitalExpenditures": "5237000",
            "operatingCashflow": "3445000",
            "grossProfit": "216016000",
            "totalRevenue": "378405000",
            "sentiment": 0.09616335281088224,
            "surprise": "0.04",
            "closePrice": "22.21"
        },
        {
            "fiscalDateEnding": "2021-12-31",
            "totalCurrentAssets": "199998000",
            "cashAndShortTermInvestments": "47998000",
            "totalCurrentLiabilities": "129920000",
            "currentDebt": "6461000",
            "netIncome": "2704000",
            "capitalExpenditures": "4488000",
            "operatingCashflow": "29679000",
            "grossProfit": "479662000",
            "totalRevenue": "846493000",
            "sentiment": 0,
            "surprise": "0.06",
            "closePrice": "21.27"
        },
        {
            "fiscalDateEnding": "2021-09-30",
            "totalCurrentAssets": "327568000",
            "cashAndShortTermInvestments": "192400000",
            "totalCurrentLiabilities": "106281000",
            "currentDebt": "6461000",
            "netIncome": "-25256000",
            "capitalExpenditures": "5311000",
            "operatingCashflow": "-6364000",
            "grossProfit": "86919000",
            "totalRevenue": "169557000",
            "sentiment": 0,
            "surprise": "0.08",
            "closePrice": "25.73"
        }
    ]
}