{
    "STM": [
        {
            "fiscalDateEnding": "2023-12-31",
            "totalCurrentAssets": "11807000000",
            "cashAndShortTermInvestments": "3222000000",
            "totalCurrentLiabilities": "3730000000",
            "currentDebt": "None",
            "netIncome": "1076000000",
            "capitalExpenditures": "1104000000",
            "operatingCashflow": "1480000000",
            "grossProfit": "1949000000",
            "totalRevenue": "4282000000",
            "sentiment": 0.2628436415914498,
            "surprise": "0.19",
            "closePrice": "45.5387096774193"
        },
        {
            "fiscalDateEnding": "2023-09-30",
            "totalCurrentAssets": "10991000000",
            "cashAndShortTermInvestments": "3011000000",
            "totalCurrentLiabilities": "3737000000",
            "currentDebt": "None",
            "netIncome": "1090000000",
            "capitalExpenditures": "1152000000",
            "operatingCashflow": "1881000000",
            "grossProfit": "2109000000",
            "totalRevenue": "4431000000",
            "sentiment": 0.16048040827406107,
            "surprise": "0.07",
            "closePrice": "40.1459884094834"
        },
        {
            "fiscalDateEnding": "2023-06-30",
            "totalCurrentAssets": "10807000000",
            "cashAndShortTermInvestments": "3111000000",
            "totalCurrentLiabilities": "4041000000",
            "currentDebt": "None",
            "netIncome": "1003000000",
            "capitalExpenditures": "1072000000",
            "operatingCashflow": "1311000000",
            "grossProfit": "2119000000",
            "totalRevenue": "4326000000",
            "sentiment": 0.24986619628587087,
            "surprise": "-0.02",
            "closePrice": "54.015186774313"
        },
        {
            "fiscalDateEnding": "2023-03-31",
            "totalCurrentAssets": "9818000000",
            "cashAndShortTermInvestments": "3258000000",
            "totalCurrentLiabilities": "4666000000",
            "currentDebt": "None",
            "netIncome": "1044000000",
            "capitalExpenditures": "1091000000",
            "operatingCashflow": "1320000000",
            "grossProfit": "2110000000",
            "totalRevenue": "4247000000",
            "sentiment": 0.2612650043034286,
            "surprise": "0.11",
            "closePrice": "42.616131237481"
        },
        {
            "fiscalDateEnding": "2022-12-31",
            "totalCurrentAssets": "10364000000",
            "cashAndShortTermInvestments": "3572000000",
            "totalCurrentLiabilities": "4014000000",
            "currentDebt": "None",
            "netIncome": "1610000000",
            "capitalExpenditures": "920000000",
            "operatingCashflow": "1926000000",
            "grossProfit": "2102000000",
            "totalRevenue": "4424000000",
            "sentiment": 0.2558113015887665,
            "surprise": "0.19",
            "closePrice": "46.3890466394258"
        },
        {
            "fiscalDateEnding": "2022-09-30",
            "totalCurrentAssets": "9314000000",
            "cashAndShortTermInvestments": "2812000000",
            "totalCurrentLiabilities": "3836000000",
            "currentDebt": "None",
            "netIncome": "1099000000",
            "capitalExpenditures": "956000000",
            "operatingCashflow": "1651000000",
            "grossProfit": "2059000000",
            "totalRevenue": "4321000000",
            "sentiment": 0.25069892006630523,
            "surprise": "0.12",
            "closePrice": "31.4471891105194"
        },
        {
            "fiscalDateEnding": "2022-06-30",
            "totalCurrentAssets": "8457000000",
            "cashAndShortTermInvestments": "3028000000",
            "totalCurrentLiabilities": "3712000000",
            "currentDebt": "None",
            "netIncome": "867000000",
            "capitalExpenditures": "812000000",
            "operatingCashflow": "1057000000",
            "grossProfit": "1819000000",
            "totalRevenue": "3837000000",
            "sentiment": 0.06668687616005839,
            "surprise": "0.11",
            "closePrice": "36.8817416665567"
        },
        {
            "fiscalDateEnding": "2022-03-31",
            "totalCurrentAssets": "7983000000",
            "cashAndShortTermInvestments": "2828000000",
            "totalCurrentLiabilities": "3074000000",
            "currentDebt": "None",
            "netIncome": "747000000",
            "capitalExpenditures": "840000000",
            "operatingCashflow": "945000000",
            "grossProfit": "1655000000",
            "totalRevenue": "3546000000",
            "sentiment": -0.035441008587034,
            "surprise": "0.08",
            "closePrice": "36.3703214810979"
        },
        {
            "fiscalDateEnding": "2021-12-31",
            "totalCurrentAssets": "7834000000",
            "cashAndShortTermInvestments": "3225000000",
            "totalCurrentLiabilities": "2965000000",
            "currentDebt": "None",
            "netIncome": "460000000",
            "capitalExpenditures": "548000000",
            "operatingCashflow": "1283000000",
            "grossProfit": "1609000000",
            "totalRevenue": "3556000000",
            "sentiment": 0,
            "surprise": "0.13",
            "closePrice": "43.2893673656552"
        },
        {
            "fiscalDateEnding": "2021-09-30",
            "totalCurrentAssets": "7615000000",
            "cashAndShortTermInvestments": "3112000000",
            "totalCurrentLiabilities": "2851000000",
            "currentDebt": "None",
            "netIncome": "474000000",
            "capitalExpenditures": "438000000",
            "operatingCashflow": "894000000",
            "grossProfit": "1330000000",
            "totalRevenue": "3197000000",
            "sentiment": 0,
            "surprise": "-0.02",
            "closePrice": "47.8320316336598"
        },
        {
            "fiscalDateEnding": "2021-06-30",
            "totalCurrentAssets": "8432000000",
            "cashAndShortTermInvestments": "3749000000",
            "totalCurrentLiabilities": "4173000000",
            "currentDebt": "None",
            "netIncome": "412000000",
            "capitalExpenditures": "439000000",
            "operatingCashflow": "603000000",
            "grossProfit": "1212000000",
            "totalRevenue": "2992000000",
            "sentiment": 0,
            "surprise": "0.07",
            "closePrice": "41.0719987954997"
        },
        {
            "fiscalDateEnding": "2021-03-31",
            "totalCurrentAssets": "7970000000",
            "cashAndShortTermInvestments": "3454000000",
            "totalCurrentLiabilities": "3200000000",
            "currentDebt": "None",
            "netIncome": "364000000",
            "capitalExpenditures": "405000000",
            "operatingCashflow": "682000000",
            "grossProfit": "1175000000",
            "totalRevenue": "3016000000",
            "sentiment": 0,
            "surprise": "0.01",
            "closePrice": "38.7919587528822"
        },
        {
            "fiscalDateEnding": "2020-12-31",
            "totalCurrentAssets": "7669000000",
            "cashAndShortTermInvestments": "3006000000",
            "totalCurrentLiabilities": "3754000000",
            "currentDebt": "None",
            "netIncome": "581000000",
            "capitalExpenditures": "381000000",
            "operatingCashflow": "922000000",
            "grossProfit": "1254000000",
            "totalRevenue": "3235000000",
            "sentiment": 0,
            "surprise": "0.07",
            "closePrice": "39.603720829374"
        },
        {
            "fiscalDateEnding": "2020-09-30",
            "totalCurrentAssets": "7395000000",
            "cashAndShortTermInvestments": "2714000000",
            "totalCurrentLiabilities": "3126000000",
            "currentDebt": "None",
            "netIncome": "242000000",
            "capitalExpenditures": "322000000",
            "operatingCashflow": "385000000",
            "grossProfit": "959000000",
            "totalRevenue": "2666000000",
            "sentiment": 0,
            "surprise": "-0.02",
            "closePrice": "33.1224245404275"
        },
        {
            "fiscalDateEnding": "2020-06-30",
            "totalCurrentAssets": "6203000000",
            "cashAndShortTermInvestments": "1800000000",
            "totalCurrentLiabilities": "2975000000",
            "currentDebt": "None",
            "netIncome": "90000000",
            "capitalExpenditures": "313000000",
            "operatingCashflow": "387000000",
            "grossProfit": "730000000",
            "totalRevenue": "2087000000",
            "sentiment": 0,
            "surprise": "0.02",
            "closePrice": "29.354197681925"
        },
        {
            "fiscalDateEnding": "2020-03-31",
            "totalCurrentAssets": "6276000000",
            "cashAndShortTermInvestments": "2028000000",
            "totalCurrentLiabilities": "2056000000",
            "currentDebt": "None",
            "netIncome": "192000000",
            "capitalExpenditures": "267000000",
            "operatingCashflow": "399000000",
            "grossProfit": "846000000",
            "totalRevenue": "2231000000",
            "sentiment": 0,
            "surprise": "-0.01",
            "closePrice": "22.7855527315402"
        },
        {
            "fiscalDateEnding": "2019-12-31",
            "totalCurrentAssets": "6257000000",
            "cashAndShortTermInvestments": "2597000000",
            "totalCurrentLiabilities": "2064000000",
            "currentDebt": "None",
            "netIncome": "392000000",
            "capitalExpenditures": "237000000",
            "operatingCashflow": "776000000",
            "grossProfit": "1081000000",
            "totalRevenue": "2754000000",
            "sentiment": 0,
            "surprise": "0.06",
            "closePrice": "29.2748537297285"
        },
        {
            "fiscalDateEnding": "2019-09-30",
            "totalCurrentAssets": "6126000000",
            "cashAndShortTermInvestments": "2345000000",
            "totalCurrentLiabilities": "2132000000",
            "currentDebt": "None",
            "netIncome": "302000000",
            "capitalExpenditures": "244000000",
            "operatingCashflow": "428000000",
            "grossProfit": "967000000",
            "totalRevenue": "2553000000",
            "sentiment": 0,
            "surprise": "0.05",
            "closePrice": "21.8199797268362"
        },
        {
            "fiscalDateEnding": "2019-06-30",
            "totalCurrentAssets": "6003000000",
            "cashAndShortTermInvestments": "2119000000",
            "totalCurrentLiabilities": "2186000000",
            "currentDebt": "None",
            "netIncome": "160000000",
            "capitalExpenditures": "378000000",
            "operatingCashflow": "324000000",
            "grossProfit": "830000000",
            "totalRevenue": "2173000000",
            "sentiment": 0,
            "surprise": "0",
            "closePrice": "18.438796496776"
        },
        {
            "fiscalDateEnding": "2019-03-31",
            "totalCurrentAssets": "6019000000",
            "cashAndShortTermInvestments": "2307000000",
            "totalCurrentLiabilities": "2068000000",
            "currentDebt": "None",
            "netIncome": "178000000",
            "capitalExpenditures": "322000000",
            "operatingCashflow": "341000000",
            "grossProfit": "818000000",
            "totalRevenue": "2076000000",
            "sentiment": 0,
            "surprise": "0",
            "closePrice": "17.9721570491796"
        },
        {
            "fiscalDateEnding": "2018-12-31",
            "totalCurrentAssets": "5859000000",
            "cashAndShortTermInvestments": "2266000000",
            "totalCurrentLiabilities": "2127000000",
            "currentDebt": "None",
            "netIncome": "760000000",
            "capitalExpenditures": "279000000",
            "operatingCashflow": "924000000",
            "grossProfit": "1059000000",
            "totalRevenue": "2648000000",
            "sentiment": 0,
            "surprise": "0.02",
            "closePrice": "15.0287678958151"
        },
        {
            "fiscalDateEnding": "2018-09-30",
            "totalCurrentAssets": "5508000000",
            "cashAndShortTermInvestments": "1835000000",
            "totalCurrentLiabilities": "2169000000",
            "currentDebt": "None",
            "netIncome": "369000000",
            "capitalExpenditures": "242000000",
            "operatingCashflow": "373000000",
            "grossProfit": "1003000000",
            "totalRevenue": "2522000000",
            "sentiment": 0,
            "surprise": "0.04",
            "closePrice": "13.1131048671536"
        },
        {
            "fiscalDateEnding": "2018-06-30",
            "totalCurrentAssets": "5201000000",
            "cashAndShortTermInvestments": "1683000000",
            "totalCurrentLiabilities": "2221000000",
            "currentDebt": "None",
            "netIncome": "261000000",
            "capitalExpenditures": "391000000",
            "operatingCashflow": "361000000",
            "grossProfit": "911000000",
            "totalRevenue": "2269000000",
            "sentiment": 0,
            "surprise": "0.01",
            "closePrice": "21.193769896754"
        },
        {
            "fiscalDateEnding": "2018-03-31",
            "totalCurrentAssets": "5160000000",
            "cashAndShortTermInvestments": "1791000000",
            "totalCurrentLiabilities": "2085000000",
            "currentDebt": "None",
            "netIncome": "239000000",
            "capitalExpenditures": "351000000",
            "operatingCashflow": "455000000",
            "grossProfit": "888000000",
            "totalRevenue": "2226000000",
            "sentiment": 0,
            "surprise": "0",
            "closePrice": "20.9445799641246"
        },
        {
            "fiscalDateEnding": "2017-12-31",
            "totalCurrentAssets": "5099000000",
            "cashAndShortTermInvestments": "1759000000",
            "totalCurrentLiabilities": "2030000000",
            "currentDebt": "None",
            "netIncome": "308000000",
            "capitalExpenditures": "408000000",
            "operatingCashflow": "586000000",
            "grossProfit": "1002000000",
            "totalRevenue": "2466000000",
            "sentiment": 0,
            "surprise": "0.01",
            "closePrice": "21.7669417134275"
        },
        {
            "fiscalDateEnding": "2017-09-30",
            "totalCurrentAssets": "5403000000",
            "cashAndShortTermInvestments": "2188000000",
            "totalCurrentLiabilities": "2359000000",
            "currentDebt": "None",
            "netIncome": "236000000",
            "capitalExpenditures": "366000000",
            "operatingCashflow": "300000000",
            "grossProfit": "845000000",
            "totalRevenue": "2136000000",
            "sentiment": 0,
            "surprise": "0.03",
            "closePrice": "21.868817601949"
        },
        {
            "fiscalDateEnding": "2017-06-30",
            "totalCurrentAssets": "4706000000",
            "cashAndShortTermInvestments": "1654000000",
            "totalCurrentLiabilities": "2674000000",
            "currentDebt": "None",
            "netIncome": "150000000",
            "capitalExpenditures": "307000000",
            "operatingCashflow": "502000000",
            "grossProfit": "639000000",
            "totalRevenue": "1923000000",
            "sentiment": 0,
            "surprise": "0",
            "closePrice": "16.1133298286894"
        },
        {
            "fiscalDateEnding": "2017-03-31",
            "totalCurrentAssets": "4474000000",
            "cashAndShortTermInvestments": "1641000000",
            "totalCurrentLiabilities": "1704000000",
            "currentDebt": "None",
            "netIncome": "108000000",
            "capitalExpenditures": "220000000",
            "operatingCashflow": "289000000",
            "grossProfit": "685000000",
            "totalRevenue": "1821000000",
            "sentiment": 0,
            "surprise": "0",
            "closePrice": "14.6363874204703"
        },
        {
            "fiscalDateEnding": "2016-12-31",
            "totalCurrentAssets": "4387000000",
            "cashAndShortTermInvestments": "1629000000",
            "totalCurrentLiabilities": "1591000000",
            "currentDebt": "None",
            "netIncome": "68000000",
            "capitalExpenditures": "229000000",
            "operatingCashflow": "647000000",
            "grossProfit": "698000000",
            "totalRevenue": "1859000000",
            "sentiment": 0,
            "surprise": "0.02",
            "closePrice": "12.1385196569517"
        },
        {
            "fiscalDateEnding": "2016-09-30",
            "totalCurrentAssets": "4725000000",
            "cashAndShortTermInvestments": "1675000000",
            "totalCurrentLiabilities": "1676000000",
            "currentDebt": "None",
            "netIncome": "71000000",
            "capitalExpenditures": "144000000",
            "operatingCashflow": "332000000",
            "grossProfit": "643000000",
            "totalRevenue": "1797000000",
            "sentiment": 0,
            "surprise": "0",
            "closePrice": "8.11033935587867"
        },
        {
            "fiscalDateEnding": "2016-06-30",
            "totalCurrentAssets": "4603000000",
            "cashAndShortTermInvestments": "1682000000",
            "totalCurrentLiabilities": "1620000000",
            "currentDebt": "None",
            "netIncome": "23000000",
            "capitalExpenditures": "137000000",
            "operatingCashflow": "192000000",
            "grossProfit": "577000000",
            "totalRevenue": "1703000000",
            "sentiment": 0,
            "surprise": "0",
            "closePrice": "6.69225733765458"
        },
        {
            "fiscalDateEnding": "2016-03-31",
            "totalCurrentAssets": "4800000000",
            "cashAndShortTermInvestments": "1697000000",
            "totalCurrentLiabilities": "1597000000",
            "currentDebt": "None",
            "netIncome": "-41000000",
            "capitalExpenditures": "101000000",
            "operatingCashflow": "141000000",
            "grossProfit": "538000000",
            "totalRevenue": "1613000000",
            "sentiment": 0,
            "surprise": "-0.0167",
            "closePrice": "5.97936404336163"
        },
        {
            "fiscalDateEnding": "2015-12-31",
            "totalCurrentAssets": "4589000000",
            "cashAndShortTermInvestments": "1771000000",
            "totalCurrentLiabilities": "1561000000",
            "currentDebt": "None",
            "netIncome": "2000000",
            "capitalExpenditures": "115000000",
            "operatingCashflow": "245000000",
            "grossProfit": "559000000",
            "totalRevenue": "1668000000",
            "sentiment": 0,
            "surprise": "-0.06",
            "closePrice": "6.11762909442112"
        },
        {
            "fiscalDateEnding": "2015-09-30",
            "totalCurrentAssets": "5073000000",
            "cashAndShortTermInvestments": "1869000000",
            "totalCurrentLiabilities": "1874000000",
            "currentDebt": "None",
            "netIncome": "90000000",
            "capitalExpenditures": "163000000",
            "operatingCashflow": "225000000",
            "grossProfit": "613000000",
            "totalRevenue": "1764000000",
            "sentiment": 0,
            "surprise": "0.03",
            "closePrice": "6.07551767450413"
        },
        {
            "fiscalDateEnding": "2015-06-30",
            "totalCurrentAssets": "4968000000",
            "cashAndShortTermInvestments": "1887000000",
            "totalCurrentLiabilities": "2081000000",
            "currentDebt": "None",
            "netIncome": "35000000",
            "capitalExpenditures": "162000000",
            "operatingCashflow": "223000000",
            "grossProfit": "595000000",
            "totalRevenue": "1760000000",
            "sentiment": 0,
            "surprise": "0.02",
            "closePrice": "7.06224815669781"
        },
        {
            "fiscalDateEnding": "2015-03-31",
            "totalCurrentAssets": "4989000000",
            "cashAndShortTermInvestments": "1949000000",
            "totalCurrentLiabilities": "1818000000",
            "currentDebt": "None",
            "netIncome": "-22000000",
            "capitalExpenditures": "89000000",
            "operatingCashflow": "149000000",
            "grossProfit": "566000000",
            "totalRevenue": "1705000000",
            "sentiment": 0,
            "surprise": "-0.01",
            "closePrice": "6.96380888834734"
        },
        {
            "fiscalDateEnding": "2014-12-31",
            "totalCurrentAssets": "4955000000",
            "cashAndShortTermInvestments": "2017000000",
            "totalCurrentLiabilities": "1758000000",
            "currentDebt": "None",
            "netIncome": "43000000",
            "capitalExpenditures": "108000000",
            "operatingCashflow": "311000000",
            "grossProfit": "619000000",
            "totalRevenue": "1829000000",
            "sentiment": 0,
            "surprise": "0.06",
            "closePrice": "6.93006907627146"
        },
        {
            "fiscalDateEnding": "2014-09-30",
            "totalCurrentAssets": "5476000000",
            "cashAndShortTermInvestments": "2130000000",
            "totalCurrentLiabilities": "1781000000",
            "currentDebt": "None",
            "netIncome": "72000000",
            "capitalExpenditures": "144000000",
            "operatingCashflow": "89000000",
            "grossProfit": "646000000",
            "totalRevenue": "1886000000",
            "sentiment": 0,
            "surprise": "0.08",
            "closePrice": "5.45942971827506"
        },
        {
            "fiscalDateEnding": "2014-06-30",
            "totalCurrentAssets": "4622000000",
            "cashAndShortTermInvestments": "1502000000",
            "totalCurrentLiabilities": "1961000000",
            "currentDebt": "None",
            "netIncome": "37000000",
            "capitalExpenditures": "139000000",
            "operatingCashflow": "262000000",
            "grossProfit": "634000000",
            "totalRevenue": "1864000000",
            "sentiment": 0,
            "surprise": "0.08",
            "closePrice": "7.3818278416782"
        },
        {
            "fiscalDateEnding": "2014-03-31",
            "totalCurrentAssets": "4700000000",
            "cashAndShortTermInvestments": "1744000000",
            "totalCurrentLiabilities": "1910000000",
            "currentDebt": "None",
            "netIncome": "-24000000",
            "capitalExpenditures": "114000000",
            "operatingCashflow": "53000000",
            "grossProfit": "599000000",
            "totalRevenue": "1825000000",
            "sentiment": 0,
            "surprise": "0.01",
            "closePrice": "7.73435726993341"
        },
        {
            "fiscalDateEnding": "2013-12-31",
            "totalCurrentAssets": "4819000000",
            "cashAndShortTermInvestments": "1836000000",
            "totalCurrentLiabilities": "1993000000",
            "currentDebt": "None",
            "netIncome": "-36000000",
            "capitalExpenditures": "134000000",
            "operatingCashflow": "270000000",
            "grossProfit": "662000000",
            "totalRevenue": "2015000000",
            "sentiment": 0,
            "surprise": "-0.14",
            "closePrice": "6.39083345787984"
        },
        {
            "fiscalDateEnding": "2013-09-30",
            "totalCurrentAssets": "4800000000",
            "cashAndShortTermInvestments": "1434000000",
            "totalCurrentLiabilities": "2081000000",
            "currentDebt": "None",
            "netIncome": "-142000000",
            "capitalExpenditures": "176000000",
            "operatingCashflow": "15000000",
            "grossProfit": "652000000",
            "totalRevenue": "2013000000",
            "sentiment": 0,
            "surprise": "-0.08",
            "closePrice": "7.14950353849403"
        },
        {
            "fiscalDateEnding": "2013-06-30",
            "totalCurrentAssets": "5046000000",
            "cashAndShortTermInvestments": "1583000000",
            "totalCurrentLiabilities": "2451000000",
            "currentDebt": "None",
            "netIncome": "-152000000",
            "capitalExpenditures": "122000000",
            "operatingCashflow": "15000000",
            "grossProfit": "672000000",
            "totalRevenue": "2045000000",
            "sentiment": 0,
            "surprise": "-0.08",
            "closePrice": "7.98232340244637"
        },
        {
            "fiscalDateEnding": "2013-03-31",
            "totalCurrentAssets": "4916000000",
            "cashAndShortTermInvestments": "1718000000",
            "totalCurrentLiabilities": "2197000000",
            "currentDebt": "None",
            "netIncome": "-171000000",
            "capitalExpenditures": "111000000",
            "operatingCashflow": "66000000",
            "grossProfit": "628000000",
            "totalRevenue": "2009000000",
            "sentiment": 0,
            "surprise": "0.04",
            "closePrice": "5.87027605767015"
        },
        {
            "fiscalDateEnding": "2012-12-31",
            "totalCurrentAssets": "5502000000",
            "cashAndShortTermInvestments": "2250000000",
            "totalCurrentLiabilities": "2555000000",
            "currentDebt": "None",
            "netIncome": "-428000000",
            "capitalExpenditures": "80000000",
            "operatingCashflow": "252000000",
            "grossProfit": "697000000",
            "totalRevenue": "2162000000",
            "sentiment": 0,
            "surprise": "0",
            "closePrice": "6.65065618007079"
        },
        {
            "fiscalDateEnding": "2012-09-30",
            "totalCurrentAssets": "5214000000",
            "cashAndShortTermInvestments": "1686000000",
            "totalCurrentLiabilities": "3321000000",
            "currentDebt": "None",
            "netIncome": "-478000000",
            "capitalExpenditures": "203000000",
            "operatingCashflow": "147000000",
            "grossProfit": "753000000",
            "totalRevenue": "2166000000",
            "sentiment": 0,
            "surprise": "-0.04",
            "closePrice": "4.86257178387827"
        },
        {
            "fiscalDateEnding": "2012-06-30",
            "totalCurrentAssets": "5399000000",
            "cashAndShortTermInvestments": "1806000000",
            "totalCurrentLiabilities": "3456000000",
            "currentDebt": "None",
            "netIncome": "-75000000",
            "capitalExpenditures": "80000000",
            "operatingCashflow": "-37000000",
            "grossProfit": "736000000",
            "totalRevenue": "2148000000",
            "sentiment": 0,
            "surprise": "-0.02",
            "closePrice": "3.6981634991707"
        },
        {
            "fiscalDateEnding": "2012-03-31",
            "totalCurrentAssets": "5476000000",
            "cashAndShortTermInvestments": "2059000000",
            "totalCurrentLiabilities": "2953000000",
            "currentDebt": "None",
            "netIncome": "-335000000",
            "capitalExpenditures": "152000000",
            "operatingCashflow": "250000000",
            "grossProfit": "596000000",
            "totalRevenue": "2017000000",
            "sentiment": 0,
            "surprise": "-0.1",
            "closePrice": "4.29126787105333"
        },
        {
            "fiscalDateEnding": "2011-12-31",
            "totalCurrentAssets": "5580000000",
            "cashAndShortTermInvestments": "1912000000",
            "totalCurrentLiabilities": "2569000000",
            "currentDebt": "None",
            "netIncome": "-210000000",
            "capitalExpenditures": "76000000",
            "operatingCashflow": "137000000",
            "grossProfit": "733000000",
            "totalRevenue": "2192000000",
            "sentiment": 0,
            "surprise": "0.02",
            "closePrice": "5.36052612846663"
        },
        {
            "fiscalDateEnding": "2011-09-30",
            "totalCurrentAssets": "6279000000",
            "cashAndShortTermInvestments": "1973000000",
            "totalCurrentLiabilities": "3190000000",
            "currentDebt": "None",
            "netIncome": "-29000000",
            "capitalExpenditures": "384000000",
            "operatingCashflow": "276000000",
            "grossProfit": "873000000",
            "totalRevenue": "2442000000",
            "sentiment": 0,
            "surprise": "0",
            "closePrice": "5.4612189337114"
        },
        {
            "fiscalDateEnding": "2011-06-30",
            "totalCurrentAssets": "6940000000",
            "cashAndShortTermInvestments": "2355000000",
            "totalCurrentLiabilities": "3570000000",
            "currentDebt": "None",
            "netIncome": "420000000",
            "capitalExpenditures": "332000000",
            "operatingCashflow": "117000000",
            "grossProfit": "977000000",
            "totalRevenue": "2567000000",
            "sentiment": 0,
            "surprise": "-0.07",
            "closePrice": "6.57702920816122"
        },
        {
            "fiscalDateEnding": "2011-03-31",
            "totalCurrentAssets": "6617000000",
            "cashAndShortTermInvestments": "1928000000",
            "totalCurrentLiabilities": "3123000000",
            "currentDebt": "None",
            "netIncome": "170000000",
            "capitalExpenditures": "466000000",
            "operatingCashflow": "350000000",
            "grossProfit": "991000000",
            "totalRevenue": "2535000000",
            "sentiment": 0,
            "surprise": "0",
            "closePrice": "8.90572976036323"
        },
        {
            "fiscalDateEnding": "2010-12-31",
            "totalCurrentAssets": "6600000000",
            "cashAndShortTermInvestments": "1959000000",
            "totalCurrentLiabilities": "3122000000",
            "currentDebt": "None",
            "netIncome": "137000000",
            "capitalExpenditures": "423000000",
            "operatingCashflow": "492000000",
            "grossProfit": "1129000000",
            "totalRevenue": "2833000000",
            "sentiment": 0,
            "surprise": "0.03",
            "closePrice": "8.45077077930248"
        },
        {
            "fiscalDateEnding": "2010-09-30",
            "totalCurrentAssets": "6970000000",
            "cashAndShortTermInvestments": "1540000000",
            "totalCurrentLiabilities": "3597000000",
            "currentDebt": "None",
            "netIncome": "191000000",
            "capitalExpenditures": "298000000",
            "operatingCashflow": "285000000",
            "grossProfit": "1041000000",
            "totalRevenue": "2657000000",
            "sentiment": 0,
            "surprise": "0.02",
            "closePrice": "5.76721029595126"
        },
        {
            "fiscalDateEnding": "2010-06-30",
            "totalCurrentAssets": "6609000000",
            "cashAndShortTermInvestments": "1268000000",
            "totalCurrentLiabilities": "3577000000",
            "currentDebt": "None",
            "netIncome": "356000000",
            "capitalExpenditures": "134000000",
            "operatingCashflow": "624000000",
            "grossProfit": "968000000",
            "totalRevenue": "2531000000",
            "sentiment": 0,
            "surprise": "0.04",
            "closePrice": "6.10656250263082"
        },
        {
            "fiscalDateEnding": "2010-03-31",
            "totalCurrentAssets": "6025000000",
            "cashAndShortTermInvestments": "1423000000",
            "totalCurrentLiabilities": "3166000000",
            "currentDebt": "None",
            "netIncome": "57000000",
            "capitalExpenditures": "179000000",
            "operatingCashflow": "393000000",
            "grossProfit": "876000000",
            "totalRevenue": "2325000000",
            "sentiment": 0,
            "surprise": "-0.01",
            "closePrice": "7.28034109416422"
        },
        {
            "fiscalDateEnding": "2009-12-31",
            "totalCurrentAssets": "6344000000",
            "cashAndShortTermInvestments": "1588000000",
            "totalCurrentLiabilities": "2280000000",
            "currentDebt": "None",
            "netIncome": "-129000000",
            "capitalExpenditures": "190000000",
            "operatingCashflow": "449000000",
            "grossProfit": "956000000",
            "totalRevenue": "2583000000",
            "sentiment": 0,
            "surprise": "0.02",
            "closePrice": "5.91003795554508"
        },
        {
            "fiscalDateEnding": "2009-09-30",
            "totalCurrentAssets": "6591000000",
            "cashAndShortTermInvestments": "1576000000",
            "totalCurrentLiabilities": "2439000000",
            "currentDebt": "None",
            "netIncome": "-349000000",
            "capitalExpenditures": "98000000",
            "operatingCashflow": "62000000",
            "grossProfit": "713000000",
            "totalRevenue": "2275000000",
            "sentiment": 0,
            "surprise": "-0.08",
            "closePrice": "6.75156492442217"
        },
        {
            "fiscalDateEnding": "2009-06-30",
            "totalCurrentAssets": "6502000000",
            "cashAndShortTermInvestments": "1685000000",
            "totalCurrentLiabilities": "2322000000",
            "currentDebt": "None",
            "netIncome": "None",
            "capitalExpenditures": "163000000",
            "operatingCashflow": "142000000",
            "grossProfit": "520000000",
            "totalRevenue": "1993000000",
            "sentiment": 0,
            "surprise": "0.04",
            "closePrice": "5.20904695494851"
        },
        {
            "fiscalDateEnding": "2009-03-31",
            "totalCurrentAssets": "5501000000",
            "cashAndShortTermInvestments": "1009000000",
            "totalCurrentLiabilities": "2218000000",
            "currentDebt": "None",
            "netIncome": "-365000000",
            "capitalExpenditures": "138000000",
            "operatingCashflow": "390000000",
            "grossProfit": "822000000",
            "totalRevenue": "2276000000",
            "sentiment": 0,
            "surprise": "0.02",
            "closePrice": "4.53582479966969"
        },
        {
            "fiscalDateEnding": "2008-12-31",
            "totalCurrentAssets": "5501000000",
            "cashAndShortTermInvestments": "1009000000",
            "totalCurrentLiabilities": "2218000000",
            "currentDebt": "None",
            "netIncome": "-365000000",
            "capitalExpenditures": "138000000",
            "operatingCashflow": "390000000",
            "grossProfit": "822000000",
            "totalRevenue": "2276000000",
            "sentiment": 0,
            "surprise": "-0.09",
            "closePrice": "3.80957683922463"
        },
        {
            "fiscalDateEnding": "2008-09-30",
            "totalCurrentAssets": "5919000000",
            "cashAndShortTermInvestments": "868000000",
            "totalCurrentLiabilities": "2709000000",
            "currentDebt": "None",
            "netIncome": "-374000000",
            "capitalExpenditures": "557000000",
            "operatingCashflow": "916000000",
            "grossProfit": "959000000",
            "totalRevenue": "2696000000",
            "sentiment": 0,
            "surprise": "0.02",
            "closePrice": "5.79287676121752"
        },
        {
            "fiscalDateEnding": "2008-06-30",
            "totalCurrentAssets": "7128000000",
            "cashAndShortTermInvestments": "2136000000",
            "totalCurrentLiabilities": "2679000000",
            "currentDebt": "None",
            "netIncome": "37000000",
            "capitalExpenditures": "30000000",
            "operatingCashflow": "-86000000",
            "grossProfit": "880000000",
            "totalRevenue": "2391000000",
            "sentiment": 0,
            "surprise": "0.06",
            "closePrice": "7.07320967627922"
        },
        {
            "fiscalDateEnding": "2008-03-31",
            "totalCurrentAssets": "7061000000",
            "cashAndShortTermInvestments": "2060000000",
            "totalCurrentLiabilities": "2478000000",
            "currentDebt": "None",
            "netIncome": "-84000000",
            "capitalExpenditures": "258000000",
            "operatingCashflow": "502000000",
            "grossProfit": "899000000",
            "totalRevenue": "2478000000",
            "sentiment": 0,
            "surprise": "-0.05",
            "closePrice": "7.62727047501082"
        },
        {
            "fiscalDateEnding": "2007-12-31",
            "totalCurrentAssets": "7662000000",
            "cashAndShortTermInvestments": "1855000000",
            "totalCurrentLiabilities": "2077000000",
            "currentDebt": "None",
            "netIncome": "-664000000",
            "capitalExpenditures": "1120000000",
            "operatingCashflow": "1677000000",
            "grossProfit": "1011000000",
            "totalRevenue": "2743000000",
            "sentiment": 0,
            "surprise": "0.01",
            "closePrice": "7.93791320666204"
        },
        {
            "fiscalDateEnding": "2007-09-30",
            "totalCurrentAssets": "8163000000",
            "cashAndShortTermInvestments": "1650000000",
            "totalCurrentLiabilities": "1925000000",
            "currentDebt": "None",
            "netIncome": "871000000",
            "capitalExpenditures": "315000000",
            "operatingCashflow": "-429000000",
            "grossProfit": "902000000",
            "totalRevenue": "2565000000",
            "sentiment": 0,
            "surprise": "0.06",
            "closePrice": "10.8460579285033"
        },
        {
            "fiscalDateEnding": "2007-06-30",
            "totalCurrentAssets": "7665000000",
            "cashAndShortTermInvestments": "1849000000",
            "totalCurrentLiabilities": "1936000000",
            "currentDebt": "None",
            "netIncome": "-758000000",
            "capitalExpenditures": "239000000",
            "operatingCashflow": "464000000",
            "grossProfit": "838000000",
            "totalRevenue": "2418000000",
            "sentiment": 0,
            "surprise": "0.02",
            "closePrice": "12.3596150678252"
        },
        {
            "fiscalDateEnding": "2007-03-31",
            "totalCurrentAssets": "6674000000",
            "cashAndShortTermInvestments": "2040000000",
            "totalCurrentLiabilities": "1763000000",
            "currentDebt": "None",
            "netIncome": "74000000",
            "capitalExpenditures": "304000000",
            "operatingCashflow": "476000000",
            "grossProfit": "785000000",
            "totalRevenue": "2276000000",
            "sentiment": 0,
            "surprise": "-0.03",
            "closePrice": "13.4756009154085"
        },
        {
            "fiscalDateEnding": "2006-12-31",
            "totalCurrentAssets": "6586000000",
            "cashAndShortTermInvestments": "1963000000",
            "totalCurrentLiabilities": "1963000000",
            "currentDebt": "None",
            "netIncome": "276000000",
            "capitalExpenditures": "472000000",
            "operatingCashflow": "559000000",
            "grossProfit": "900000000",
            "totalRevenue": "2483000000",
            "sentiment": 0,
            "surprise": "0.09",
            "closePrice": "11.9094293804458"
        },
        {
            "fiscalDateEnding": "2006-09-30",
            "totalCurrentAssets": "6574000000",
            "cashAndShortTermInvestments": "1958000000",
            "totalCurrentLiabilities": "2412000000",
            "currentDebt": "None",
            "netIncome": "207000000",
            "capitalExpenditures": "403000000",
            "operatingCashflow": "555000000",
            "grossProfit": "904000000",
            "totalRevenue": "2513000000",
            "sentiment": 0,
            "surprise": "0.01",
            "closePrice": "10.9501493152811"
        },
        {
            "fiscalDateEnding": "2006-06-30",
            "totalCurrentAssets": "7812000000",
            "cashAndShortTermInvestments": "2892000000",
            "totalCurrentLiabilities": "3810000000",
            "currentDebt": "None",
            "netIncome": "167000000",
            "capitalExpenditures": "447000000",
            "operatingCashflow": "800000000",
            "grossProfit": "882000000",
            "totalRevenue": "2495000000",
            "sentiment": 0,
            "surprise": "0.02",
            "closePrice": "9.89950924391025"
        },
        {
            "fiscalDateEnding": "2006-03-31",
            "totalCurrentAssets": "7491000000",
            "cashAndShortTermInvestments": "2831000000",
            "totalCurrentLiabilities": "3419000000",
            "currentDebt": "None",
            "netIncome": "132000000",
            "capitalExpenditures": "297000000",
            "operatingCashflow": "577000000",
            "grossProfit": "837000000",
            "totalRevenue": "2364000000",
            "sentiment": 0,
            "surprise": "0.03",
            "closePrice": "12.7196488050517"
        },
        {
            "fiscalDateEnding": "2005-12-31",
            "totalCurrentAssets": "5611000000",
            "cashAndShortTermInvestments": "2027000000",
            "totalCurrentLiabilities": "3299000000",
            "currentDebt": "None",
            "netIncome": "183000000",
            "capitalExpenditures": "230000000",
            "operatingCashflow": "555000000",
            "grossProfit": "872000000",
            "totalRevenue": "2389000000",
            "sentiment": 0,
            "surprise": "0.03",
            "closePrice": "12.4665537522982"
        },
        {
            "fiscalDateEnding": "2005-09-30",
            "totalCurrentAssets": "5440000000",
            "cashAndShortTermInvestments": "1242000000",
            "totalCurrentLiabilities": "3446000000",
            "currentDebt": "None",
            "netIncome": "88000000",
            "capitalExpenditures": "284000000",
            "operatingCashflow": "475000000",
            "grossProfit": "766000000",
            "totalRevenue": "2247000000",
            "sentiment": 0,
            "surprise": "0.03",
            "closePrice": "10.7792534006076"
        },
        {
            "fiscalDateEnding": "2005-06-30",
            "totalCurrentAssets": "5238000000",
            "cashAndShortTermInvestments": "1075000000",
            "totalCurrentLiabilities": "2212000000",
            "currentDebt": "None",
            "netIncome": "26000000",
            "capitalExpenditures": "363000000",
            "operatingCashflow": "409000000",
            "grossProfit": "714000000",
            "totalRevenue": "2162000000",
            "sentiment": 0,
            "surprise": "-0.02",
            "closePrice": "11.6358828099274"
        },
        {
            "fiscalDateEnding": "2005-03-31",
            "totalCurrentAssets": "5351000000",
            "cashAndShortTermInvestments": "1162000000",
            "totalCurrentLiabilities": "2238000000",
            "currentDebt": "None",
            "netIncome": "-31000000",
            "capitalExpenditures": "564000000",
            "operatingCashflow": "359000000",
            "grossProfit": "685000000",
            "totalRevenue": "2083000000",
            "sentiment": 0,
            "surprise": "-0.1",
            "closePrice": "10.0693066930732"
        },
        {
            "fiscalDateEnding": "2004-12-31",
            "totalCurrentAssets": "5627000000",
            "cashAndShortTermInvestments": "1950000000",
            "totalCurrentLiabilities": "2512000000",
            "currentDebt": "None",
            "netIncome": "187000000",
            "capitalExpenditures": "423000000",
            "operatingCashflow": "645000000",
            "grossProfit": "852000000",
            "totalRevenue": "2328000000",
            "sentiment": 0,
            "surprise": "0",
            "closePrice": "10.7853176110303"
        },
        {
            "fiscalDateEnding": "2004-09-30",
            "totalCurrentAssets": "5107000000",
            "cashAndShortTermInvestments": "601000000",
            "totalCurrentLiabilities": "2463000000",
            "currentDebt": "None",
            "netIncome": "189000000",
            "capitalExpenditures": "719000000",
            "operatingCashflow": "636000000",
            "grossProfit": "845000000",
            "totalRevenue": "2231000000",
            "sentiment": 0,
            "surprise": "0.03",
            "closePrice": "11.417471394452"
        },
        {
            "fiscalDateEnding": "2004-06-30",
            "totalCurrentAssets": "6006000000",
            "cashAndShortTermInvestments": "1656000000",
            "totalCurrentLiabilities": "3371000000",
            "currentDebt": "None",
            "netIncome": "148000000",
            "capitalExpenditures": "587000000",
            "operatingCashflow": "509000000",
            "grossProfit": "812000000",
            "totalRevenue": "2172000000",
            "sentiment": 0,
            "surprise": "0",
            "closePrice": "12.8623943279871"
        },
        {
            "fiscalDateEnding": "2004-03-31",
            "totalCurrentAssets": "6121000000",
            "cashAndShortTermInvestments": "2998000000",
            "totalCurrentLiabilities": "2077000000",
            "currentDebt": "None",
            "netIncome": "143600000",
            "capitalExpenditures": "406000000",
            "operatingCashflow": "778100000",
            "grossProfit": "759900000",
            "totalRevenue": "2113500000",
            "sentiment": 0,
            "surprise": "-0.04",
            "closePrice": "14.3691629160357"
        },
        {
            "fiscalDateEnding": "2003-12-31",
            "totalCurrentAssets": "6121000000",
            "cashAndShortTermInvestments": "2998000000",
            "totalCurrentLiabilities": "2077000000",
            "currentDebt": "None",
            "netIncome": "143600000",
            "capitalExpenditures": "406000000",
            "operatingCashflow": "778100000",
            "grossProfit": "759900000",
            "totalRevenue": "2113500000",
            "sentiment": 0,
            "surprise": "0",
            "closePrice": "18.1718202456259"
        }
    ]
}