{
    "STX": [
        {
            "fiscalDateEnding": "2023-12-31",
            "totalCurrentAssets": "2628000000",
            "cashAndShortTermInvestments": "787000000",
            "totalCurrentLiabilities": "2529000000",
            "currentDebt": "60000000",
            "netIncome": "-19000000",
            "capitalExpenditures": "70000000",
            "operatingCashflow": "169000000",
            "grossProfit": "201000000",
            "totalRevenue": "1471000000",
            "sentiment": 0.09490832573655518,
            "surprise": "0.18",
            "closePrice": "88.4616591012256"
        },
        {
            "fiscalDateEnding": "2023-09-30",
            "totalCurrentAssets": "2636000000",
            "cashAndShortTermInvestments": "795000000",
            "totalCurrentLiabilities": "2473000000",
            "currentDebt": "63000000",
            "netIncome": "-184000000",
            "capitalExpenditures": "70000000",
            "operatingCashflow": "127000000",
            "grossProfit": "-71000000",
            "totalRevenue": "1341000000",
            "sentiment": 0.10507527352977349,
            "surprise": "-0.01",
            "closePrice": "64.7631168774038"
        },
        {
            "fiscalDateEnding": "2023-06-30",
            "totalCurrentAssets": "2905000000",
            "cashAndShortTermInvestments": "786000000",
            "totalCurrentLiabilities": "2592000000",
            "currentDebt": "63000000",
            "netIncome": "-92000000",
            "capitalExpenditures": "50000000",
            "operatingCashflow": "218000000",
            "grossProfit": "211000000",
            "totalRevenue": "1624000000",
            "sentiment": 0.057543813366435874,
            "surprise": "0.07",
            "closePrice": "56.4091715894764"
        },
        {
            "fiscalDateEnding": "2023-03-31",
            "totalCurrentAssets": "3597000000",
            "cashAndShortTermInvestments": "766000000",
            "totalCurrentLiabilities": "3639000000",
            "currentDebt": "1118000000",
            "netIncome": "-433000000",
            "capitalExpenditures": "54000000",
            "operatingCashflow": "228000000",
            "grossProfit": "98000000",
            "totalRevenue": "1782000000",
            "sentiment": 0.1850958831625455,
            "surprise": "-0.49",
            "closePrice": "54.9287194209512"
        },
        {
            "fiscalDateEnding": "2022-12-31",
            "totalCurrentAssets": "3081000000",
            "cashAndShortTermInvestments": "770000000",
            "totalCurrentLiabilities": "2725000000",
            "currentDebt": "636000000",
            "netIncome": "-33000000",
            "capitalExpenditures": "79000000",
            "operatingCashflow": "251000000",
            "grossProfit": "167000000",
            "totalRevenue": "2014000000",
            "sentiment": -0.11646050147551486,
            "surprise": "0.06",
            "closePrice": "59.2361497003749"
        },
        {
            "fiscalDateEnding": "2022-09-30",
            "totalCurrentAssets": "3740000000",
            "cashAndShortTermInvestments": "761000000",
            "totalCurrentLiabilities": "3138000000",
            "currentDebt": "636000000",
            "netIncome": "29000000",
            "capitalExpenditures": "133000000",
            "operatingCashflow": "245000000",
            "grossProfit": "273000000",
            "totalRevenue": "1964000000",
            "sentiment": 0.010347788194161439,
            "surprise": "-0.24",
            "closePrice": "50.1172919890579"
        },
        {
            "fiscalDateEnding": "2022-06-30",
            "totalCurrentAssets": "4033000000",
            "cashAndShortTermInvestments": "615000000",
            "totalCurrentLiabilities": "3555000000",
            "currentDebt": "584000000",
            "netIncome": "276000000",
            "capitalExpenditures": "72000000",
            "operatingCashflow": "180000000",
            "grossProfit": "773000000",
            "totalRevenue": "2812000000",
            "sentiment": -0.0022184915921037492,
            "surprise": "-0.31",
            "closePrice": "77.5787197890599"
        },
        {
            "fiscalDateEnding": "2022-03-31",
            "totalCurrentAssets": "4259000000",
            "cashAndShortTermInvestments": "1138000000",
            "totalCurrentLiabilities": "2881000000",
            "currentDebt": "None",
            "netIncome": "346000000",
            "capitalExpenditures": "97000000",
            "operatingCashflow": "460000000",
            "grossProfit": "602000000",
            "totalRevenue": "2739000000",
            "sentiment": -0.045051801766847414,
            "surprise": "-0.03",
            "closePrice": "75.0178797252387"
        },
        {
            "fiscalDateEnding": "2021-12-31",
            "totalCurrentAssets": "4450000000",
            "cashAndShortTermInvestments": "1535000000",
            "totalCurrentLiabilities": "2992000000",
            "currentDebt": "235000000",
            "netIncome": "501000000",
            "capitalExpenditures": "95000000",
            "operatingCashflow": "521000000",
            "grossProfit": "750000000",
            "totalRevenue": "3054000000",
            "sentiment": 0,
            "surprise": "0.04",
            "closePrice": "87.8208565658879"
        },
        {
            "fiscalDateEnding": "2021-09-30",
            "totalCurrentAssets": "3668000000",
            "cashAndShortTermInvestments": "991000000",
            "totalCurrentLiabilities": "2889000000",
            "currentDebt": "None",
            "netIncome": "526000000",
            "capitalExpenditures": "117000000",
            "operatingCashflow": "496000000",
            "grossProfit": "763000000",
            "totalRevenue": "3056000000",
            "sentiment": 0,
            "surprise": "0.13",
            "closePrice": "79.0346639069771"
        },
        {
            "fiscalDateEnding": "2021-06-30",
            "totalCurrentAssets": "3779000000",
            "cashAndShortTermInvestments": "1209000000",
            "totalCurrentLiabilities": "2921000000",
            "currentDebt": "245000000",
            "netIncome": "482000000",
            "capitalExpenditures": "124000000",
            "operatingCashflow": "478000000",
            "grossProfit": "873000000",
            "totalRevenue": "3174000000",
            "sentiment": 0,
            "surprise": "0.11",
            "closePrice": "74.2299462886938"
        },
        {
            "fiscalDateEnding": "2021-03-31",
            "totalCurrentAssets": "3692000000",
            "cashAndShortTermInvestments": "1212000000",
            "totalCurrentLiabilities": "2993000000",
            "currentDebt": "None",
            "netIncome": "329000000",
            "capitalExpenditures": "104000000",
            "operatingCashflow": "378000000",
            "grossProfit": "555000000",
            "totalRevenue": "2672000000",
            "sentiment": 0,
            "surprise": "0.16",
            "closePrice": "74.980937634479"
        },
        {
            "fiscalDateEnding": "2020-12-31",
            "totalCurrentAssets": "4081000000",
            "cashAndShortTermInvestments": "1799000000",
            "totalCurrentLiabilities": "2621000000",
            "currentDebt": "None",
            "netIncome": "280000000",
            "capitalExpenditures": "159000000",
            "operatingCashflow": "473000000",
            "grossProfit": "522000000",
            "totalRevenue": "2571000000",
            "sentiment": 0,
            "surprise": "0.16",
            "closePrice": "55.6154341345969"
        },
        {
            "fiscalDateEnding": "2020-09-30",
            "totalCurrentAssets": "3994000000",
            "cashAndShortTermInvestments": "1664000000",
            "totalCurrentLiabilities": "2644000000",
            "currentDebt": "None",
            "netIncome": "223000000",
            "capitalExpenditures": "111000000",
            "operatingCashflow": "297000000",
            "grossProfit": "428000000",
            "totalRevenue": "2264000000",
            "sentiment": 0,
            "surprise": "0.05",
            "closePrice": "45.2867481395366"
        },
        {
            "fiscalDateEnding": "2020-06-30",
            "totalCurrentAssets": "4114000000",
            "cashAndShortTermInvestments": "1722000000",
            "totalCurrentLiabilities": "2722000000",
            "currentDebt": "None",
            "netIncome": "166000000",
            "capitalExpenditures": "114000000",
            "operatingCashflow": "388000000",
            "grossProfit": "654000000",
            "totalRevenue": "2669000000",
            "sentiment": 0,
            "surprise": "-0.09",
            "closePrice": "41.9002345114465"
        },
        {
            "fiscalDateEnding": "2020-03-31",
            "totalCurrentAssets": "4015000000",
            "cashAndShortTermInvestments": "1612000000",
            "totalCurrentLiabilities": "2690000000",
            "currentDebt": "None",
            "netIncome": "320000000",
            "capitalExpenditures": "130000000",
            "operatingCashflow": "390000000",
            "grossProfit": "578000000",
            "totalRevenue": "2669000000",
            "sentiment": 0,
            "surprise": "0.08",
            "closePrice": "43.1976892641437"
        },
        {
            "fiscalDateEnding": "2019-12-31",
            "totalCurrentAssets": "4152000000",
            "cashAndShortTermInvestments": "1744000000",
            "totalCurrentLiabilities": "2700000000",
            "currentDebt": "None",
            "netIncome": "318000000",
            "capitalExpenditures": "194000000",
            "operatingCashflow": "480000000",
            "grossProfit": "590000000",
            "totalRevenue": "2648000000",
            "sentiment": 0,
            "surprise": "0.03",
            "closePrice": "49.4645252540786"
        },
        {
            "fiscalDateEnding": "2019-09-30",
            "totalCurrentAssets": "4031000000",
            "cashAndShortTermInvestments": "1784000000",
            "totalCurrentLiabilities": "2549000000",
            "currentDebt": "None",
            "netIncome": "200000000",
            "capitalExpenditures": "147000000",
            "operatingCashflow": "456000000",
            "grossProfit": "477000000",
            "totalRevenue": "2523000000",
            "sentiment": 0,
            "surprise": "0.02",
            "closePrice": "47.8097548195523"
        },
        {
            "fiscalDateEnding": "2019-06-30",
            "totalCurrentAssets": "4363000000",
            "cashAndShortTermInvestments": "2220000000",
            "totalCurrentLiabilities": "2232000000",
            "currentDebt": "None",
            "netIncome": "983000000",
            "capitalExpenditures": "151000000",
            "operatingCashflow": "448000000",
            "grossProfit": "724000000",
            "totalRevenue": "2539000000",
            "sentiment": 0,
            "surprise": "0.02",
            "closePrice": "36.8328751435847"
        },
        {
            "fiscalDateEnding": "2019-03-31",
            "totalCurrentAssets": "3487000000",
            "cashAndShortTermInvestments": "1388000000",
            "totalCurrentLiabilities": "2146000000",
            "currentDebt": "None",
            "netIncome": "195000000",
            "capitalExpenditures": "147000000",
            "operatingCashflow": "438000000",
            "grossProfit": "405000000",
            "totalRevenue": "2258000000",
            "sentiment": 0,
            "surprise": "0.12",
            "closePrice": "39.0713104804121"
        },
        {
            "fiscalDateEnding": "2018-12-31",
            "totalCurrentAssets": "3676000000",
            "cashAndShortTermInvestments": "1357000000",
            "totalCurrentLiabilities": "2300000000",
            "currentDebt": "None",
            "netIncome": "384000000",
            "capitalExpenditures": "127000000",
            "operatingCashflow": "288000000",
            "grossProfit": "593000000",
            "totalRevenue": "2659000000",
            "sentiment": 0,
            "surprise": "0.14",
            "closePrice": "36.3549580688079"
        },
        {
            "fiscalDateEnding": "2018-09-30",
            "totalCurrentAssets": "4523000000",
            "cashAndShortTermInvestments": "1942000000",
            "totalCurrentLiabilities": "3175000000",
            "currentDebt": "None",
            "netIncome": "450000000",
            "capitalExpenditures": "177000000",
            "operatingCashflow": "587000000",
            "grossProfit": "698000000",
            "totalRevenue": "2933000000",
            "sentiment": 0,
            "surprise": "0.15",
            "closePrice": "34.7393142133404"
        },
        {
            "fiscalDateEnding": "2018-06-30",
            "totalCurrentAssets": "4310000000",
            "cashAndShortTermInvestments": "1853000000",
            "totalCurrentLiabilities": "3190000000",
            "currentDebt": "None",
            "netIncome": "461000000",
            "capitalExpenditures": "96000000",
            "operatingCashflow": "468000000",
            "grossProfit": "931000000",
            "totalRevenue": "3017000000",
            "sentiment": 0,
            "surprise": "0.17",
            "closePrice": "41.825399822603"
        },
        {
            "fiscalDateEnding": "2018-03-31",
            "totalCurrentAssets": "5247000000",
            "cashAndShortTermInvestments": "2926000000",
            "totalCurrentLiabilities": "3055000000",
            "currentDebt": "None",
            "netIncome": "381000000",
            "capitalExpenditures": "69000000",
            "operatingCashflow": "558000000",
            "grossProfit": "621000000",
            "totalRevenue": "2744000000",
            "sentiment": 0,
            "surprise": "0.13",
            "closePrice": "41.5364926305315"
        },
        {
            "fiscalDateEnding": "2017-12-31",
            "totalCurrentAssets": "4910000000",
            "cashAndShortTermInvestments": "2556000000",
            "totalCurrentLiabilities": "3113000000",
            "currentDebt": "None",
            "netIncome": "159000000",
            "capitalExpenditures": "77000000",
            "operatingCashflow": "850000000",
            "grossProfit": "608000000",
            "totalRevenue": "2853000000",
            "sentiment": 0,
            "surprise": "0.13",
            "closePrice": "41.7866666283706"
        },
        {
            "fiscalDateEnding": "2017-09-30",
            "totalCurrentAssets": "4824000000",
            "cashAndShortTermInvestments": "2285000000",
            "totalCurrentLiabilities": "2458000000",
            "currentDebt": "None",
            "netIncome": "181000000",
            "capitalExpenditures": "124000000",
            "operatingCashflow": "237000000",
            "grossProfit": "443000000",
            "totalRevenue": "2571000000",
            "sentiment": 0,
            "surprise": "0.1",
            "closePrice": "29.3977032435466"
        },
        {
            "fiscalDateEnding": "2017-06-30",
            "totalCurrentAssets": "5041000000",
            "cashAndShortTermInvestments": "2539000000",
            "totalCurrentLiabilities": "2626000000",
            "currentDebt": "None",
            "netIncome": "114000000",
            "capitalExpenditures": "104000000",
            "operatingCashflow": "243000000",
            "grossProfit": "385000000",
            "totalRevenue": "2566000000",
            "sentiment": 0,
            "surprise": "-0.33",
            "closePrice": "24.3268881287761"
        },
        {
            "fiscalDateEnding": "2017-03-31",
            "totalCurrentAssets": "5460000000",
            "cashAndShortTermInvestments": "3026000000",
            "totalCurrentLiabilities": "2789000000",
            "currentDebt": "None",
            "netIncome": "194000000",
            "capitalExpenditures": "95000000",
            "operatingCashflow": "426000000",
            "grossProfit": "516000000",
            "totalRevenue": "2614000000",
            "sentiment": 0,
            "surprise": "0.03",
            "closePrice": "30.3255740450443"
        },
        {
            "fiscalDateEnding": "2016-12-31",
            "totalCurrentAssets": "4140000000",
            "cashAndShortTermInvestments": "1716000000",
            "totalCurrentLiabilities": "2681000000",
            "currentDebt": "None",
            "netIncome": "297000000",
            "capitalExpenditures": "95000000",
            "operatingCashflow": "656000000",
            "grossProfit": "611000000",
            "totalRevenue": "2844000000",
            "sentiment": 0,
            "surprise": "0.3",
            "closePrice": "26.6621269653747"
        },
        {
            "fiscalDateEnding": "2016-09-30",
            "totalCurrentAssets": "3928000000",
            "cashAndShortTermInvestments": "1494000000",
            "totalCurrentLiabilities": "2608000000",
            "currentDebt": "None",
            "netIncome": "167000000",
            "capitalExpenditures": "140000000",
            "operatingCashflow": "591000000",
            "grossProfit": "472000000",
            "totalRevenue": "2747000000",
            "sentiment": 0,
            "surprise": "0.09",
            "closePrice": "24.0488906183829"
        },
        {
            "fiscalDateEnding": "2016-06-30",
            "totalCurrentAssets": "3533000000",
            "cashAndShortTermInvestments": "1131000000",
            "totalCurrentLiabilities": "2249000000",
            "currentDebt": "None",
            "netIncome": "70000000",
            "capitalExpenditures": "146000000",
            "operatingCashflow": "269000000",
            "grossProfit": "346000000",
            "totalRevenue": "2796000000",
            "sentiment": 0,
            "surprise": "0.09",
            "closePrice": "21.1073368134687"
        },
        {
            "fiscalDateEnding": "2016-03-31",
            "totalCurrentAssets": "3600000000",
            "cashAndShortTermInvestments": "1193000000",
            "totalCurrentLiabilities": "2259000000",
            "currentDebt": "None",
            "netIncome": "-21000000",
            "capitalExpenditures": "95000000",
            "operatingCashflow": "205000000",
            "grossProfit": "263000000",
            "totalRevenue": "2548000000",
            "sentiment": 0,
            "surprise": "-0.15",
            "closePrice": "14.5126211222582"
        },
        {
            "fiscalDateEnding": "2015-12-31",
            "totalCurrentAssets": "3931000000",
            "cashAndShortTermInvestments": "1258000000",
            "totalCurrentLiabilities": "2539000000",
            "currentDebt": "None",
            "netIncome": "165000000",
            "capitalExpenditures": "137000000",
            "operatingCashflow": "382000000",
            "grossProfit": "470000000",
            "totalRevenue": "2938000000",
            "sentiment": 0,
            "surprise": "0.11",
            "closePrice": "18.9870570315053"
        },
        {
            "fiscalDateEnding": "2015-09-30",
            "totalCurrentAssets": "4882000000",
            "cashAndShortTermInvestments": "1915000000",
            "totalCurrentLiabilities": "2718000000",
            "currentDebt": "None",
            "netIncome": "34000000",
            "capitalExpenditures": "209000000",
            "operatingCashflow": "824000000",
            "grossProfit": "360000000",
            "totalRevenue": "2878000000",
            "sentiment": 0,
            "surprise": "0.04",
            "closePrice": "24.478626092251"
        },
        {
            "fiscalDateEnding": "2015-06-30",
            "totalCurrentAssets": "5568000000",
            "cashAndShortTermInvestments": "2485000000",
            "totalCurrentLiabilities": "2343000000",
            "currentDebt": "None",
            "netIncome": "137000000",
            "capitalExpenditures": "201000000",
            "operatingCashflow": "231000000",
            "grossProfit": "447000000",
            "totalRevenue": "2850000000",
            "sentiment": 0,
            "surprise": "0.13",
            "closePrice": "32.1925754628455"
        },
        {
            "fiscalDateEnding": "2015-03-31",
            "totalCurrentAssets": "5831000000",
            "cashAndShortTermInvestments": "2604000000",
            "totalCurrentLiabilities": "3043000000",
            "currentDebt": "None",
            "netIncome": "291000000",
            "capitalExpenditures": "159000000",
            "operatingCashflow": "374000000",
            "grossProfit": "634000000",
            "totalRevenue": "3282000000",
            "sentiment": 0,
            "surprise": "0.04",
            "closePrice": "36.2018700633151"
        },
        {
            "fiscalDateEnding": "2014-12-31",
            "totalCurrentAssets": "6632000000",
            "cashAndShortTermInvestments": "3296000000",
            "totalCurrentLiabilities": "2819000000",
            "currentDebt": "None",
            "netIncome": "933000000",
            "capitalExpenditures": "215000000",
            "operatingCashflow": "1443000000",
            "grossProfit": "717000000",
            "totalRevenue": "3646000000",
            "sentiment": 0,
            "surprise": "0",
            "closePrice": "36.8969601967725"
        },
        {
            "fiscalDateEnding": "2014-09-30",
            "totalCurrentAssets": "5583000000",
            "cashAndShortTermInvestments": "2190000000",
            "totalCurrentLiabilities": "2596000000",
            "currentDebt": "None",
            "netIncome": "381000000",
            "capitalExpenditures": "172000000",
            "operatingCashflow": "602000000",
            "grossProfit": "727000000",
            "totalRevenue": "3717000000",
            "sentiment": 0,
            "surprise": "0.09",
            "closePrice": "36.3828474077765"
        },
        {
            "fiscalDateEnding": "2014-06-30",
            "totalCurrentAssets": "5777000000",
            "cashAndShortTermInvestments": "2654000000",
            "totalCurrentLiabilities": "2398000000",
            "currentDebt": "None",
            "netIncome": "320000000",
            "capitalExpenditures": "131000000",
            "operatingCashflow": "577000000",
            "grossProfit": "574000000",
            "totalRevenue": "3143000000",
            "sentiment": 0,
            "surprise": "0",
            "closePrice": "36.5712095736438"
        },
        {
            "fiscalDateEnding": "2014-03-31",
            "totalCurrentAssets": "5151000000",
            "cashAndShortTermInvestments": "2310000000",
            "totalCurrentLiabilities": "2162000000",
            "currentDebt": "None",
            "netIncome": "395000000",
            "capitalExpenditures": "124000000",
            "operatingCashflow": "443000000",
            "grossProfit": "689000000",
            "totalRevenue": "3354000000",
            "sentiment": 0,
            "surprise": "0.09",
            "closePrice": "32.6011278181108"
        },
        {
            "fiscalDateEnding": "2013-12-31",
            "totalCurrentAssets": "5289000000",
            "cashAndShortTermInvestments": "2297000000",
            "totalCurrentLiabilities": "2457000000",
            "currentDebt": "None",
            "netIncome": "428000000",
            "capitalExpenditures": "143000000",
            "operatingCashflow": "856000000",
            "grossProfit": "693000000",
            "totalRevenue": "3479000000",
            "sentiment": 0,
            "surprise": "-0.06",
            "closePrice": "35.0737589834905"
        },
        {
            "fiscalDateEnding": "2013-09-30",
            "totalCurrentAssets": "5625000000",
            "cashAndShortTermInvestments": "2032000000",
            "totalCurrentLiabilities": "2514000000",
            "currentDebt": "None",
            "netIncome": "427000000",
            "capitalExpenditures": "161000000",
            "operatingCashflow": "682000000",
            "grossProfit": "713000000",
            "totalRevenue": "3447000000",
            "sentiment": 0,
            "surprise": "-0.01",
            "closePrice": "29.8465521743361"
        },
        {
            "fiscalDateEnding": "2013-06-30",
            "totalCurrentAssets": "5412000000",
            "cashAndShortTermInvestments": "2289000000",
            "totalCurrentLiabilities": "2611000000",
            "currentDebt": "None",
            "netIncome": "348000000",
            "capitalExpenditures": "128000000",
            "operatingCashflow": "388000000",
            "grossProfit": "570000000",
            "totalRevenue": "3275000000",
            "sentiment": 0,
            "surprise": "0.01",
            "closePrice": "26.2113961850302"
        },
        {
            "fiscalDateEnding": "2013-03-31",
            "totalCurrentAssets": "4987000000",
            "cashAndShortTermInvestments": "1534000000",
            "totalCurrentLiabilities": "2601000000",
            "currentDebt": "None",
            "netIncome": "416000000",
            "capitalExpenditures": "231000000",
            "operatingCashflow": "683000000",
            "grossProfit": "689000000",
            "totalRevenue": "3473000000",
            "sentiment": 0,
            "surprise": "0.11",
            "closePrice": "21.7062161833717"
        },
        {
            "fiscalDateEnding": "2012-12-31",
            "totalCurrentAssets": "5017000000",
            "cashAndShortTermInvestments": "1481000000",
            "totalCurrentLiabilities": "2643000000",
            "currentDebt": "None",
            "netIncome": "492000000",
            "capitalExpenditures": "164000000",
            "operatingCashflow": "844000000",
            "grossProfit": "777000000",
            "totalRevenue": "3613000000",
            "sentiment": 0,
            "surprise": "0.11",
            "closePrice": "21.982391646452"
        },
        {
            "fiscalDateEnding": "2012-09-30",
            "totalCurrentAssets": "5749000000",
            "cashAndShortTermInvestments": "1994000000",
            "totalCurrentLiabilities": "2753000000",
            "currentDebt": "None",
            "netIncome": "582000000",
            "capitalExpenditures": "263000000",
            "operatingCashflow": "1132000000",
            "grossProfit": "876000000",
            "totalRevenue": "3716000000",
            "sentiment": 0,
            "surprise": "-0.22",
            "closePrice": "15.6698175000287"
        },
        {
            "fiscalDateEnding": "2012-06-30",
            "totalCurrentAssets": "6310000000",
            "cashAndShortTermInvestments": "2211000000",
            "totalCurrentLiabilities": "3396000000",
            "currentDebt": "None",
            "netIncome": "1013000000",
            "capitalExpenditures": "139000000",
            "operatingCashflow": "1445000000",
            "grossProfit": "1258000000",
            "totalRevenue": "4421000000",
            "sentiment": 0,
            "surprise": "-0.1",
            "closePrice": "17.2853915803671"
        },
        {
            "fiscalDateEnding": "2012-03-31",
            "totalCurrentAssets": "6368000000",
            "cashAndShortTermInvestments": "2144000000",
            "totalCurrentLiabilities": "3154000000",
            "currentDebt": "None",
            "netIncome": "1146000000",
            "capitalExpenditures": "136000000",
            "operatingCashflow": "938000000",
            "grossProfit": "1433000000",
            "totalRevenue": "4403000000",
            "sentiment": 0,
            "surprise": "0.53",
            "closePrice": "15.7148539528366"
        },
        {
            "fiscalDateEnding": "2011-12-31",
            "totalCurrentAssets": "5400000000",
            "cashAndShortTermInvestments": "1918000000",
            "totalCurrentLiabilities": "2372000000",
            "currentDebt": "None",
            "netIncome": "563000000",
            "capitalExpenditures": "143000000",
            "operatingCashflow": "719000000",
            "grossProfit": "806000000",
            "totalRevenue": "3137000000",
            "sentiment": 0,
            "surprise": "0.24",
            "closePrice": "11.7982826711473"
        },
        {
            "fiscalDateEnding": "2011-09-30",
            "totalCurrentAssets": "5998000000",
            "cashAndShortTermInvestments": "2988000000",
            "totalCurrentLiabilities": "3039000000",
            "currentDebt": "None",
            "netIncome": "140000000",
            "capitalExpenditures": "218000000",
            "operatingCashflow": "160000000",
            "grossProfit": "380000000",
            "totalRevenue": "2747000000",
            "sentiment": 0,
            "surprise": "0.03",
            "closePrice": "6.65697496640977"
        },
        {
            "fiscalDateEnding": "2011-06-30",
            "totalCurrentAssets": "6425000000",
            "cashAndShortTermInvestments": "3253000000",
            "totalCurrentLiabilities": "3463000000",
            "currentDebt": "None",
            "netIncome": "119000000",
            "capitalExpenditures": "158000000",
            "operatingCashflow": "317000000",
            "grossProfit": "370000000",
            "totalRevenue": "2815000000",
            "sentiment": 0,
            "surprise": "0.03",
            "closePrice": "9.24782052967961"
        },
        {
            "fiscalDateEnding": "2011-03-31",
            "totalCurrentAssets": "5504000000",
            "cashAndShortTermInvestments": "2201000000",
            "totalCurrentLiabilities": "3105000000",
            "currentDebt": "None",
            "netIncome": "93000000",
            "capitalExpenditures": "125000000",
            "operatingCashflow": "195000000",
            "grossProfit": "344000000",
            "totalRevenue": "2636000000",
            "sentiment": 0,
            "surprise": "-0.02",
            "closePrice": "9.66176830226432"
        },
        {
            "fiscalDateEnding": "2010-12-31",
            "totalCurrentAssets": "5826000000",
            "cashAndShortTermInvestments": "2911000000",
            "totalCurrentLiabilities": "3178000000",
            "currentDebt": "None",
            "netIncome": "150000000",
            "capitalExpenditures": "202000000",
            "operatingCashflow": "507000000",
            "grossProfit": "373000000",
            "totalRevenue": "2673000000",
            "sentiment": 0,
            "surprise": "0",
            "closePrice": "7.61409850033435"
        },
        {
            "fiscalDateEnding": "2010-09-30",
            "totalCurrentAssets": "5156000000",
            "cashAndShortTermInvestments": "1783000000",
            "totalCurrentLiabilities": "3116000000",
            "currentDebt": "None",
            "netIncome": "149000000",
            "capitalExpenditures": "358000000",
            "operatingCashflow": "245000000",
            "grossProfit": "370000000",
            "totalRevenue": "2627000000",
            "sentiment": 0,
            "surprise": "-0.08",
            "closePrice": "8.19606781246181"
        }
    ]
}