{
    "SWI": [
        {
            "fiscalDateEnding": "2023-12-31",
            "totalCurrentAssets": "421327000",
            "cashAndShortTermInvestments": "289172000",
            "totalCurrentLiabilities": "468808000",
            "currentDebt": "12450000",
            "netIncome": "-576000",
            "capitalExpenditures": "4867000",
            "operatingCashflow": "226672000",
            "grossProfit": "176291000",
            "totalRevenue": "205575000",
            "sentiment": 0.056221100423972784,
            "surprise": "0.03",
            "closePrice": "13.27"
        },
        {
            "fiscalDateEnding": "2023-09-30",
            "totalCurrentAssets": "361096000",
            "cashAndShortTermInvestments": "235210000",
            "totalCurrentLiabilities": "435518000",
            "currentDebt": "12450000",
            "netIncome": "-3172000",
            "capitalExpenditures": "5150000",
            "operatingCashflow": "68422000",
            "grossProfit": "168222000",
            "totalRevenue": "189591000",
            "sentiment": 0.05308484181666262,
            "surprise": "0.05",
            "closePrice": "10.32"
        },
        {
            "fiscalDateEnding": "2023-06-30",
            "totalCurrentAssets": "330679000",
            "cashAndShortTermInvestments": "178189000",
            "totalCurrentLiabilities": "436479000",
            "currentDebt": "12450000",
            "netIncome": "260000",
            "capitalExpenditures": "4774000",
            "operatingCashflow": "48968000",
            "grossProfit": "163076000",
            "totalRevenue": "185034000",
            "sentiment": 0.06592172140478246,
            "surprise": "0.04",
            "closePrice": "11.85"
        },
        {
            "fiscalDateEnding": "2023-03-31",
            "totalCurrentAssets": "314019000",
            "cashAndShortTermInvestments": "140733000",
            "totalCurrentLiabilities": "430339000",
            "currentDebt": "12450000",
            "netIncome": "-5621000",
            "capitalExpenditures": "3480000",
            "operatingCashflow": "799000",
            "grossProfit": "164146000",
            "totalRevenue": "183126000",
            "sentiment": 0.06328374377100456,
            "surprise": "0.04",
            "closePrice": "8.66"
        },
        {
            "fiscalDateEnding": "2022-12-31",
            "totalCurrentAssets": "307393000",
            "cashAndShortTermInvestments": "148852000",
            "totalCurrentLiabilities": "456633000",
            "currentDebt": "9338000",
            "netIncome": "-10411000",
            "capitalExpenditures": "4081000",
            "operatingCashflow": "-719844000",
            "grossProfit": "165443000",
            "totalRevenue": "194895000",
            "sentiment": 0.03846942234047161,
            "surprise": "-0.02",
            "closePrice": "10.39"
        },
        {
            "fiscalDateEnding": "2022-09-30",
            "totalCurrentAssets": "635286000",
            "cashAndShortTermInvestments": "492539000",
            "totalCurrentLiabilities": "433361000",
            "currentDebt": "19900000",
            "netIncome": "-292219000",
            "capitalExpenditures": "5628000",
            "operatingCashflow": "25286000",
            "grossProfit": "159205000",
            "totalRevenue": "179396000",
            "sentiment": 0.07232780343382737,
            "surprise": "0",
            "closePrice": "8.06"
        },
        {
            "fiscalDateEnding": "2022-06-30",
            "totalCurrentAssets": "885974000",
            "cashAndShortTermInvestments": "778208000",
            "totalCurrentLiabilities": "411991000",
            "currentDebt": "19900000",
            "netIncome": "-622124000",
            "capitalExpenditures": "6741000",
            "operatingCashflow": "41182000",
            "grossProfit": "156926000",
            "totalRevenue": "176034000",
            "sentiment": -0.016102250152087858,
            "surprise": "0.01",
            "closePrice": "9.37"
        },
        {
            "fiscalDateEnding": "2022-03-31",
            "totalCurrentAssets": "873351000",
            "cashAndShortTermInvestments": "751218000",
            "totalCurrentLiabilities": "410691000",
            "currentDebt": "19900000",
            "netIncome": "-4659000",
            "capitalExpenditures": "4300000",
            "operatingCashflow": "40258000",
            "grossProfit": "141810000",
            "totalRevenue": "174330000",
            "sentiment": -0.06818304350122541,
            "surprise": "0.02",
            "closePrice": "11.71"
        },
        {
            "fiscalDateEnding": "2021-12-31",
            "totalCurrentAssets": "858840000",
            "cashAndShortTermInvestments": "732116000",
            "totalCurrentLiabilities": "413877000",
            "currentDebt": "19900000",
            "netIncome": "-23645000",
            "capitalExpenditures": "3882000",
            "operatingCashflow": "-28032000",
            "grossProfit": "129429000",
            "totalRevenue": "186717000",
            "sentiment": 0,
            "surprise": "0.04",
            "closePrice": "13.72"
        },
        {
            "fiscalDateEnding": "2021-09-30",
            "totalCurrentAssets": "820480000",
            "cashAndShortTermInvestments": "708890000",
            "totalCurrentLiabilities": "406568000",
            "currentDebt": "19900000",
            "netIncome": "-8979000",
            "capitalExpenditures": "-11913000",
            "operatingCashflow": "1080000",
            "grossProfit": "123440000",
            "totalRevenue": "181271000",
            "sentiment": 0,
            "surprise": "0.1",
            "closePrice": "16.63"
        },
        {
            "fiscalDateEnding": "2021-06-30",
            "totalCurrentAssets": "544363000",
            "cashAndShortTermInvestments": "410635000",
            "totalCurrentLiabilities": "446873000",
            "currentDebt": "19900000",
            "netIncome": "-11624000",
            "capitalExpenditures": "13971000",
            "operatingCashflow": "56107000",
            "grossProfit": "120962000",
            "totalRevenue": "176788000",
            "sentiment": 0,
            "surprise": "0.01",
            "closePrice": "20.9906556580864"
        },
        {
            "fiscalDateEnding": "2021-03-31",
            "totalCurrentAssets": "530410000",
            "cashAndShortTermInvestments": "374352000",
            "totalCurrentLiabilities": "469159000",
            "currentDebt": "19900000",
            "netIncome": "-7160000",
            "capitalExpenditures": "7976000",
            "operatingCashflow": "26931000",
            "grossProfit": "117785000",
            "totalRevenue": "173856000",
            "sentiment": 0,
            "surprise": "0.07",
            "closePrice": "16.8803728818422"
        },
        {
            "fiscalDateEnding": "2020-12-31",
            "totalCurrentAssets": "512733000",
            "cashAndShortTermInvestments": "370498000",
            "totalCurrentLiabilities": "491204000",
            "currentDebt": "19900000",
            "netIncome": "132713000",
            "capitalExpenditures": "10940000",
            "operatingCashflow": "104077000",
            "grossProfit": "130280000",
            "totalRevenue": "185549000",
            "sentiment": 0,
            "surprise": "0.03",
            "closePrice": "15.2568839488261"
        },
        {
            "fiscalDateEnding": "2020-09-30",
            "totalCurrentAssets": "563109000",
            "cashAndShortTermInvestments": "424986000",
            "totalCurrentLiabilities": "445397000",
            "currentDebt": "19900000",
            "netIncome": "12502000",
            "capitalExpenditures": "10975000",
            "operatingCashflow": "100927000",
            "grossProfit": "131891000",
            "totalRevenue": "184818000",
            "sentiment": 0,
            "surprise": "0.08",
            "closePrice": "21.1249162368361"
        },
        {
            "fiscalDateEnding": "2020-06-30",
            "totalCurrentAssets": "459078000",
            "cashAndShortTermInvestments": "331414000",
            "totalCurrentLiabilities": "432800000",
            "currentDebt": "19900000",
            "netIncome": "12845000",
            "capitalExpenditures": "8075000",
            "operatingCashflow": "105719000",
            "grossProfit": "121381000",
            "totalRevenue": "172665000",
            "sentiment": 0,
            "surprise": "0.09",
            "closePrice": "18.689682837312"
        },
        {
            "fiscalDateEnding": "2020-03-31",
            "totalCurrentAssets": "385717000",
            "cashAndShortTermInvestments": "236955000",
            "totalCurrentLiabilities": "425324000",
            "currentDebt": "33126000",
            "netIncome": "415000",
            "capitalExpenditures": "8230000",
            "operatingCashflow": "78371000",
            "grossProfit": "121775000",
            "totalRevenue": "173738000",
            "sentiment": 0,
            "surprise": "0",
            "closePrice": "16.6065313750684"
        },
        {
            "fiscalDateEnding": "2019-12-31",
            "totalCurrentAssets": "319899000",
            "cashAndShortTermInvestments": "173372000",
            "totalCurrentLiabilities": "423013000",
            "currentDebt": "33993000",
            "netIncome": "13223000",
            "capitalExpenditures": "8834000",
            "operatingCashflow": "83061000",
            "grossProfit": "182161000",
            "totalRevenue": "247495000",
            "sentiment": 0,
            "surprise": "0.04",
            "closePrice": "20.6359135461686"
        },
        {
            "fiscalDateEnding": "2019-09-30",
            "totalCurrentAssets": "348109000",
            "cashAndShortTermInvestments": "221060000",
            "totalCurrentLiabilities": "390265000",
            "currentDebt": "19900000",
            "netIncome": "4393000",
            "capitalExpenditures": "2953000",
            "operatingCashflow": "75194000",
            "grossProfit": "175704000",
            "totalRevenue": "240490000",
            "sentiment": 0,
            "surprise": "0.02",
            "closePrice": "19.9708698868608"
        },
        {
            "fiscalDateEnding": "2019-06-30",
            "totalCurrentAssets": "280071000",
            "cashAndShortTermInvestments": "155290000",
            "totalCurrentLiabilities": "379899000",
            "currentDebt": "19900000",
            "netIncome": "-2119000",
            "capitalExpenditures": "5444000",
            "operatingCashflow": "78289000",
            "grossProfit": "165390000",
            "totalRevenue": "228748000",
            "sentiment": 0,
            "surprise": "0.02",
            "closePrice": "17.5062963258966"
        },
        {
            "fiscalDateEnding": "2019-03-31",
            "totalCurrentAssets": "566254000",
            "cashAndShortTermInvestments": "434465000",
            "totalCurrentLiabilities": "374778000",
            "currentDebt": "19900000",
            "netIncome": "3145000",
            "capitalExpenditures": "5810000",
            "operatingCashflow": "63363000",
            "grossProfit": "153816000",
            "totalRevenue": "215792000",
            "sentiment": 0,
            "surprise": "0.06",
            "closePrice": "19.2862661199263"
        },
        {
            "fiscalDateEnding": "2018-12-31",
            "totalCurrentAssets": "500308000",
            "cashAndShortTermInvestments": "382620000",
            "totalCurrentLiabilities": "370775000",
            "currentDebt": "None",
            "netIncome": "-14743000",
            "capitalExpenditures": "3756000",
            "operatingCashflow": "88060000",
            "grossProfit": "159184000",
            "totalRevenue": "221181000",
            "sentiment": 0,
            "surprise": "0.03",
            "closePrice": "17.1639944424293"
        },
        {
            "fiscalDateEnding": "2018-09-30",
            "totalCurrentAssets": "394245000",
            "cashAndShortTermInvestments": "278333000",
            "totalCurrentLiabilities": "339450000",
            "currentDebt": "19900000",
            "netIncome": "-398000",
            "capitalExpenditures": "4319000",
            "operatingCashflow": "58957000",
            "grossProfit": "151420000",
            "totalRevenue": "213277000",
            "sentiment": 0,
            "surprise": "-0.01",
            "closePrice": "14.7287610429052"
        }
    ]
}