{
    "SWKS": [
        {
            "fiscalDateEnding": "2023-12-31",
            "totalCurrentAssets": "3086600000",
            "cashAndShortTermInvestments": "1045600000",
            "totalCurrentLiabilities": "615100000",
            "currentDebt": "0",
            "netIncome": "231300000",
            "capitalExpenditures": "29800000",
            "operatingCashflow": "774900000",
            "grossProfit": "506600000",
            "totalRevenue": "1201500000",
            "sentiment": 0.1761419903816563,
            "surprise": "0.02",
            "closePrice": "103.650651153883"
        },
        {
            "fiscalDateEnding": "2023-09-30",
            "totalCurrentAssets": "3179500000",
            "cashAndShortTermInvestments": "750000000",
            "totalCurrentLiabilities": "955700000",
            "currentDebt": "299400000",
            "netIncome": "244800000",
            "capitalExpenditures": "77100000",
            "operatingCashflow": "365500000",
            "grossProfit": "478100000",
            "totalRevenue": "1154400000",
            "sentiment": 0.19786233749386448,
            "surprise": "0.1",
            "closePrice": "88.2835586313967"
        },
        {
            "fiscalDateEnding": "2023-06-30",
            "totalCurrentAssets": "3124900000",
            "cashAndShortTermInvestments": "736500000",
            "totalCurrentLiabilities": "816900000",
            "currentDebt": "150000000",
            "netIncome": "195800000",
            "capitalExpenditures": "35000000",
            "operatingCashflow": "305800000",
            "grossProfit": "464100000",
            "totalRevenue": "1071200000",
            "sentiment": -0.004871808870430903,
            "surprise": "0.03",
            "closePrice": "107.981216683202"
        },
        {
            "fiscalDateEnding": "2023-03-31",
            "totalCurrentAssets": "3399200000",
            "cashAndShortTermInvestments": "1061400000",
            "totalCurrentLiabilities": "1168700000",
            "currentDebt": "499800000",
            "netIncome": "232800000",
            "capitalExpenditures": "52700000",
            "operatingCashflow": "411700000",
            "grossProfit": "527400000",
            "totalRevenue": "1153100000",
            "sentiment": 0.1843837491534697,
            "surprise": "0",
            "closePrice": "102.543953167631"
        },
        {
            "fiscalDateEnding": "2022-12-31",
            "totalCurrentAssets": "3414300000",
            "cashAndShortTermInvestments": "992600000",
            "totalCurrentLiabilities": "1225500000",
            "currentDebt": "499500000",
            "netIncome": "309400000",
            "capitalExpenditures": "71300000",
            "operatingCashflow": "773400000",
            "grossProfit": "637700000",
            "totalRevenue": "1329300000",
            "sentiment": 0.20069555198607825,
            "surprise": "-0.02",
            "closePrice": "105.89069479519"
        },
        {
            "fiscalDateEnding": "2022-09-30",
            "totalCurrentAssets": "3229900000",
            "cashAndShortTermInvestments": "606600000",
            "totalCurrentLiabilities": "1226900000",
            "currentDebt": "499200000",
            "netIncome": "302200000",
            "capitalExpenditures": "145700000",
            "operatingCashflow": "236300000",
            "grossProfit": "668600000",
            "totalRevenue": "1359000000",
            "sentiment": 0.1633796581553448,
            "surprise": "0.12",
            "closePrice": "79.2526058228797"
        },
        {
            "fiscalDateEnding": "2022-06-30",
            "totalCurrentAssets": "2908000000",
            "cashAndShortTermInvestments": "643000000",
            "totalCurrentLiabilities": "1226100000",
            "currentDebt": "498800000",
            "netIncome": "267300000",
            "capitalExpenditures": "127500000",
            "operatingCashflow": "213800000",
            "grossProfit": "583300000",
            "totalRevenue": "1232600000",
            "sentiment": 0.013298661200247502,
            "surprise": "0.09",
            "closePrice": "108.618990857186"
        },
        {
            "fiscalDateEnding": "2022-03-31",
            "totalCurrentAssets": "2775500000",
            "cashAndShortTermInvestments": "656400000",
            "totalCurrentLiabilities": "696600000",
            "currentDebt": "None",
            "netIncome": "305800000",
            "capitalExpenditures": "134900000",
            "operatingCashflow": "392800000",
            "grossProfit": "637600000",
            "totalRevenue": "1335600000",
            "sentiment": 0.023891756579177824,
            "surprise": "0",
            "closePrice": "113.689580757138"
        },
        {
            "fiscalDateEnding": "2021-12-31",
            "totalCurrentAssets": "2863400000",
            "cashAndShortTermInvestments": "1013400000",
            "totalCurrentLiabilities": "681900000",
            "currentDebt": "None",
            "netIncome": "399900000",
            "capitalExpenditures": "101600000",
            "operatingCashflow": "581700000",
            "grossProfit": "714700000",
            "totalRevenue": "1510400000",
            "sentiment": 0,
            "surprise": "0.04",
            "closePrice": "131.298555402133"
        },
        {
            "fiscalDateEnding": "2021-09-30",
            "totalCurrentAssets": "2865400000",
            "cashAndShortTermInvestments": "1020100000",
            "totalCurrentLiabilities": "658500000",
            "currentDebt": "0",
            "netIncome": "326300000",
            "capitalExpenditures": "269900000",
            "operatingCashflow": "398300000",
            "grossProfit": "613700000",
            "totalRevenue": "1297500000",
            "sentiment": 0,
            "surprise": "0.09",
            "closePrice": "161.843010600756"
        },
        {
            "fiscalDateEnding": "2021-06-30",
            "totalCurrentAssets": "4521900000",
            "cashAndShortTermInvestments": "2845000000",
            "totalCurrentLiabilities": "578300000",
            "currentDebt": "None",
            "netIncome": "337800000",
            "capitalExpenditures": "116500000",
            "operatingCashflow": "272900000",
            "grossProfit": "558600000",
            "totalRevenue": "1116400000",
            "sentiment": 0,
            "surprise": "0.01",
            "closePrice": "185.154925167907"
        },
        {
            "fiscalDateEnding": "2021-03-31",
            "totalCurrentAssets": "2804700000",
            "cashAndShortTermInvestments": "1423600000",
            "totalCurrentLiabilities": "538400000",
            "currentDebt": "None",
            "netIncome": "325000000",
            "capitalExpenditures": "142500000",
            "operatingCashflow": "615700000",
            "grossProfit": "578400000",
            "totalRevenue": "1171800000",
            "sentiment": 0,
            "surprise": "0.02",
            "closePrice": "185.709614378855"
        },
        {
            "fiscalDateEnding": "2020-12-31",
            "totalCurrentAssets": "2575200000",
            "cashAndShortTermInvestments": "617200000",
            "totalCurrentLiabilities": "507600000",
            "currentDebt": "None",
            "netIncome": "509300000",
            "capitalExpenditures": "123200000",
            "operatingCashflow": "485100000",
            "grossProfit": "761700000",
            "totalRevenue": "1510000000",
            "sentiment": 0,
            "surprise": "1.28",
            "closePrice": "149.582777664768"
        },
        {
            "fiscalDateEnding": "2020-09-30",
            "totalCurrentAssets": "2317600000",
            "cashAndShortTermInvestments": "974800000",
            "totalCurrentLiabilities": "448400000",
            "currentDebt": "28200000",
            "netIncome": "246900000",
            "capitalExpenditures": "147400000",
            "operatingCashflow": "267000000",
            "grossProfit": "458900000",
            "totalRevenue": "956800000",
            "sentiment": 0,
            "surprise": "0.33",
            "closePrice": "132.559694253829"
        },
        {
            "fiscalDateEnding": "2020-06-30",
            "totalCurrentAssets": "2337400000",
            "cashAndShortTermInvestments": "1138300000",
            "totalCurrentLiabilities": "401100000",
            "currentDebt": "24000000",
            "netIncome": "129700000",
            "capitalExpenditures": "79000000",
            "operatingCashflow": "258700000",
            "grossProfit": "334100000",
            "totalRevenue": "736800000",
            "sentiment": 0,
            "surprise": "0.13",
            "closePrice": "125.797582807419"
        },
        {
            "fiscalDateEnding": "2020-03-31",
            "totalCurrentAssets": "2220800000",
            "cashAndShortTermInvestments": "1073900000",
            "totalCurrentLiabilities": "362200000",
            "currentDebt": "20700000",
            "netIncome": "181100000",
            "capitalExpenditures": "60900000",
            "operatingCashflow": "280400000",
            "grossProfit": "375600000",
            "totalRevenue": "766100000",
            "sentiment": 0,
            "surprise": "0.01",
            "closePrice": "92.2502917384473"
        },
        {
            "fiscalDateEnding": "2019-12-31",
            "totalCurrentAssets": "2346500000",
            "cashAndShortTermInvestments": "1190400000",
            "totalCurrentLiabilities": "333200000",
            "currentDebt": "None",
            "netIncome": "257100000",
            "capitalExpenditures": "111200000",
            "operatingCashflow": "398400000",
            "grossProfit": "444300000",
            "totalRevenue": "896100000",
            "sentiment": 0,
            "surprise": "0.03",
            "closePrice": "118.259245167088"
        },
        {
            "fiscalDateEnding": "2019-09-30",
            "totalCurrentAssets": "2234600000",
            "cashAndShortTermInvestments": "1054600000",
            "totalCurrentLiabilities": "374000000",
            "currentDebt": "None",
            "netIncome": "210600000",
            "capitalExpenditures": "84400000",
            "operatingCashflow": "417000000",
            "grossProfit": "406000000",
            "totalRevenue": "827400000",
            "sentiment": 0,
            "surprise": "0.02",
            "closePrice": "93.3025451716997"
        },
        {
            "fiscalDateEnding": "2019-06-30",
            "totalCurrentAssets": "2206300000",
            "cashAndShortTermInvestments": "935000000",
            "totalCurrentLiabilities": "396500000",
            "currentDebt": "None",
            "netIncome": "144100000",
            "capitalExpenditures": "87800000",
            "operatingCashflow": "209300000",
            "grossProfit": "312500000",
            "totalRevenue": "767000000",
            "sentiment": 0,
            "surprise": "-0.01",
            "closePrice": "72.9467526767034"
        },
        {
            "fiscalDateEnding": "2019-03-31",
            "totalCurrentAssets": "2160100000",
            "cashAndShortTermInvestments": "957400000",
            "totalCurrentLiabilities": "338300000",
            "currentDebt": "None",
            "netIncome": "214000000",
            "capitalExpenditures": "96700000",
            "operatingCashflow": "192100000",
            "grossProfit": "400200000",
            "totalRevenue": "810400000",
            "sentiment": 0,
            "surprise": "0.04",
            "closePrice": "82.4284951693295"
        },
        {
            "fiscalDateEnding": "2018-12-31",
            "totalCurrentAssets": "2208500000",
            "cashAndShortTermInvestments": "1099100000",
            "totalCurrentLiabilities": "357300000",
            "currentDebt": "None",
            "netIncome": "284900000",
            "capitalExpenditures": "129500000",
            "operatingCashflow": "549000000",
            "grossProfit": "485100000",
            "totalRevenue": "972000000",
            "sentiment": 0,
            "surprise": "-0.01",
            "closePrice": "68.647679125081"
        },
        {
            "fiscalDateEnding": "2018-09-30",
            "totalCurrentAssets": "2262200000",
            "cashAndShortTermInvestments": "1027400000",
            "totalCurrentLiabilities": "389700000",
            "currentDebt": "None",
            "netIncome": "285500000",
            "capitalExpenditures": "112300000",
            "operatingCashflow": "-828900000",
            "grossProfit": "503600000",
            "totalRevenue": "1008400000",
            "sentiment": 0,
            "surprise": "0.02",
            "closePrice": "74.9699341395792"
        },
        {
            "fiscalDateEnding": "2018-06-30",
            "totalCurrentAssets": "2631400000",
            "cashAndShortTermInvestments": "1542500000",
            "totalCurrentLiabilities": "358300000",
            "currentDebt": "None",
            "netIncome": "286500000",
            "capitalExpenditures": "191500000",
            "operatingCashflow": "286500000",
            "grossProfit": "451600000",
            "totalRevenue": "894300000",
            "sentiment": 0,
            "surprise": "0.04",
            "closePrice": "91.7546578854035"
        },
        {
            "fiscalDateEnding": "2018-03-31",
            "totalCurrentAssets": "2810900000",
            "cashAndShortTermInvestments": "1881300000",
            "totalCurrentLiabilities": "318500000",
            "currentDebt": "None",
            "netIncome": "276000000",
            "capitalExpenditures": "90300000",
            "operatingCashflow": "276000000",
            "grossProfit": "458700000",
            "totalRevenue": "913400000",
            "sentiment": 0,
            "surprise": "0.04",
            "closePrice": "82.328791176408"
        },
        {
            "fiscalDateEnding": "2017-12-31",
            "totalCurrentAssets": "2686600000",
            "cashAndShortTermInvestments": "1681500000",
            "totalCurrentLiabilities": "321500000",
            "currentDebt": "None",
            "netIncome": "70400000",
            "capitalExpenditures": "28200000",
            "operatingCashflow": "715900000",
            "grossProfit": "536800000",
            "totalRevenue": "1051900000",
            "sentiment": 0,
            "surprise": "0.08",
            "closePrice": "84.2431331247004"
        },
        {
            "fiscalDateEnding": "2017-09-30",
            "totalCurrentAssets": "2633700000",
            "cashAndShortTermInvestments": "1616800000",
            "totalCurrentLiabilities": "387900000",
            "currentDebt": "None",
            "netIncome": "281300000",
            "capitalExpenditures": "85300000",
            "operatingCashflow": "-638500000",
            "grossProfit": "498900000",
            "totalRevenue": "984600000",
            "sentiment": 0,
            "surprise": "0.07",
            "closePrice": "103.205777940572"
        },
        {
            "fiscalDateEnding": "2017-06-30",
            "totalCurrentAssets": "2412000000",
            "cashAndShortTermInvestments": "1444000000",
            "totalCurrentLiabilities": "300800000",
            "currentDebt": "None",
            "netIncome": "246200000",
            "capitalExpenditures": "113000000",
            "operatingCashflow": "245900000",
            "grossProfit": "453600000",
            "totalRevenue": "900800000",
            "sentiment": 0,
            "surprise": "0.05",
            "closePrice": "95.1991120627551"
        },
        {
            "fiscalDateEnding": "2017-03-31",
            "totalCurrentAssets": "2308100000",
            "cashAndShortTermInvestments": "1406900000",
            "totalCurrentLiabilities": "266900000",
            "currentDebt": "None",
            "netIncome": "224900000",
            "capitalExpenditures": "54900000",
            "operatingCashflow": "224200000",
            "grossProfit": "425400000",
            "totalRevenue": "851700000",
            "sentiment": 0,
            "surprise": "0.05",
            "closePrice": "91.9056922100721"
        },
        {
            "fiscalDateEnding": "2016-12-31",
            "totalCurrentAssets": "2198500000",
            "cashAndShortTermInvestments": "1350500000",
            "totalCurrentLiabilities": "303400000",
            "currentDebt": "None",
            "netIncome": "257800000",
            "capitalExpenditures": "50100000",
            "operatingCashflow": "1003200000",
            "grossProfit": "463900000",
            "totalRevenue": "914300000",
            "sentiment": 0,
            "surprise": "0.03",
            "closePrice": "68.9921218865255"
        },
        {
            "fiscalDateEnding": "2016-09-30",
            "totalCurrentAssets": "2002100000",
            "cashAndShortTermInvestments": "1083800000",
            "totalCurrentLiabilities": "210200000",
            "currentDebt": "None",
            "netIncome": "246800000",
            "capitalExpenditures": "15200000",
            "operatingCashflow": "424400000",
            "grossProfit": "424400000",
            "totalRevenue": "835400000",
            "sentiment": 0,
            "surprise": "0.04",
            "closePrice": "65.4182297734192"
        },
        {
            "fiscalDateEnding": "2016-06-30",
            "totalCurrentAssets": "2078100000",
            "cashAndShortTermInvestments": "973700000",
            "totalCurrentLiabilities": "347000000",
            "currentDebt": "None",
            "netIncome": "185000000",
            "capitalExpenditures": "57200000",
            "operatingCashflow": "378300000",
            "grossProfit": "378300000",
            "totalRevenue": "751700000",
            "sentiment": 0,
            "surprise": "0.03",
            "closePrice": "61.8665246176315"
        },
        {
            "fiscalDateEnding": "2016-03-31",
            "totalCurrentAssets": "2127000000",
            "cashAndShortTermInvestments": "1177500000",
            "totalCurrentLiabilities": "324700000",
            "currentDebt": "None",
            "netIncome": "208100000",
            "capitalExpenditures": "37400000",
            "operatingCashflow": "390400000",
            "grossProfit": "390400000",
            "totalRevenue": "775100000",
            "sentiment": 0,
            "surprise": "0.01",
            "closePrice": "62.3667336931913"
        },
        {
            "fiscalDateEnding": "2015-12-31",
            "totalCurrentAssets": "2114700000",
            "cashAndShortTermInvestments": "1233200000",
            "totalCurrentLiabilities": "367900000",
            "currentDebt": "None",
            "netIncome": "355300000",
            "capitalExpenditures": "79500000",
            "operatingCashflow": "472100000",
            "grossProfit": "472100000",
            "totalRevenue": "926800000",
            "sentiment": 0,
            "surprise": "0.02",
            "closePrice": "56.0408820016518"
        },
        {
            "fiscalDateEnding": "2015-09-30",
            "totalCurrentAssets": "1914700000",
            "cashAndShortTermInvestments": "1043600000",
            "totalCurrentLiabilities": "463900000",
            "currentDebt": "None",
            "netIncome": "229200000",
            "capitalExpenditures": "150800000",
            "operatingCashflow": "436200000",
            "grossProfit": "436200000",
            "totalRevenue": "880800000",
            "sentiment": 0,
            "surprise": "0.01",
            "closePrice": "69.2059139855784"
        },
        {
            "fiscalDateEnding": "2015-06-30",
            "totalCurrentAssets": "1818100000",
            "cashAndShortTermInvestments": "1106000000",
            "totalCurrentLiabilities": "319000000",
            "currentDebt": "None",
            "netIncome": "207400000",
            "capitalExpenditures": "108100000",
            "operatingCashflow": "393100000",
            "grossProfit": "393100000",
            "totalRevenue": "810000000",
            "sentiment": 0,
            "surprise": "0.05",
            "closePrice": "88.6354495316985"
        },
        {
            "fiscalDateEnding": "2015-03-31",
            "totalCurrentAssets": "1678900000",
            "cashAndShortTermInvestments": "1054200000",
            "totalCurrentLiabilities": "298600000",
            "currentDebt": "None",
            "netIncome": "166500000",
            "capitalExpenditures": "84000000",
            "operatingCashflow": "352200000",
            "grossProfit": "352200000",
            "totalRevenue": "762100000",
            "sentiment": 0,
            "surprise": "0.02",
            "closePrice": "79.1859272403416"
        },
        {
            "fiscalDateEnding": "2014-12-31",
            "totalCurrentAssets": "1590400000",
            "cashAndShortTermInvestments": "1049900000",
            "totalCurrentLiabilities": "332900000",
            "currentDebt": "None",
            "netIncome": "195200000",
            "capitalExpenditures": "87200000",
            "operatingCashflow": "373000000",
            "grossProfit": "373000000",
            "totalRevenue": "805500000",
            "sentiment": 0,
            "surprise": "0.07",
            "closePrice": "67.9881731191899"
        },
        {
            "fiscalDateEnding": "2014-09-30",
            "totalCurrentAssets": "1429200000",
            "cashAndShortTermInvestments": "805800000",
            "totalCurrentLiabilities": "297600000",
            "currentDebt": "None",
            "netIncome": "174900000",
            "capitalExpenditures": "82900000",
            "operatingCashflow": "324000000",
            "grossProfit": "324000000",
            "totalRevenue": "718200000",
            "sentiment": 0,
            "surprise": "0.04",
            "closePrice": "53.1458158315648"
        },
        {
            "fiscalDateEnding": "2014-06-30",
            "totalCurrentAssets": "1387300000",
            "cashAndShortTermInvestments": "893300000",
            "totalCurrentLiabilities": "234800000",
            "currentDebt": "None",
            "netIncome": "111400000",
            "capitalExpenditures": "67500000",
            "operatingCashflow": "111300000",
            "grossProfit": "264200000",
            "totalRevenue": "587000000",
            "sentiment": 0,
            "surprise": "0.03",
            "closePrice": "39.5488797044469"
        },
        {
            "fiscalDateEnding": "2014-03-31",
            "totalCurrentAssets": "1268900000",
            "cashAndShortTermInvestments": "797800000",
            "totalCurrentLiabilities": "182800000",
            "currentDebt": "None",
            "netIncome": "76900000",
            "capitalExpenditures": "41900000",
            "operatingCashflow": "76900000",
            "grossProfit": "212400000",
            "totalRevenue": "481000000",
            "sentiment": 0,
            "surprise": "0.03",
            "closePrice": "32.3110131643888"
        },
        {
            "fiscalDateEnding": "2013-12-31",
            "totalCurrentAssets": "1180100000",
            "cashAndShortTermInvestments": "648600000",
            "totalCurrentLiabilities": "165800000",
            "currentDebt": "None",
            "netIncome": "94500000",
            "capitalExpenditures": "16300000",
            "operatingCashflow": "158800000",
            "grossProfit": "222000000",
            "totalRevenue": "505200000",
            "sentiment": 0,
            "surprise": "0.01",
            "closePrice": "24.3609377440676"
        },
        {
            "fiscalDateEnding": "2013-09-30",
            "totalCurrentAssets": "1073300000",
            "cashAndShortTermInvestments": "511100000",
            "totalCurrentLiabilities": "179700000",
            "currentDebt": "None",
            "netIncome": "84200000",
            "capitalExpenditures": "38400000",
            "operatingCashflow": "209100000",
            "grossProfit": "209100000",
            "totalRevenue": "477000000",
            "sentiment": 0,
            "surprise": "0.02",
            "closePrice": "20.837028510649"
        },
        {
            "fiscalDateEnding": "2013-06-30",
            "totalCurrentAssets": "959600000",
            "cashAndShortTermInvestments": "400300000",
            "totalCurrentLiabilities": "159000000",
            "currentDebt": "None",
            "netIncome": "65700000",
            "capitalExpenditures": "33400000",
            "operatingCashflow": "64300000",
            "grossProfit": "188200000",
            "totalRevenue": "436100000",
            "sentiment": 0,
            "surprise": "0.01",
            "closePrice": "19.1091213261467"
        },
        {
            "fiscalDateEnding": "2013-03-31",
            "totalCurrentAssets": "963700000",
            "cashAndShortTermInvestments": "458800000",
            "totalCurrentLiabilities": "162600000",
            "currentDebt": "None",
            "netIncome": "61700000",
            "capitalExpenditures": "25600000",
            "operatingCashflow": "130220000",
            "grossProfit": "176700000",
            "totalRevenue": "425200000",
            "sentiment": 0,
            "surprise": "0.01",
            "closePrice": "18.7431114299221"
        },
        {
            "fiscalDateEnding": "2012-12-31",
            "totalCurrentAssets": "899553000",
            "cashAndShortTermInvestments": "378355000",
            "totalCurrentLiabilities": "155688000",
            "currentDebt": "None",
            "netIncome": "66500000",
            "capitalExpenditures": "26400000",
            "operatingCashflow": "147680000",
            "grossProfit": "192600000",
            "totalRevenue": "453712000",
            "sentiment": 0,
            "surprise": "0.01",
            "closePrice": "18.3515659595422"
        },
        {
            "fiscalDateEnding": "2012-09-30",
            "totalCurrentAssets": "883300000",
            "cashAndShortTermInvestments": "307110000",
            "totalCurrentLiabilities": "182700000",
            "currentDebt": "0",
            "netIncome": "61600000",
            "capitalExpenditures": "30700000",
            "operatingCashflow": "50339000",
            "grossProfit": "177700000",
            "totalRevenue": "421113000",
            "sentiment": 0,
            "surprise": "0.01",
            "closePrice": "20.4965541885796"
        },
        {
            "fiscalDateEnding": "2012-06-30",
            "totalCurrentAssets": "829490000",
            "cashAndShortTermInvestments": "327915000",
            "totalCurrentLiabilities": "239571000",
            "currentDebt": "0",
            "netIncome": "49300000",
            "capitalExpenditures": "31200000",
            "operatingCashflow": "40700000",
            "grossProfit": "165300000",
            "totalRevenue": "389028000",
            "sentiment": 0,
            "surprise": "0.01",
            "closePrice": "22.675589849824"
        },
        {
            "fiscalDateEnding": "2012-03-31",
            "totalCurrentAssets": "752332000",
            "cashAndShortTermInvestments": "307336000",
            "totalCurrentLiabilities": "242642000",
            "currentDebt": "0",
            "netIncome": "34000000",
            "capitalExpenditures": "25776000",
            "operatingCashflow": "116968000",
            "grossProfit": "152300000",
            "totalRevenue": "364646000",
            "sentiment": 0,
            "surprise": "0.02",
            "closePrice": "21.7052380319261"
        },
        {
            "fiscalDateEnding": "2011-12-31",
            "totalCurrentAssets": "856342000",
            "cashAndShortTermInvestments": "446498000",
            "totalCurrentLiabilities": "212502000",
            "currentDebt": "17123000",
            "netIncome": "57100000",
            "capitalExpenditures": "6424000",
            "operatingCashflow": "77232000",
            "grossProfit": "171800000",
            "totalRevenue": "393220000",
            "sentiment": 0,
            "surprise": "0.01",
            "closePrice": "16.3683030334878"
        },
        {
            "fiscalDateEnding": "2011-09-30",
            "totalCurrentAssets": "816334000",
            "cashAndShortTermInvestments": "410799000",
            "totalCurrentLiabilities": "247096000",
            "currentDebt": "26089000",
            "netIncome": "64209000",
            "capitalExpenditures": "15229000",
            "operatingCashflow": "122799000",
            "grossProfit": "174560000",
            "totalRevenue": "402316000",
            "sentiment": 0,
            "surprise": "0.01",
            "closePrice": "17.4493090060582"
        },
        {
            "fiscalDateEnding": "2011-06-30",
            "totalCurrentAssets": "712133000",
            "cashAndShortTermInvestments": "309645000",
            "totalCurrentLiabilities": "244349000",
            "currentDebt": "25744000",
            "netIncome": "51548000",
            "capitalExpenditures": "20091000",
            "operatingCashflow": "85974000",
            "grossProfit": "156225000",
            "totalRevenue": "356075000",
            "sentiment": 0,
            "surprise": "0.03",
            "closePrice": "19.3048940613366"
        },
        {
            "fiscalDateEnding": "2011-03-31",
            "totalCurrentAssets": "872444000",
            "cashAndShortTermInvestments": "503801000",
            "totalCurrentLiabilities": "176444000",
            "currentDebt": "25405000",
            "netIncome": "49960000",
            "capitalExpenditures": "32241000",
            "operatingCashflow": "92223000",
            "grossProfit": "140981000",
            "totalRevenue": "325411000",
            "sentiment": 0,
            "surprise": "0.02",
            "closePrice": "23.416121500325"
        },
        {
            "fiscalDateEnding": "2010-12-31",
            "totalCurrentAssets": "820603000",
            "cashAndShortTermInvestments": "450716000",
            "totalCurrentLiabilities": "157066000",
            "currentDebt": "0",
            "netIncome": "60868000",
            "capitalExpenditures": "33039000",
            "operatingCashflow": "64822000",
            "grossProfit": "148538000",
            "totalRevenue": "334583000",
            "sentiment": 0,
            "surprise": "0.01",
            "closePrice": "25.5611097293624"
        },
        {
            "fiscalDateEnding": "2010-09-30",
            "totalCurrentAssets": "789865000",
            "cashAndShortTermInvestments": "459385000",
            "totalCurrentLiabilities": "204324000",
            "currentDebt": "50000000",
            "netIncome": "46804000",
            "capitalExpenditures": "29320000",
            "operatingCashflow": "73285000",
            "grossProfit": "136159000",
            "totalRevenue": "313283000",
            "sentiment": 0,
            "surprise": "0.03",
            "closePrice": "20.1560798665102"
        },
        {
            "fiscalDateEnding": "2010-06-30",
            "totalCurrentAssets": "683658000",
            "cashAndShortTermInvestments": "383824000",
            "totalCurrentLiabilities": "191119000",
            "currentDebt": "50000000",
            "netIncome": "34736000",
            "capitalExpenditures": "25349000",
            "operatingCashflow": "36500000",
            "grossProfit": "118266000",
            "totalRevenue": "274503000",
            "sentiment": 0,
            "surprise": "0.02",
            "closePrice": "15.363903783383"
        },
        {
            "fiscalDateEnding": "2010-03-31",
            "totalCurrentAssets": "644018000",
            "cashAndShortTermInvestments": "405410000",
            "totalCurrentLiabilities": "170213000",
            "currentDebt": "50000000",
            "netIncome": "27744000",
            "capitalExpenditures": "19581000",
            "operatingCashflow": "60165000",
            "grossProfit": "99854000",
            "totalRevenue": "236802000",
            "sentiment": 0,
            "surprise": "0.01",
            "closePrice": "13.8232574760188"
        }
    ]
}