{
    "SYNA": [
        {
            "fiscalDateEnding": "2023-12-31",
            "totalCurrentAssets": "1147400000",
            "cashAndShortTermInvestments": "848700000",
            "totalCurrentLiabilities": "253300000",
            "currentDebt": "6000000",
            "netIncome": "-9000000",
            "capitalExpenditures": "10400000",
            "operatingCashflow": "39200000",
            "grossProfit": "109000000",
            "totalRevenue": "225000000",
            "sentiment": 0.37742904792326126,
            "surprise": "0.12",
            "closePrice": "110.22"
        },
        {
            "fiscalDateEnding": "2023-09-30",
            "totalCurrentAssets": "1108600000",
            "cashAndShortTermInvestments": "824400000",
            "totalCurrentLiabilities": "245500000",
            "currentDebt": "6000000",
            "netIncome": "-55600000",
            "capitalExpenditures": "20200000",
            "operatingCashflow": "45400000",
            "grossProfit": "107100000",
            "totalRevenue": "225900000",
            "sentiment": 0.5146418342077264,
            "surprise": "0.12",
            "closePrice": "88.5"
        },
        {
            "fiscalDateEnding": "2023-06-30",
            "totalCurrentAssets": "1272000000",
            "cashAndShortTermInvestments": "934300000",
            "totalCurrentLiabilities": "260100000",
            "currentDebt": "6000000",
            "netIncome": "-23400000",
            "capitalExpenditures": "4300000",
            "operatingCashflow": "94500000",
            "grossProfit": "101200000",
            "totalRevenue": "196100000",
            "sentiment": 0.36489592320371983,
            "surprise": "0.06",
            "closePrice": "89.78"
        },
        {
            "fiscalDateEnding": "2023-03-31",
            "totalCurrentAssets": "1334300000",
            "cashAndShortTermInvestments": "933900000",
            "totalCurrentLiabilities": "268900000",
            "currentDebt": "6000000",
            "netIncome": "10400000",
            "capitalExpenditures": "13700000",
            "operatingCashflow": "108500000",
            "grossProfit": "172300000",
            "totalRevenue": "315300000",
            "sentiment": 0.5362921391973906,
            "surprise": "0.03",
            "closePrice": "88.77"
        },
        {
            "fiscalDateEnding": "2022-12-31",
            "totalCurrentAssets": "1324000000",
            "cashAndShortTermInvestments": "858900000",
            "totalCurrentLiabilities": "299300000",
            "currentDebt": "6000000",
            "netIncome": "22000000",
            "capitalExpenditures": "10000000",
            "operatingCashflow": "50000000",
            "grossProfit": "186700000",
            "totalRevenue": "345400000",
            "sentiment": 0.49039957013546465,
            "surprise": "-0.14",
            "closePrice": "139.84"
        },
        {
            "fiscalDateEnding": "2022-09-30",
            "totalCurrentAssets": "1411800000",
            "cashAndShortTermInvestments": "911800000",
            "totalCurrentLiabilities": "365300000",
            "currentDebt": "6000000",
            "netIncome": "64600000",
            "capitalExpenditures": "6200000",
            "operatingCashflow": "78500000",
            "grossProfit": "255700000",
            "totalRevenue": "442500000",
            "sentiment": 0.4940314612891027,
            "surprise": "0.21",
            "closePrice": "82.54"
        },
        {
            "fiscalDateEnding": "2022-06-30",
            "totalCurrentAssets": "1403400000",
            "cashAndShortTermInvestments": "876000000",
            "totalCurrentLiabilities": "463400000",
            "currentDebt": "6000000",
            "netIncome": "82900000",
            "capitalExpenditures": "34200000",
            "operatingCashflow": "154300000",
            "grossProfit": "266100000",
            "totalRevenue": "456200000",
            "sentiment": 0.06232449646592412,
            "surprise": "0.2",
            "closePrice": "144.97"
        },
        {
            "fiscalDateEnding": "2022-03-31",
            "totalCurrentAssets": "1247200000",
            "cashAndShortTermInvestments": "754900000",
            "totalCurrentLiabilities": "393000000",
            "currentDebt": "None",
            "netIncome": "64900000",
            "capitalExpenditures": "13700000",
            "operatingCashflow": "127700000",
            "grossProfit": "253800000",
            "totalRevenue": "465600000",
            "sentiment": 0.10538727925307724,
            "surprise": "0.2",
            "closePrice": "160.96"
        },
        {
            "fiscalDateEnding": "2021-12-31",
            "totalCurrentAssets": "1074700000",
            "cashAndShortTermInvestments": "573900000",
            "totalCurrentLiabilities": "365200000",
            "currentDebt": "None",
            "netIncome": "69500000",
            "capitalExpenditures": "8500000",
            "operatingCashflow": "122400000",
            "grossProfit": "225100000",
            "totalRevenue": "416400000",
            "sentiment": 0,
            "surprise": "0.16",
            "closePrice": "204.15"
        },
        {
            "fiscalDateEnding": "2021-09-30",
            "totalCurrentAssets": "749400000",
            "cashAndShortTermInvestments": "347300000",
            "totalCurrentLiabilities": "303500000",
            "currentDebt": "None",
            "netIncome": "40200000",
            "capitalExpenditures": "4700000",
            "operatingCashflow": "58300000",
            "grossProfit": "198100000",
            "totalRevenue": "366800000",
            "sentiment": 0,
            "surprise": "0.09",
            "closePrice": "220.89"
        },
        {
            "fiscalDateEnding": "2021-06-30",
            "totalCurrentAssets": "1179700000",
            "cashAndShortTermInvestments": "836300000",
            "totalCurrentLiabilities": "786700000",
            "currentDebt": "487100000",
            "netIncome": "19000000",
            "capitalExpenditures": "5600000",
            "operatingCashflow": "104900000",
            "grossProfit": "170800000",
            "totalRevenue": "299800000",
            "sentiment": 0,
            "surprise": "0.18",
            "closePrice": "146.39"
        },
        {
            "fiscalDateEnding": "2021-03-31",
            "totalCurrentAssets": "1090800000",
            "cashAndShortTermInvestments": "756200000",
            "totalCurrentLiabilities": "276100000",
            "currentDebt": "None",
            "netIncome": "13800000",
            "capitalExpenditures": "3300000",
            "operatingCashflow": "136400000",
            "grossProfit": "155500000",
            "totalRevenue": "325800000",
            "sentiment": 0,
            "surprise": "0.14",
            "closePrice": "133.3"
        },
        {
            "fiscalDateEnding": "2020-12-31",
            "totalCurrentAssets": "671600000",
            "cashAndShortTermInvestments": "316900000",
            "totalCurrentLiabilities": "225500000",
            "currentDebt": "None",
            "netIncome": "49600000",
            "capitalExpenditures": "8300000",
            "operatingCashflow": "71400000",
            "grossProfit": "150400000",
            "totalRevenue": "357600000",
            "sentiment": 0,
            "surprise": "0.17",
            "closePrice": "106.87"
        },
        {
            "fiscalDateEnding": "2020-09-30",
            "totalCurrentAssets": "620000000",
            "cashAndShortTermInvestments": "243900000",
            "totalCurrentLiabilities": "257500000",
            "currentDebt": "None",
            "netIncome": "-2800000",
            "capitalExpenditures": "3900000",
            "operatingCashflow": "6500000",
            "grossProfit": "134500000",
            "totalRevenue": "328400000",
            "sentiment": 0,
            "surprise": "0.18",
            "closePrice": "82.5"
        },
        {
            "fiscalDateEnding": "2020-06-30",
            "totalCurrentAssets": "1077600000",
            "cashAndShortTermInvestments": "763400000",
            "totalCurrentLiabilities": "244100000",
            "currentDebt": "6500000",
            "netIncome": "90000000",
            "capitalExpenditures": "4600000",
            "operatingCashflow": "53500000",
            "grossProfit": "122000000",
            "totalRevenue": "374500000",
            "sentiment": 0,
            "surprise": "0.18",
            "closePrice": "82.7"
        },
        {
            "fiscalDateEnding": "2020-03-31",
            "totalCurrentAssets": "832900000",
            "cashAndShortTermInvestments": "472100000",
            "totalCurrentLiabilities": "239200000",
            "currentDebt": "7600000",
            "netIncome": "5000000",
            "capitalExpenditures": "3500000",
            "operatingCashflow": "48300000",
            "grossProfit": "135600000",
            "totalRevenue": "328100000",
            "sentiment": 0,
            "surprise": "0.08",
            "closePrice": "69.01"
        },
        {
            "fiscalDateEnding": "2019-12-31",
            "totalCurrentAssets": "790800000",
            "cashAndShortTermInvestments": "424800000",
            "totalCurrentLiabilities": "239500000",
            "currentDebt": "8300000",
            "netIncome": "19800000",
            "capitalExpenditures": "3200000",
            "operatingCashflow": "72700000",
            "grossProfit": "159300000",
            "totalRevenue": "388300000",
            "sentiment": 0,
            "surprise": "0.59",
            "closePrice": "70.1"
        },
        {
            "fiscalDateEnding": "2019-09-30",
            "totalCurrentAssets": "737100000",
            "cashAndShortTermInvestments": "350800000",
            "totalCurrentLiabilities": "247500000",
            "currentDebt": "8400000",
            "netIncome": "4000000",
            "capitalExpenditures": "5000000",
            "operatingCashflow": "47300000",
            "grossProfit": "126200000",
            "totalRevenue": "339900000",
            "sentiment": 0,
            "surprise": "0.49",
            "closePrice": "53.65"
        },
        {
            "fiscalDateEnding": "2019-06-30",
            "totalCurrentAssets": "731100000",
            "cashAndShortTermInvestments": "327800000",
            "totalCurrentLiabilities": "253900000",
            "currentDebt": "None",
            "netIncome": "-46200000",
            "capitalExpenditures": "6000000",
            "operatingCashflow": "43400000",
            "grossProfit": "90400000",
            "totalRevenue": "274400000",
            "sentiment": 0,
            "surprise": "0.01",
            "closePrice": "33.23"
        },
        {
            "fiscalDateEnding": "2019-03-31",
            "totalCurrentAssets": "766900000",
            "cashAndShortTermInvestments": "323800000",
            "totalCurrentLiabilities": "240100000",
            "currentDebt": "None",
            "netIncome": "6700000",
            "capitalExpenditures": "6500000",
            "operatingCashflow": "47300000",
            "grossProfit": "116000000",
            "totalRevenue": "334000000",
            "sentiment": 0,
            "surprise": "0.09",
            "closePrice": "31.72"
        },
        {
            "fiscalDateEnding": "2018-12-31",
            "totalCurrentAssets": "789800000",
            "cashAndShortTermInvestments": "283000000",
            "totalCurrentLiabilities": "299300000",
            "currentDebt": "None",
            "netIncome": "12800000",
            "capitalExpenditures": "4400000",
            "operatingCashflow": "58900000",
            "grossProfit": "149800000",
            "totalRevenue": "425500000",
            "sentiment": 0,
            "surprise": "0.21",
            "closePrice": "40.86"
        },
        {
            "fiscalDateEnding": "2018-09-30",
            "totalCurrentAssets": "789000000",
            "cashAndShortTermInvestments": "263300000",
            "totalCurrentLiabilities": "325700000",
            "currentDebt": "None",
            "netIncome": "3800000",
            "capitalExpenditures": "6800000",
            "operatingCashflow": "4600000",
            "grossProfit": "140900000",
            "totalRevenue": "417400000",
            "sentiment": 0,
            "surprise": "0.1",
            "closePrice": "34.93"
        },
        {
            "fiscalDateEnding": "2018-06-30",
            "totalCurrentAssets": "739500000",
            "cashAndShortTermInvestments": "301000000",
            "totalCurrentLiabilities": "283800000",
            "currentDebt": "None",
            "netIncome": "-1500000",
            "capitalExpenditures": "6600000",
            "operatingCashflow": "7900000",
            "grossProfit": "127600000",
            "totalRevenue": "367900000",
            "sentiment": 0,
            "surprise": "0.09",
            "closePrice": "48.17"
        },
        {
            "fiscalDateEnding": "2018-03-31",
            "totalCurrentAssets": "666100000",
            "cashAndShortTermInvestments": "283400000",
            "totalCurrentLiabilities": "266900000",
            "currentDebt": "None",
            "netIncome": "-13700000",
            "capitalExpenditures": "8000000",
            "operatingCashflow": "33900000",
            "grossProfit": "122900000",
            "totalRevenue": "394000000",
            "sentiment": 0,
            "surprise": "0.01",
            "closePrice": "46.45"
        },
        {
            "fiscalDateEnding": "2017-12-31",
            "totalCurrentAssets": "647500000",
            "cashAndShortTermInvestments": "252200000",
            "totalCurrentLiabilities": "274600000",
            "currentDebt": "None",
            "netIncome": "-82400000",
            "capitalExpenditures": "15800000",
            "operatingCashflow": "63400000",
            "grossProfit": "115200000",
            "totalRevenue": "430400000",
            "sentiment": 0,
            "surprise": "0.03",
            "closePrice": "41.0"
        },
        {
            "fiscalDateEnding": "2017-09-30",
            "totalCurrentAssets": "649400000",
            "cashAndShortTermInvestments": "199700000",
            "totalCurrentLiabilities": "276500000",
            "currentDebt": "None",
            "netIncome": "-26500000",
            "capitalExpenditures": "11400000",
            "operatingCashflow": "39800000",
            "grossProfit": "114400000",
            "totalRevenue": "416500000",
            "sentiment": 0,
            "surprise": "0.07",
            "closePrice": "36.22"
        },
        {
            "fiscalDateEnding": "2017-06-30",
            "totalCurrentAssets": "792000000",
            "cashAndShortTermInvestments": "367800000",
            "totalCurrentLiabilities": "310400000",
            "currentDebt": "None",
            "netIncome": "17800000",
            "capitalExpenditures": "5300000",
            "operatingCashflow": "8100000",
            "grossProfit": "126800000",
            "totalRevenue": "421500000",
            "sentiment": 0,
            "surprise": "0.02",
            "closePrice": "50.54"
        },
        {
            "fiscalDateEnding": "2017-03-31",
            "totalCurrentAssets": "794400000",
            "cashAndShortTermInvestments": "329100000",
            "totalCurrentLiabilities": "348500000",
            "currentDebt": "None",
            "netIncome": "4500000",
            "capitalExpenditures": "5800000",
            "operatingCashflow": "4500000",
            "grossProfit": "134700000",
            "totalRevenue": "444200000",
            "sentiment": 0,
            "surprise": "0.07",
            "closePrice": "52.87"
        },
        {
            "fiscalDateEnding": "2016-12-31",
            "totalCurrentAssets": "805200000",
            "cashAndShortTermInvestments": "347200000",
            "totalCurrentLiabilities": "328900000",
            "currentDebt": "None",
            "netIncome": "22800000",
            "capitalExpenditures": "14600000",
            "operatingCashflow": "22800000",
            "grossProfit": "138700000",
            "totalRevenue": "461300000",
            "sentiment": 0,
            "surprise": "0.2",
            "closePrice": "58.14"
        },
        {
            "fiscalDateEnding": "2016-09-30",
            "totalCurrentAssets": "726000000",
            "cashAndShortTermInvestments": "301400000",
            "totalCurrentLiabilities": "304900000",
            "currentDebt": "None",
            "netIncome": "3700000",
            "capitalExpenditures": "5700000",
            "operatingCashflow": "-20600000",
            "grossProfit": "123400000",
            "totalRevenue": "385900000",
            "sentiment": 0,
            "surprise": "-0.04",
            "closePrice": "67.7"
        },
        {
            "fiscalDateEnding": "2016-06-30",
            "totalCurrentAssets": "780100000",
            "cashAndShortTermInvestments": "352200000",
            "totalCurrentLiabilities": "350800000",
            "currentDebt": "None",
            "netIncome": "-7100000",
            "capitalExpenditures": "8900000",
            "operatingCashflow": "22300000",
            "grossProfit": "108100000",
            "totalRevenue": "153400000",
            "sentiment": 0,
            "surprise": "0",
            "closePrice": "53.78"
        },
        {
            "fiscalDateEnding": "2016-03-31",
            "totalCurrentAssets": "907300000",
            "cashAndShortTermInvestments": "406100000",
            "totalCurrentLiabilities": "357300000",
            "currentDebt": "None",
            "netIncome": "20500000",
            "capitalExpenditures": "4800000",
            "operatingCashflow": "21600000",
            "grossProfit": "144400000",
            "totalRevenue": "1700000",
            "sentiment": 0,
            "surprise": "-0.3",
            "closePrice": "81.1"
        },
        {
            "fiscalDateEnding": "2015-12-31",
            "totalCurrentAssets": "892300000",
            "cashAndShortTermInvestments": "372000000",
            "totalCurrentLiabilities": "398100000",
            "currentDebt": "None",
            "netIncome": "35000000",
            "capitalExpenditures": "5200000",
            "operatingCashflow": "30700000",
            "grossProfit": "165200000",
            "totalRevenue": "36900000",
            "sentiment": 0,
            "surprise": "0.02",
            "closePrice": "66.23"
        },
        {
            "fiscalDateEnding": "2015-09-30",
            "totalCurrentAssets": "812000000",
            "cashAndShortTermInvestments": "274500000",
            "totalCurrentLiabilities": "416700000",
            "currentDebt": "None",
            "netIncome": "23800000",
            "capitalExpenditures": "14300000",
            "operatingCashflow": "-1000000",
            "grossProfit": "163800000",
            "totalRevenue": "469100000",
            "sentiment": 0,
            "surprise": "0.02",
            "closePrice": "84.87"
        },
        {
            "fiscalDateEnding": "2015-06-30",
            "totalCurrentAssets": "916000000",
            "cashAndShortTermInvestments": "400500000",
            "totalCurrentLiabilities": "446700000",
            "currentDebt": "None",
            "netIncome": "31300000",
            "capitalExpenditures": "11036000",
            "operatingCashflow": "50618000",
            "grossProfit": "167300000",
            "totalRevenue": "523912000",
            "sentiment": 0,
            "surprise": "-0.09",
            "closePrice": "79.27"
        },
        {
            "fiscalDateEnding": "2015-03-31",
            "totalCurrentAssets": "880041000",
            "cashAndShortTermInvestments": "381179000",
            "totalCurrentLiabilities": "397633000",
            "currentDebt": "None",
            "netIncome": "31500000",
            "capitalExpenditures": "6579000",
            "operatingCashflow": "45590000",
            "grossProfit": "164300000",
            "totalRevenue": "476981000",
            "sentiment": 0,
            "surprise": "0.07",
            "closePrice": "89.04"
        },
        {
            "fiscalDateEnding": "2014-12-31",
            "totalCurrentAssets": "842980000",
            "cashAndShortTermInvestments": "327546000",
            "totalCurrentLiabilities": "394321000",
            "currentDebt": "None",
            "netIncome": "21000000",
            "capitalExpenditures": "14673000",
            "operatingCashflow": "57951000",
            "grossProfit": "126800000",
            "totalRevenue": "477593000",
            "sentiment": 0,
            "surprise": "0.24",
            "closePrice": "68.31"
        },
        {
            "fiscalDateEnding": "2014-09-30",
            "totalCurrentAssets": "740632000",
            "cashAndShortTermInvestments": "449815000",
            "totalCurrentLiabilities": "254554000",
            "currentDebt": "None",
            "netIncome": "26600000",
            "capitalExpenditures": "19612000",
            "operatingCashflow": "60420000",
            "grossProfit": "120300000",
            "totalRevenue": "283365000",
            "sentiment": 0,
            "surprise": "-0.15",
            "closePrice": "73.27"
        },
        {
            "fiscalDateEnding": "2014-06-30",
            "totalCurrentAssets": "742500000",
            "cashAndShortTermInvestments": "447205000",
            "totalCurrentLiabilities": "254400000",
            "currentDebt": "None",
            "netIncome": "34483000",
            "capitalExpenditures": "-22221000",
            "operatingCashflow": "40493000",
            "grossProfit": "139846000",
            "totalRevenue": "315458000",
            "sentiment": 0,
            "surprise": "0.05",
            "closePrice": "72.23"
        },
        {
            "fiscalDateEnding": "2014-03-31",
            "totalCurrentAssets": "634368000",
            "cashAndShortTermInvestments": "391481000",
            "totalCurrentLiabilities": "190895000",
            "currentDebt": "None",
            "netIncome": "-40056000",
            "capitalExpenditures": "10100000",
            "operatingCashflow": "5329000",
            "grossProfit": "92430000",
            "totalRevenue": "204787000",
            "sentiment": 0,
            "surprise": "0.06",
            "closePrice": "64.01"
        },
        {
            "fiscalDateEnding": "2013-12-31",
            "totalCurrentAssets": "573077000",
            "cashAndShortTermInvestments": "369424000",
            "totalCurrentLiabilities": "149767000",
            "currentDebt": "None",
            "netIncome": "17334000",
            "capitalExpenditures": "7128000",
            "operatingCashflow": "56854000",
            "grossProfit": "94545000",
            "totalRevenue": "205758000",
            "sentiment": 0,
            "surprise": "-0.02",
            "closePrice": "56.81"
        },
        {
            "fiscalDateEnding": "2013-09-30",
            "totalCurrentAssets": "550016000",
            "cashAndShortTermInvestments": "331572000",
            "totalCurrentLiabilities": "142235000",
            "currentDebt": "None",
            "netIncome": "34939000",
            "capitalExpenditures": "10014000",
            "operatingCashflow": "28920000",
            "grossProfit": "109279000",
            "totalRevenue": "222603000",
            "sentiment": 0,
            "surprise": "0.08",
            "closePrice": "53.04"
        },
        {
            "fiscalDateEnding": "2013-06-30",
            "totalCurrentAssets": "560420000",
            "cashAndShortTermInvestments": "355303000",
            "totalCurrentLiabilities": "149626000",
            "currentDebt": "None",
            "netIncome": "45287000",
            "capitalExpenditures": "18514000",
            "operatingCashflow": "32542000",
            "grossProfit": "115117000",
            "totalRevenue": "230196000",
            "sentiment": 0,
            "surprise": "0.11",
            "closePrice": "40.67"
        },
        {
            "fiscalDateEnding": "2013-03-31",
            "totalCurrentAssets": "470997000",
            "cashAndShortTermInvestments": "315513000",
            "totalCurrentLiabilities": "126993000",
            "currentDebt": "None",
            "netIncome": "36446000",
            "capitalExpenditures": "9121000",
            "operatingCashflow": "24739000",
            "grossProfit": "81083000",
            "totalRevenue": "163320000",
            "sentiment": 0,
            "surprise": "0.22",
            "closePrice": "38.54"
        },
        {
            "fiscalDateEnding": "2012-12-31",
            "totalCurrentAssets": "429613000",
            "cashAndShortTermInvestments": "292531000",
            "totalCurrentLiabilities": "107325000",
            "currentDebt": "None",
            "netIncome": "11114000",
            "capitalExpenditures": "4802000",
            "operatingCashflow": "15262000",
            "grossProfit": "69030000",
            "totalRevenue": "143035000",
            "sentiment": 0,
            "surprise": "0.08",
            "closePrice": "32.55"
        },
        {
            "fiscalDateEnding": "2012-09-30",
            "totalCurrentAssets": "448110000",
            "cashAndShortTermInvestments": "312889000",
            "totalCurrentLiabilities": "110358000",
            "currentDebt": "None",
            "netIncome": "6053000",
            "capitalExpenditures": "16082000",
            "operatingCashflow": "29614000",
            "grossProfit": "60570000",
            "totalRevenue": "127037000",
            "sentiment": 0,
            "surprise": "0.03",
            "closePrice": "22.72"
        },
        {
            "fiscalDateEnding": "2012-06-30",
            "totalCurrentAssets": "446177000",
            "cashAndShortTermInvestments": "305005000",
            "totalCurrentLiabilities": "105598000",
            "currentDebt": "None",
            "netIncome": "12300000",
            "capitalExpenditures": "2534000",
            "operatingCashflow": "21664000",
            "grossProfit": "63404000",
            "totalRevenue": "137620000",
            "sentiment": 0,
            "surprise": "0.03",
            "closePrice": "25.44"
        },
        {
            "fiscalDateEnding": "2012-03-31",
            "totalCurrentAssets": "452062000",
            "cashAndShortTermInvestments": "324118000",
            "totalCurrentLiabilities": "94917000",
            "currentDebt": "None",
            "netIncome": "11446000",
            "capitalExpenditures": "1861000",
            "operatingCashflow": "19502000",
            "grossProfit": "62180000",
            "totalRevenue": "131701000",
            "sentiment": 0,
            "surprise": "-0.01",
            "closePrice": "33.18"
        },
        {
            "fiscalDateEnding": "2011-12-31",
            "totalCurrentAssets": "403595000",
            "cashAndShortTermInvestments": "282465000",
            "totalCurrentLiabilities": "92826000",
            "currentDebt": "None",
            "netIncome": "17383000",
            "capitalExpenditures": "2321000",
            "operatingCashflow": "29170000",
            "grossProfit": "68723000",
            "totalRevenue": "145465000",
            "sentiment": 0,
            "surprise": "0.06",
            "closePrice": "34.34"
        },
        {
            "fiscalDateEnding": "2011-09-30",
            "totalCurrentAssets": "371317000",
            "cashAndShortTermInvestments": "241357000",
            "totalCurrentLiabilities": "102101000",
            "currentDebt": "None",
            "netIncome": "13015000",
            "capitalExpenditures": "3643000",
            "operatingCashflow": "31057000",
            "grossProfit": "61260000",
            "totalRevenue": "133442000",
            "sentiment": 0,
            "surprise": "0.1",
            "closePrice": "27.02"
        },
        {
            "fiscalDateEnding": "2011-06-30",
            "totalCurrentAssets": "374184000",
            "cashAndShortTermInvestments": "247153000",
            "totalCurrentLiabilities": "92761000",
            "currentDebt": "None",
            "netIncome": "13923000",
            "capitalExpenditures": "1947000",
            "operatingCashflow": "25228000",
            "grossProfit": "60588000",
            "totalRevenue": "143379000",
            "sentiment": 0,
            "surprise": "0.03",
            "closePrice": "24.75"
        },
        {
            "fiscalDateEnding": "2011-03-31",
            "totalCurrentAssets": "381008000",
            "cashAndShortTermInvestments": "246285000",
            "totalCurrentLiabilities": "98859000",
            "currentDebt": "None",
            "netIncome": "13496000",
            "capitalExpenditures": "2679000",
            "operatingCashflow": "21034000",
            "grossProfit": "57616000",
            "totalRevenue": "142402000",
            "sentiment": 0,
            "surprise": "0.07",
            "closePrice": "27.94"
        },
        {
            "fiscalDateEnding": "2010-12-31",
            "totalCurrentAssets": "369511000",
            "cashAndShortTermInvestments": "216444000",
            "totalCurrentLiabilities": "119274000",
            "currentDebt": "None",
            "netIncome": "17678000",
            "capitalExpenditures": "3118000",
            "operatingCashflow": "24310000",
            "grossProfit": "65038000",
            "totalRevenue": "159576000",
            "sentiment": 0,
            "surprise": "0.04",
            "closePrice": "32.05"
        },
        {
            "fiscalDateEnding": "2010-09-30",
            "totalCurrentAssets": "366380000",
            "cashAndShortTermInvestments": "230620000",
            "totalCurrentLiabilities": "107876000",
            "currentDebt": "None",
            "netIncome": "18699000",
            "capitalExpenditures": "3826000",
            "operatingCashflow": "19141000",
            "grossProfit": "62828000",
            "totalRevenue": "153181000",
            "sentiment": 0,
            "surprise": "0.02",
            "closePrice": "26.54"
        }
    ]
}