{
    "TASK": [
        {
            "fiscalDateEnding": "2023-12-31",
            "totalCurrentAssets": "328518000",
            "cashAndShortTermInvestments": "125776000",
            "totalCurrentLiabilities": "101804000",
            "currentDebt": "8059000",
            "netIncome": "16277000",
            "capitalExpenditures": "8091000",
            "operatingCashflow": "39775000",
            "grossProfit": "36888000",
            "totalRevenue": "228188000",
            "sentiment": 0,
            "surprise": "0.04",
            "closePrice": "12.39"
        },
        {
            "fiscalDateEnding": "2023-09-30",
            "totalCurrentAssets": "325272000",
            "cashAndShortTermInvestments": "114616000",
            "totalCurrentLiabilities": "111172000",
            "currentDebt": "6372000",
            "netIncome": "9772000",
            "capitalExpenditures": "7859000",
            "operatingCashflow": "21682000",
            "grossProfit": "27634000",
            "totalRevenue": "219914000",
            "sentiment": 0,
            "surprise": "0.03",
            "closePrice": "10.26"
        },
        {
            "fiscalDateEnding": "2023-06-30",
            "totalCurrentAssets": "365821000",
            "cashAndShortTermInvestments": "153640000",
            "totalCurrentLiabilities": "129318000",
            "currentDebt": "5359000",
            "netIncome": "10132000",
            "capitalExpenditures": "9801000",
            "operatingCashflow": "38530000",
            "grossProfit": "26985000",
            "totalRevenue": "223839000",
            "sentiment": 0,
            "surprise": "0.02",
            "closePrice": "11.98"
        },
        {
            "fiscalDateEnding": "2023-03-31",
            "totalCurrentAssets": "368222000",
            "cashAndShortTermInvestments": "167011000",
            "totalCurrentLiabilities": "114321000",
            "currentDebt": "4347000",
            "netIncome": "9509000",
            "capitalExpenditures": "5244000",
            "operatingCashflow": "43683000",
            "grossProfit": "23027000",
            "totalRevenue": "230207000",
            "sentiment": 0,
            "surprise": "0.05",
            "closePrice": "12.23"
        },
        {
            "fiscalDateEnding": "2022-12-31",
            "totalCurrentAssets": "341425000",
            "cashAndShortTermInvestments": "133992000",
            "totalCurrentLiabilities": "109884000",
            "currentDebt": "3334000",
            "netIncome": "15742000",
            "capitalExpenditures": "7748000",
            "operatingCashflow": "32631000",
            "grossProfit": "29761000",
            "totalRevenue": "238764000",
            "sentiment": 0,
            "surprise": "0",
            "closePrice": "20.74"
        },
        {
            "fiscalDateEnding": "2022-09-30",
            "totalCurrentAssets": "334734000",
            "cashAndShortTermInvestments": "122491000",
            "totalCurrentLiabilities": "108954000",
            "currentDebt": "2322000",
            "netIncome": "5365000",
            "capitalExpenditures": "6653000",
            "operatingCashflow": "41498000",
            "grossProfit": "26292000",
            "totalRevenue": "228271000",
            "sentiment": 0,
            "surprise": "0.06",
            "closePrice": "16.04"
        },
        {
            "fiscalDateEnding": "2022-06-30",
            "totalCurrentAssets": "317054000",
            "cashAndShortTermInvestments": "104734000",
            "totalCurrentLiabilities": "192047000",
            "currentDebt": "86260000",
            "netIncome": "7729000",
            "capitalExpenditures": "11587000",
            "operatingCashflow": "36076000",
            "grossProfit": "26831000",
            "totalRevenue": "244255000",
            "sentiment": 0,
            "surprise": "0.05",
            "closePrice": "23.43"
        },
        {
            "fiscalDateEnding": "2022-03-31",
            "totalCurrentAssets": "268010000",
            "cashAndShortTermInvestments": "77074000",
            "totalCurrentLiabilities": "135639000",
            "currentDebt": "52447000",
            "netIncome": "11586000",
            "capitalExpenditures": "17770000",
            "operatingCashflow": "36890000",
            "grossProfit": "27079000",
            "totalRevenue": "237319000",
            "sentiment": 0,
            "surprise": "0.02",
            "closePrice": "23.33"
        },
        {
            "fiscalDateEnding": "2021-12-31",
            "totalCurrentAssets": "246306000",
            "cashAndShortTermInvestments": "63584000",
            "totalCurrentLiabilities": "135941000",
            "currentDebt": "51135000",
            "netIncome": "19102000",
            "capitalExpenditures": "20760000",
            "operatingCashflow": "30752000",
            "grossProfit": "37233000",
            "totalRevenue": "235092000",
            "sentiment": 0,
            "surprise": "0",
            "closePrice": "28.72"
        },
        {
            "fiscalDateEnding": "2021-09-30",
            "totalCurrentAssets": "233241000",
            "cashAndShortTermInvestments": "61330000",
            "totalCurrentLiabilities": "147902000",
            "currentDebt": "49822000",
            "netIncome": "11636000",
            "capitalExpenditures": "15150000",
            "operatingCashflow": "-109103000",
            "grossProfit": "21944000",
            "totalRevenue": "199420000",
            "sentiment": 0,
            "surprise": "-0.02",
            "closePrice": "58.16"
        },
        {
            "fiscalDateEnding": "2021-06-30",
            "totalCurrentAssets": "336371000",
            "cashAndShortTermInvestments": "195927000",
            "totalCurrentLiabilities": "271393000",
            "currentDebt": "48510000",
            "netIncome": "-105943000",
            "capitalExpenditures": "13326000",
            "operatingCashflow": "5755000",
            "grossProfit": "-9229000",
            "totalRevenue": "180022000",
            "sentiment": 0,
            "surprise": "-0.03",
            "closePrice": "32.26"
        }
    ]
}