{
    "TDC": [
        {
            "fiscalDateEnding": "2023-12-31",
            "totalCurrentAssets": "869000000",
            "cashAndShortTermInvestments": "486000000",
            "totalCurrentLiabilities": "996000000",
            "currentDebt": "85000000",
            "netIncome": "-7000000",
            "capitalExpenditures": "8000000",
            "operatingCashflow": "176000000",
            "grossProfit": "278000000",
            "totalRevenue": "502000000",
            "sentiment": 0.36643832621053396,
            "surprise": "0.05",
            "closePrice": "48.79"
        },
        {
            "fiscalDateEnding": "2023-09-30",
            "totalCurrentAssets": "738000000",
            "cashAndShortTermInvestments": "348000000",
            "totalCurrentLiabilities": "885000000",
            "currentDebt": "81000000",
            "netIncome": "12000000",
            "capitalExpenditures": "5000000",
            "operatingCashflow": "41000000",
            "grossProfit": "259000000",
            "totalRevenue": "478000000",
            "sentiment": 0.31411037581819123,
            "surprise": "0",
            "closePrice": "44.96"
        },
        {
            "fiscalDateEnding": "2023-06-30",
            "totalCurrentAssets": "880000000",
            "cashAndShortTermInvestments": "504000000",
            "totalCurrentLiabilities": "910000000",
            "currentDebt": "76000000",
            "netIncome": "17000000",
            "capitalExpenditures": "2000000",
            "operatingCashflow": "49000000",
            "grossProfit": "276000000",
            "totalRevenue": "504000000",
            "sentiment": 0.21896514728609262,
            "surprise": "0.03",
            "closePrice": "55.48"
        },
        {
            "fiscalDateEnding": "2023-03-31",
            "totalCurrentAssets": "1006000000",
            "cashAndShortTermInvestments": "551000000",
            "totalCurrentLiabilities": "999000000",
            "currentDebt": "70000000",
            "netIncome": "40000000",
            "capitalExpenditures": "4000000",
            "operatingCashflow": "109000000",
            "grossProfit": "302000000",
            "totalRevenue": "502000000",
            "sentiment": 0.2059498985344807,
            "surprise": "0",
            "closePrice": "41.09"
        },
        {
            "fiscalDateEnding": "2022-12-31",
            "totalCurrentAssets": "1028000000",
            "cashAndShortTermInvestments": "569000000",
            "totalCurrentLiabilities": "1007000000",
            "currentDebt": "67000000",
            "netIncome": "-7000000",
            "capitalExpenditures": "8000000",
            "operatingCashflow": "129000000",
            "grossProfit": "263000000",
            "totalRevenue": "495000000",
            "sentiment": 0.21490312383667592,
            "surprise": "0.05",
            "closePrice": "39.58"
        },
        {
            "fiscalDateEnding": "2022-09-30",
            "totalCurrentAssets": "855000000",
            "cashAndShortTermInvestments": "506000000",
            "totalCurrentLiabilities": "803000000",
            "currentDebt": "66000000",
            "netIncome": "8000000",
            "capitalExpenditures": "3000000",
            "operatingCashflow": "34000000",
            "grossProfit": "259000000",
            "totalRevenue": "447000000",
            "sentiment": 0.19850009902685303,
            "surprise": "0.02",
            "closePrice": "30.04"
        },
        {
            "fiscalDateEnding": "2022-06-30",
            "totalCurrentAssets": "921000000",
            "cashAndShortTermInvestments": "545000000",
            "totalCurrentLiabilities": "878000000",
            "currentDebt": "70000000",
            "netIncome": "-4000000",
            "capitalExpenditures": "2000000",
            "operatingCashflow": "105000000",
            "grossProfit": "258000000",
            "totalRevenue": "470000000",
            "sentiment": 0.009726999370464392,
            "surprise": "0.04",
            "closePrice": "38.84"
        },
        {
            "fiscalDateEnding": "2022-03-31",
            "totalCurrentAssets": "863000000",
            "cashAndShortTermInvestments": "404000000",
            "totalCurrentLiabilities": "993000000",
            "currentDebt": "151000000",
            "netIncome": "36000000",
            "capitalExpenditures": "1000000",
            "operatingCashflow": "151000000",
            "grossProfit": "301000000",
            "totalRevenue": "540000000",
            "sentiment": 0.03310812344936652,
            "surprise": "0.02",
            "closePrice": "39.89"
        },
        {
            "fiscalDateEnding": "2021-12-31",
            "totalCurrentAssets": "1106000000",
            "cashAndShortTermInvestments": "592000000",
            "totalCurrentLiabilities": "1033000000",
            "currentDebt": "165000000",
            "netIncome": "33000000",
            "capitalExpenditures": "9000000",
            "operatingCashflow": "95000000",
            "grossProfit": "294000000",
            "totalRevenue": "513000000",
            "sentiment": 0,
            "surprise": "0.3",
            "closePrice": "40.28"
        },
        {
            "fiscalDateEnding": "2021-09-30",
            "totalCurrentAssets": "1064000000",
            "cashAndShortTermInvestments": "613000000",
            "totalCurrentLiabilities": "955000000",
            "currentDebt": "156000000",
            "netIncome": "17000000",
            "capitalExpenditures": "10000000",
            "operatingCashflow": "33000000",
            "grossProfit": "275000000",
            "totalRevenue": "490000000",
            "sentiment": 0,
            "surprise": "0.1",
            "closePrice": "56.89"
        },
        {
            "fiscalDateEnding": "2021-06-30",
            "totalCurrentAssets": "1146000000",
            "cashAndShortTermInvestments": "684000000",
            "totalCurrentLiabilities": "998000000",
            "currentDebt": "149000000",
            "netIncome": "44000000",
            "capitalExpenditures": "5000000",
            "operatingCashflow": "225000000",
            "grossProfit": "310000000",
            "totalRevenue": "532000000",
            "sentiment": 0,
            "surprise": "0.28",
            "closePrice": "50.64"
        },
        {
            "fiscalDateEnding": "2021-03-31",
            "totalCurrentAssets": "1075000000",
            "cashAndShortTermInvestments": "538000000",
            "totalCurrentLiabilities": "955000000",
            "currentDebt": "142000000",
            "netIncome": "53000000",
            "capitalExpenditures": "4000000",
            "operatingCashflow": "110000000",
            "grossProfit": "307000000",
            "totalRevenue": "523000000",
            "sentiment": 0,
            "surprise": "0.22",
            "closePrice": "48.45"
        },
        {
            "fiscalDateEnding": "2020-12-31",
            "totalCurrentAssets": "1044000000",
            "cashAndShortTermInvestments": "529000000",
            "totalCurrentLiabilities": "952000000",
            "currentDebt": "119000000",
            "netIncome": "5000000",
            "capitalExpenditures": "10000000",
            "operatingCashflow": "56000000",
            "grossProfit": "284000000",
            "totalRevenue": "519000000",
            "sentiment": 0,
            "surprise": "0.13",
            "closePrice": "27.05"
        },
        {
            "fiscalDateEnding": "2020-09-30",
            "totalCurrentAssets": "965000000",
            "cashAndShortTermInvestments": "533000000",
            "totalCurrentLiabilities": "895000000",
            "currentDebt": "113000000",
            "netIncome": "-1000000",
            "capitalExpenditures": "11000000",
            "operatingCashflow": "71000000",
            "grossProfit": "254000000",
            "totalRevenue": "475000000",
            "sentiment": 0,
            "surprise": "0.09",
            "closePrice": "20.6"
        },
        {
            "fiscalDateEnding": "2020-06-30",
            "totalCurrentAssets": "948000000",
            "cashAndShortTermInvestments": "494000000",
            "totalCurrentLiabilities": "893000000",
            "currentDebt": "100000000",
            "netIncome": "-43000000",
            "capitalExpenditures": "13000000",
            "operatingCashflow": "130000000",
            "grossProfit": "256000000",
            "totalRevenue": "475000000",
            "sentiment": 0,
            "surprise": "0.02",
            "closePrice": "20.69"
        },
        {
            "fiscalDateEnding": "2020-03-31",
            "totalCurrentAssets": "974000000",
            "cashAndShortTermInvestments": "394000000",
            "totalCurrentLiabilities": "906000000",
            "currentDebt": "102000000",
            "netIncome": "168000000",
            "capitalExpenditures": "10000000",
            "operatingCashflow": "10000000",
            "grossProfit": "225000000",
            "totalRevenue": "446000000",
            "sentiment": 0,
            "surprise": "0.04",
            "closePrice": "23.7"
        },
        {
            "fiscalDateEnding": "2019-12-31",
            "totalCurrentAssets": "1014000000",
            "cashAndShortTermInvestments": "494000000",
            "totalCurrentLiabilities": "886000000",
            "currentDebt": "100000000",
            "netIncome": "-19000000",
            "capitalExpenditures": "11000000",
            "operatingCashflow": "54000000",
            "grossProfit": "248000000",
            "totalRevenue": "494000000",
            "sentiment": 0,
            "surprise": "0.06",
            "closePrice": "25.38"
        },
        {
            "fiscalDateEnding": "2019-09-30",
            "totalCurrentAssets": "978000000",
            "cashAndShortTermInvestments": "528000000",
            "totalCurrentLiabilities": "772000000",
            "currentDebt": "86000000",
            "netIncome": "10000000",
            "capitalExpenditures": "16000000",
            "operatingCashflow": "-10000000",
            "grossProfit": "247000000",
            "totalRevenue": "474000000",
            "sentiment": 0,
            "surprise": "-0.08",
            "closePrice": "31.12"
        },
        {
            "fiscalDateEnding": "2019-06-30",
            "totalCurrentAssets": "1129000000",
            "cashAndShortTermInvestments": "635000000",
            "totalCurrentLiabilities": "865000000",
            "currentDebt": "77000000",
            "netIncome": "-1000000",
            "capitalExpenditures": "12000000",
            "operatingCashflow": "55000000",
            "grossProfit": "236000000",
            "totalRevenue": "472000000",
            "sentiment": 0,
            "surprise": "0",
            "closePrice": "35.69"
        },
        {
            "fiscalDateEnding": "2019-03-31",
            "totalCurrentAssets": "1302000000",
            "cashAndShortTermInvestments": "723000000",
            "totalCurrentLiabilities": "914000000",
            "currentDebt": "25000000",
            "netIncome": "-10000000",
            "capitalExpenditures": "15000000",
            "operatingCashflow": "49000000",
            "grossProfit": "224000000",
            "totalRevenue": "459000000",
            "sentiment": 0,
            "surprise": "0.02",
            "closePrice": "43.72"
        },
        {
            "fiscalDateEnding": "2018-12-31",
            "totalCurrentAssets": "1428000000",
            "cashAndShortTermInvestments": "715000000",
            "totalCurrentLiabilities": "1009000000",
            "currentDebt": "36000000",
            "netIncome": "15000000",
            "capitalExpenditures": "66000000",
            "operatingCashflow": "107000000",
            "grossProfit": "289000000",
            "totalRevenue": "588000000",
            "sentiment": 0,
            "surprise": "0.05",
            "closePrice": "46.0"
        },
        {
            "fiscalDateEnding": "2018-09-30",
            "totalCurrentAssets": "1284000000",
            "cashAndShortTermInvestments": "768000000",
            "totalCurrentLiabilities": "725000000",
            "currentDebt": "13000000",
            "netIncome": "18000000",
            "capitalExpenditures": "34000000",
            "operatingCashflow": "-33000000",
            "grossProfit": "264000000",
            "totalRevenue": "11000000",
            "sentiment": 0,
            "surprise": "0.05",
            "closePrice": "36.62"
        },
        {
            "fiscalDateEnding": "2018-06-30",
            "totalCurrentAssets": "1383000000",
            "cashAndShortTermInvestments": "882000000",
            "totalCurrentLiabilities": "774000000",
            "currentDebt": "6000000",
            "netIncome": "4000000",
            "capitalExpenditures": "32000000",
            "operatingCashflow": "106000000",
            "grossProfit": "250000000",
            "totalRevenue": "539000000",
            "sentiment": 0,
            "surprise": "0.07",
            "closePrice": "38.66"
        },
        {
            "fiscalDateEnding": "2018-03-31",
            "totalCurrentAssets": "1530000000",
            "cashAndShortTermInvestments": "939000000",
            "totalCurrentLiabilities": "913000000",
            "currentDebt": "68000000",
            "netIncome": "-7000000",
            "capitalExpenditures": "26000000",
            "operatingCashflow": "184000000",
            "grossProfit": "223000000",
            "totalRevenue": "506000000",
            "sentiment": 0,
            "surprise": "0.03",
            "closePrice": "40.0"
        },
        {
            "fiscalDateEnding": "2017-12-31",
            "totalCurrentAssets": "1750000000",
            "cashAndShortTermInvestments": "1089000000",
            "totalCurrentLiabilities": "1063000000",
            "currentDebt": "300000000",
            "netIncome": "-74000000",
            "capitalExpenditures": "19000000",
            "operatingCashflow": "23000000",
            "grossProfit": "307000000",
            "totalRevenue": "626000000",
            "sentiment": 0,
            "surprise": "0.07",
            "closePrice": "37.3"
        },
        {
            "fiscalDateEnding": "2017-09-30",
            "totalCurrentAssets": "1508000000",
            "cashAndShortTermInvestments": "1025000000",
            "totalCurrentLiabilities": "936000000",
            "currentDebt": "233000000",
            "netIncome": "13000000",
            "capitalExpenditures": "29000000",
            "operatingCashflow": "-8000000",
            "grossProfit": "250000000",
            "totalRevenue": "6000000",
            "sentiment": 0,
            "surprise": "0.06",
            "closePrice": "37.06"
        },
        {
            "fiscalDateEnding": "2017-06-30",
            "totalCurrentAssets": "1548000000",
            "cashAndShortTermInvestments": "1085000000",
            "totalCurrentLiabilities": "792000000",
            "currentDebt": "45000000",
            "netIncome": "-4000000",
            "capitalExpenditures": "14000000",
            "operatingCashflow": "61000000",
            "grossProfit": "242000000",
            "totalRevenue": "513000000",
            "sentiment": 0,
            "surprise": "-0.06",
            "closePrice": "31.88"
        },
        {
            "fiscalDateEnding": "2017-03-31",
            "totalCurrentAssets": "1704000000",
            "cashAndShortTermInvestments": "1164000000",
            "totalCurrentLiabilities": "835000000",
            "currentDebt": "38000000",
            "netIncome": "-2000000",
            "capitalExpenditures": "16000000",
            "operatingCashflow": "248000000",
            "grossProfit": "225000000",
            "totalRevenue": "491000000",
            "sentiment": 0,
            "surprise": "0",
            "closePrice": "29.37"
        },
        {
            "fiscalDateEnding": "2016-12-31",
            "totalCurrentAssets": "1621000000",
            "cashAndShortTermInvestments": "974000000",
            "totalCurrentLiabilities": "729000000",
            "currentDebt": "30000000",
            "netIncome": "58000000",
            "capitalExpenditures": "21000000",
            "operatingCashflow": "52000000",
            "grossProfit": "315000000",
            "totalRevenue": "626000000",
            "sentiment": 0,
            "surprise": "0.07",
            "closePrice": "32.74"
        },
        {
            "fiscalDateEnding": "2016-09-30",
            "totalCurrentAssets": "1517000000",
            "cashAndShortTermInvestments": "988000000",
            "totalCurrentLiabilities": "688000000",
            "currentDebt": "30000000",
            "netIncome": "49000000",
            "capitalExpenditures": "15000000",
            "operatingCashflow": "45000000",
            "grossProfit": "294000000",
            "totalRevenue": "552000000",
            "sentiment": 0,
            "surprise": "0.1",
            "closePrice": "27.66"
        },
        {
            "fiscalDateEnding": "2016-06-30",
            "totalCurrentAssets": "1595000000",
            "cashAndShortTermInvestments": "909000000",
            "totalCurrentLiabilities": "819000000",
            "currentDebt": "30000000",
            "netIncome": "64000000",
            "capitalExpenditures": "9000000",
            "operatingCashflow": "99000000",
            "grossProfit": "310000000",
            "totalRevenue": "599000000",
            "sentiment": 0,
            "surprise": "0.11",
            "closePrice": "29.42"
        },
        {
            "fiscalDateEnding": "2016-03-31",
            "totalCurrentAssets": "1677000000",
            "cashAndShortTermInvestments": "917000000",
            "totalCurrentLiabilities": "968000000",
            "currentDebt": "110000000",
            "netIncome": "-46000000",
            "capitalExpenditures": "8000000",
            "operatingCashflow": "250000000",
            "grossProfit": "269000000",
            "totalRevenue": "545000000",
            "sentiment": 0,
            "surprise": "0.1",
            "closePrice": "26.27"
        },
        {
            "fiscalDateEnding": "2015-12-31",
            "totalCurrentAssets": "1734000000",
            "cashAndShortTermInvestments": "839000000",
            "totalCurrentLiabilities": "953000000",
            "currentDebt": "210000000",
            "netIncome": "-49000000",
            "capitalExpenditures": "9000000",
            "operatingCashflow": "31000000",
            "grossProfit": "365000000",
            "totalRevenue": "719000000",
            "sentiment": 0,
            "surprise": "0",
            "closePrice": "25.58"
        },
        {
            "fiscalDateEnding": "2015-09-30",
            "totalCurrentAssets": "1514000000",
            "cashAndShortTermInvestments": "874000000",
            "totalCurrentLiabilities": "838000000",
            "currentDebt": "133000000",
            "netIncome": "78000000",
            "capitalExpenditures": "14000000",
            "operatingCashflow": "68000000",
            "grossProfit": "307000000",
            "totalRevenue": "606000000",
            "sentiment": 0,
            "surprise": "0",
            "closePrice": "25.58"
        },
        {
            "fiscalDateEnding": "2015-06-30",
            "totalCurrentAssets": "1577000000",
            "cashAndShortTermInvestments": "921000000",
            "totalCurrentLiabilities": "757000000",
            "currentDebt": "15000000",
            "netIncome": "-265000000",
            "capitalExpenditures": "12000000",
            "operatingCashflow": "80000000",
            "grossProfit": "327000000",
            "totalRevenue": "623000000",
            "sentiment": 0,
            "surprise": "-0.03",
            "closePrice": "30.43"
        },
        {
            "fiscalDateEnding": "2015-03-31",
            "totalCurrentAssets": "1591000000",
            "cashAndShortTermInvestments": "881000000",
            "totalCurrentLiabilities": "850000000",
            "currentDebt": "7000000",
            "netIncome": "22000000",
            "capitalExpenditures": "17000000",
            "operatingCashflow": "222000000",
            "grossProfit": "277000000",
            "totalRevenue": "582000000",
            "sentiment": 0,
            "surprise": "-0.12",
            "closePrice": "41.799999"
        },
        {
            "fiscalDateEnding": "2014-12-31",
            "totalCurrentAssets": "1572000000",
            "cashAndShortTermInvestments": "834000000",
            "totalCurrentLiabilities": "995000000",
            "currentDebt": "273000000",
            "netIncome": "118000000",
            "capitalExpenditures": "17000000",
            "operatingCashflow": "-368000000",
            "grossProfit": "425000000",
            "totalRevenue": "761000000",
            "sentiment": 0,
            "surprise": "0.01",
            "closePrice": "42.189999"
        },
        {
            "fiscalDateEnding": "2014-09-30",
            "totalCurrentAssets": "1506000000",
            "cashAndShortTermInvestments": "848000000",
            "totalCurrentLiabilities": "771000000",
            "currentDebt": "45000000",
            "netIncome": "94000000",
            "capitalExpenditures": "16000000",
            "operatingCashflow": "94000000",
            "grossProfit": "350000000",
            "totalRevenue": "667000000",
            "sentiment": 0,
            "surprise": "0.05",
            "closePrice": "42.68"
        },
        {
            "fiscalDateEnding": "2014-06-30",
            "totalCurrentAssets": "1637000000",
            "cashAndShortTermInvestments": "934000000",
            "totalCurrentLiabilities": "846000000",
            "currentDebt": "None",
            "netIncome": "96000000",
            "capitalExpenditures": "9000000",
            "operatingCashflow": "96000000",
            "grossProfit": "371000000",
            "totalRevenue": "676000000",
            "sentiment": 0,
            "surprise": "0.07",
            "closePrice": "40.2004911323329"
        },
        {
            "fiscalDateEnding": "2014-03-31",
            "totalCurrentAssets": "1659000000",
            "cashAndShortTermInvestments": "922000000",
            "totalCurrentLiabilities": "882000000",
            "currentDebt": "None",
            "netIncome": "59000000",
            "capitalExpenditures": "12000000",
            "operatingCashflow": "343000000",
            "grossProfit": "333000000",
            "totalRevenue": "628000000",
            "sentiment": 0,
            "surprise": "0.07",
            "closePrice": "38.1914334351978"
        },
        {
            "fiscalDateEnding": "2013-12-31",
            "totalCurrentAssets": "1563000000",
            "cashAndShortTermInvestments": "695000000",
            "totalCurrentLiabilities": "776000000",
            "currentDebt": "26000000",
            "netIncome": "112000000",
            "capitalExpenditures": "16000000",
            "operatingCashflow": "63000000",
            "grossProfit": "431000000",
            "totalRevenue": "769000000",
            "sentiment": 0,
            "surprise": "0.03",
            "closePrice": "37.8250546926639"
        },
        {
            "fiscalDateEnding": "2013-09-30",
            "totalCurrentAssets": "1560000000",
            "cashAndShortTermInvestments": "862000000",
            "totalCurrentLiabilities": "722000000",
            "currentDebt": "None",
            "netIncome": "98000000",
            "capitalExpenditures": "13000000",
            "operatingCashflow": "64000000",
            "grossProfit": "358000000",
            "totalRevenue": "666000000",
            "sentiment": 0,
            "surprise": "0",
            "closePrice": "40.6573209830659"
        },
        {
            "fiscalDateEnding": "2013-06-30",
            "totalCurrentAssets": "1493000000",
            "cashAndShortTermInvestments": "826000000",
            "totalCurrentLiabilities": "774000000",
            "currentDebt": "None",
            "netIncome": "108000000",
            "capitalExpenditures": "21000000",
            "operatingCashflow": "140000000",
            "grossProfit": "379000000",
            "totalRevenue": "670000000",
            "sentiment": 0,
            "surprise": "0.05",
            "closePrice": "58.2782610959898"
        },
        {
            "fiscalDateEnding": "2013-03-31",
            "totalCurrentAssets": "1509000000",
            "cashAndShortTermInvestments": "853000000",
            "totalCurrentLiabilities": "783000000",
            "currentDebt": "None",
            "netIncome": "59000000",
            "capitalExpenditures": "10000000",
            "operatingCashflow": "243000000",
            "grossProfit": "305000000",
            "totalRevenue": "587000000",
            "sentiment": 0,
            "surprise": "-0.1",
            "closePrice": "48.9511561461646"
        },
        {
            "fiscalDateEnding": "2012-12-31",
            "totalCurrentAssets": "1534000000",
            "cashAndShortTermInvestments": "729000000",
            "totalCurrentLiabilities": "806000000",
            "currentDebt": "15000000",
            "netIncome": "112000000",
            "capitalExpenditures": "18000000",
            "operatingCashflow": "124000000",
            "grossProfit": "410000000",
            "totalRevenue": "740000000",
            "sentiment": 0,
            "surprise": "0.05",
            "closePrice": "57.0328019780606"
        },
        {
            "fiscalDateEnding": "2012-09-30",
            "totalCurrentAssets": "1553000000",
            "cashAndShortTermInvestments": "909000000",
            "totalCurrentLiabilities": "694000000",
            "currentDebt": "None",
            "netIncome": "104000000",
            "capitalExpenditures": "18000000",
            "operatingCashflow": "107000000",
            "grossProfit": "361000000",
            "totalRevenue": "647000000",
            "sentiment": 0,
            "surprise": "0.02",
            "closePrice": "58.8133472355445"
        },
        {
            "fiscalDateEnding": "2012-06-30",
            "totalCurrentAssets": "1440000000",
            "cashAndShortTermInvestments": "821000000",
            "totalCurrentLiabilities": "719000000",
            "currentDebt": "None",
            "netIncome": "112000000",
            "capitalExpenditures": "19000000",
            "operatingCashflow": "152000000",
            "grossProfit": "382000000",
            "totalRevenue": "665000000",
            "sentiment": 0,
            "surprise": "0.12",
            "closePrice": "62.0884434345435"
        },
        {
            "fiscalDateEnding": "2012-03-31",
            "totalCurrentAssets": "1614000000",
            "cashAndShortTermInvestments": "978000000",
            "totalCurrentLiabilities": "745000000",
            "currentDebt": "None",
            "netIncome": "91000000",
            "capitalExpenditures": "12000000",
            "operatingCashflow": "192000000",
            "grossProfit": "338000000",
            "totalRevenue": "613000000",
            "sentiment": 0,
            "surprise": "0.04",
            "closePrice": "71.1664565607828"
        },
        {
            "fiscalDateEnding": "2011-12-31",
            "totalCurrentAssets": "1412000000",
            "cashAndShortTermInvestments": "772000000",
            "totalCurrentLiabilities": "695000000",
            "currentDebt": "None",
            "netIncome": "98000000",
            "capitalExpenditures": "11000000",
            "operatingCashflow": "126000000",
            "grossProfit": "374000000",
            "totalRevenue": "673000000",
            "sentiment": 0,
            "surprise": "0.04",
            "closePrice": "58.9886331518019"
        },
        {
            "fiscalDateEnding": "2011-09-30",
            "totalCurrentAssets": "1261000000",
            "cashAndShortTermInvestments": "691000000",
            "totalCurrentLiabilities": "671000000",
            "currentDebt": "None",
            "netIncome": "87000000",
            "capitalExpenditures": "9000000",
            "operatingCashflow": "102000000",
            "grossProfit": "328000000",
            "totalRevenue": "602000000",
            "sentiment": 0,
            "surprise": "0.04",
            "closePrice": "53.6377726788166"
        },
        {
            "fiscalDateEnding": "2011-06-30",
            "totalCurrentAssets": "1222000000",
            "cashAndShortTermInvestments": "682000000",
            "totalCurrentLiabilities": "679000000",
            "currentDebt": "None",
            "netIncome": "103000000",
            "capitalExpenditures": "14000000",
            "operatingCashflow": "179000000",
            "grossProfit": "316000000",
            "totalRevenue": "581000000",
            "sentiment": 0,
            "surprise": "0.07",
            "closePrice": "50.0305540483699"
        },
        {
            "fiscalDateEnding": "2011-03-31",
            "totalCurrentAssets": "1367000000",
            "cashAndShortTermInvestments": "778000000",
            "totalCurrentLiabilities": "660000000",
            "currentDebt": "None",
            "netIncome": "65000000",
            "capitalExpenditures": "8000000",
            "operatingCashflow": "106000000",
            "grossProfit": "275000000",
            "totalRevenue": "506000000",
            "sentiment": 0,
            "surprise": "0.02",
            "closePrice": "48.8496742921111"
        },
        {
            "fiscalDateEnding": "2010-12-31",
            "totalCurrentAssets": "1406000000",
            "cashAndShortTermInvestments": "883000000",
            "totalCurrentLiabilities": "569000000",
            "currentDebt": "None",
            "netIncome": "85000000",
            "capitalExpenditures": "9000000",
            "operatingCashflow": "148000000",
            "grossProfit": "305000000",
            "totalRevenue": "548000000",
            "sentiment": 0,
            "surprise": "0.03",
            "closePrice": "43.8217097049155"
        },
        {
            "fiscalDateEnding": "2010-09-30",
            "totalCurrentAssets": "1272000000",
            "cashAndShortTermInvestments": "741000000",
            "totalCurrentLiabilities": "550000000",
            "currentDebt": "None",
            "netIncome": "75000000",
            "capitalExpenditures": "8000000",
            "operatingCashflow": "65000000",
            "grossProfit": "279000000",
            "totalRevenue": "489000000",
            "sentiment": 0,
            "surprise": "0.05",
            "closePrice": "37.2807429300134"
        },
        {
            "fiscalDateEnding": "2010-06-30",
            "totalCurrentAssets": "1208000000",
            "cashAndShortTermInvestments": "724000000",
            "totalCurrentLiabilities": "543000000",
            "currentDebt": "None",
            "netIncome": "74000000",
            "capitalExpenditures": "23000000",
            "operatingCashflow": "62000000",
            "grossProfit": "268000000",
            "totalRevenue": "470000000",
            "sentiment": 0,
            "surprise": "0.04",
            "closePrice": "30.1493362769819"
        }
    ]
}