{
    "TEL": [
        {
            "fiscalDateEnding": "2023-12-31",
            "totalCurrentAssets": "7441000000",
            "cashAndShortTermInvestments": "1170000000",
            "totalCurrentLiabilities": "4011000000",
            "currentDebt": "613000000",
            "netIncome": "1803000000",
            "capitalExpenditures": "151000000",
            "operatingCashflow": "719000000",
            "grossProfit": "1324000000",
            "totalRevenue": "3813000000",
            "sentiment": 0.3344924909210737,
            "surprise": "0.13",
            "closePrice": "143.040533528102"
        },
        {
            "fiscalDateEnding": "2023-09-30",
            "totalCurrentAssets": "7892000000",
            "cashAndShortTermInvestments": "1661000000",
            "totalCurrentLiabilities": "4463000000",
            "currentDebt": "682000000",
            "netIncome": "552000000",
            "capitalExpenditures": "194000000",
            "operatingCashflow": "1138000000",
            "grossProfit": "1285000000",
            "totalRevenue": "4016000000",
            "sentiment": 0.2776754845433392,
            "surprise": "0.02",
            "closePrice": "121.808591493288"
        },
        {
            "fiscalDateEnding": "2023-06-30",
            "totalCurrentAssets": "7649000000",
            "cashAndShortTermInvestments": "1131000000",
            "totalCurrentLiabilities": "4258000000",
            "currentDebt": "291000000",
            "netIncome": "528000000",
            "capitalExpenditures": "166000000",
            "operatingCashflow": "779000000",
            "grossProfit": "1299000000",
            "totalRevenue": "3978000000",
            "sentiment": 0.2326225587107096,
            "surprise": "0.11",
            "closePrice": "142.536175274985"
        },
        {
            "fiscalDateEnding": "2023-03-31",
            "totalCurrentAssets": "7439000000",
            "cashAndShortTermInvestments": "905000000",
            "totalCurrentLiabilities": "4393000000",
            "currentDebt": "286000000",
            "netIncome": "433000000",
            "capitalExpenditures": "189000000",
            "operatingCashflow": "634000000",
            "grossProfit": "1284000000",
            "totalRevenue": "4140000000",
            "sentiment": 0.3983847864690412,
            "surprise": "0.07",
            "closePrice": "118.05800840702"
        },
        {
            "fiscalDateEnding": "2022-12-31",
            "totalCurrentAssets": "7318000000",
            "cashAndShortTermInvestments": "793000000",
            "totalCurrentLiabilities": "4420000000",
            "currentDebt": "820000000",
            "netIncome": "397000000",
            "capitalExpenditures": "183000000",
            "operatingCashflow": "581000000",
            "grossProfit": "1187000000",
            "totalRevenue": "3820000000",
            "sentiment": 0.3460056979738309,
            "surprise": "0.02",
            "closePrice": "120.855235054388"
        },
        {
            "fiscalDateEnding": "2022-09-30",
            "totalCurrentAssets": "7268000000",
            "cashAndShortTermInvestments": "1088000000",
            "totalCurrentLiabilities": "4632000000",
            "currentDebt": "914000000",
            "netIncome": "708000000",
            "capitalExpenditures": "212000000",
            "operatingCashflow": "944000000",
            "grossProfit": "1349000000",
            "totalRevenue": "4341000000",
            "sentiment": 0.27804820403302183,
            "surprise": "0.01",
            "closePrice": "110.645270050176"
        },
        {
            "fiscalDateEnding": "2022-06-30",
            "totalCurrentAssets": "7583000000",
            "cashAndShortTermInvestments": "820000000",
            "totalCurrentLiabilities": "5058000000",
            "currentDebt": "822000000",
            "netIncome": "594000000",
            "capitalExpenditures": "205000000",
            "operatingCashflow": "579000000",
            "grossProfit": "1328000000",
            "totalRevenue": "4079000000",
            "sentiment": 0.01888176009325055,
            "surprise": "0.11",
            "closePrice": "123.954758639216"
        },
        {
            "fiscalDateEnding": "2022-03-31",
            "totalCurrentAssets": "7417000000",
            "cashAndShortTermInvestments": "749000000",
            "totalCurrentLiabilities": "5046000000",
            "currentDebt": "610000000",
            "netIncome": "560000000",
            "capitalExpenditures": "179000000",
            "operatingCashflow": "413000000",
            "grossProfit": "1337000000",
            "totalRevenue": "3989000000",
            "sentiment": -0.09291913799207623,
            "surprise": "0.11",
            "closePrice": "120.833523592218"
        },
        {
            "fiscalDateEnding": "2021-12-31",
            "totalCurrentAssets": "7244000000",
            "cashAndShortTermInvestments": "982000000",
            "totalCurrentLiabilities": "4274000000",
            "currentDebt": "484000000",
            "netIncome": "566000000",
            "capitalExpenditures": "172000000",
            "operatingCashflow": "532000000",
            "grossProfit": "1230000000",
            "totalRevenue": "3806000000",
            "sentiment": 0,
            "surprise": "0.15",
            "closePrice": "135.364906765038"
        },
        {
            "fiscalDateEnding": "2021-09-30",
            "totalCurrentAssets": "7263000000",
            "cashAndShortTermInvestments": "1203000000",
            "totalCurrentLiabilities": "4656000000",
            "currentDebt": "503000000",
            "netIncome": "794000000",
            "capitalExpenditures": "236000000",
            "operatingCashflow": "774000000",
            "grossProfit": "1263000000",
            "totalRevenue": "3804000000",
            "sentiment": 0,
            "surprise": "0.05",
            "closePrice": "136.986968705325"
        },
        {
            "fiscalDateEnding": "2021-06-30",
            "totalCurrentAssets": "7394000000",
            "cashAndShortTermInvestments": "1416000000",
            "totalCurrentLiabilities": "4662000000",
            "currentDebt": "505000000",
            "netIncome": "580000000",
            "capitalExpenditures": "170000000",
            "operatingCashflow": "682000000",
            "grossProfit": "1268000000",
            "totalRevenue": "3831000000",
            "sentiment": 0,
            "surprise": "0.21",
            "closePrice": "135.652915283093"
        },
        {
            "fiscalDateEnding": "2021-03-31",
            "totalCurrentAssets": "7422000000",
            "cashAndShortTermInvestments": "1748000000",
            "totalCurrentLiabilities": "5039000000",
            "currentDebt": "919000000",
            "netIncome": "506000000",
            "capitalExpenditures": "142000000",
            "operatingCashflow": "580000000",
            "grossProfit": "1210000000",
            "totalRevenue": "3725000000",
            "sentiment": 0,
            "surprise": "0.09",
            "closePrice": "127.119642192972"
        },
        {
            "fiscalDateEnding": "2020-12-31",
            "totalCurrentAssets": "6481000000",
            "cashAndShortTermInvestments": "1098000000",
            "totalCurrentLiabilities": "4083000000",
            "currentDebt": "685000000",
            "netIncome": "381000000",
            "capitalExpenditures": "142000000",
            "operatingCashflow": "640000000",
            "grossProfit": "1146000000",
            "totalRevenue": "3507000000",
            "sentiment": 0,
            "surprise": "0.19",
            "closePrice": "113.773499367909"
        },
        {
            "fiscalDateEnding": "2020-09-30",
            "totalCurrentAssets": "5784000000",
            "cashAndShortTermInvestments": "945000000",
            "totalCurrentLiabilities": "3690000000",
            "currentDebt": "694000000",
            "netIncome": "230000000",
            "capitalExpenditures": "121000000",
            "operatingCashflow": "720000000",
            "grossProfit": "969000000",
            "totalRevenue": "3261000000",
            "sentiment": 0,
            "surprise": "0.29",
            "closePrice": "91.5027846998032"
        },
        {
            "fiscalDateEnding": "2020-06-30",
            "totalCurrentAssets": "5319000000",
            "cashAndShortTermInvestments": "474000000",
            "totalCurrentLiabilities": "3727000000",
            "currentDebt": "691000000",
            "netIncome": "-41000000",
            "capitalExpenditures": "130000000",
            "operatingCashflow": "380000000",
            "grossProfit": "707000000",
            "totalRevenue": "2535000000",
            "sentiment": 0,
            "surprise": "0.19",
            "closePrice": "84.4706650347886"
        },
        {
            "fiscalDateEnding": "2020-03-31",
            "totalCurrentAssets": "5715000000",
            "cashAndShortTermInvestments": "796000000",
            "totalCurrentLiabilities": "3959000000",
            "currentDebt": "603000000",
            "netIncome": "-456000000",
            "capitalExpenditures": "133000000",
            "operatingCashflow": "481000000",
            "grossProfit": "1029000000",
            "totalRevenue": "3184000000",
            "sentiment": 0,
            "surprise": "0.29",
            "closePrice": "68.7770206056735"
        },
        {
            "fiscalDateEnding": "2019-12-31",
            "totalCurrentAssets": "5566000000",
            "cashAndShortTermInvestments": "742000000",
            "totalCurrentLiabilities": "3404000000",
            "currentDebt": "561000000",
            "netIncome": "26000000",
            "capitalExpenditures": "176000000",
            "operatingCashflow": "411000000",
            "grossProfit": "1030000000",
            "totalRevenue": "3156000000",
            "sentiment": 0,
            "surprise": "0.07",
            "closePrice": "91.1301560757863"
        },
        {
            "fiscalDateEnding": "2019-09-30",
            "totalCurrentAssets": "5554000000",
            "cashAndShortTermInvestments": "927000000",
            "totalCurrentLiabilities": "3540000000",
            "currentDebt": "570000000",
            "netIncome": "372000000",
            "capitalExpenditures": "179000000",
            "operatingCashflow": "878000000",
            "grossProfit": "1052000000",
            "totalRevenue": "3300000000",
            "sentiment": 0,
            "surprise": "0.02",
            "closePrice": "83.3485902667501"
        },
        {
            "fiscalDateEnding": "2019-06-30",
            "totalCurrentAssets": "5422000000",
            "cashAndShortTermInvestments": "546000000",
            "totalCurrentLiabilities": "3694000000",
            "currentDebt": "602000000",
            "netIncome": "757000000",
            "capitalExpenditures": "169000000",
            "operatingCashflow": "691000000",
            "grossProfit": "1110000000",
            "totalRevenue": "3376000000",
            "sentiment": 0,
            "surprise": "0.08",
            "closePrice": "84.0596111210351"
        },
        {
            "fiscalDateEnding": "2019-03-31",
            "totalCurrentAssets": "5446000000",
            "cashAndShortTermInvestments": "565000000",
            "totalCurrentLiabilities": "3867000000",
            "currentDebt": "612000000",
            "netIncome": "439000000",
            "capitalExpenditures": "191000000",
            "operatingCashflow": "556000000",
            "grossProfit": "1118000000",
            "totalRevenue": "3397000000",
            "sentiment": 0,
            "surprise": "0.14",
            "closePrice": "87.6880433988171"
        },
        {
            "fiscalDateEnding": "2018-12-31",
            "totalCurrentAssets": "5378000000",
            "cashAndShortTermInvestments": "505000000",
            "totalCurrentLiabilities": "3471000000",
            "currentDebt": "585000000",
            "netIncome": "276000000",
            "capitalExpenditures": "210000000",
            "operatingCashflow": "297000000",
            "grossProfit": "1114000000",
            "totalRevenue": "3320000000",
            "sentiment": 0,
            "surprise": "0.01",
            "closePrice": "69.173744224468"
        },
        {
            "fiscalDateEnding": "2018-09-30",
            "totalCurrentAssets": "6199000000",
            "cashAndShortTermInvestments": "848000000",
            "totalCurrentLiabilities": "4410000000",
            "currentDebt": "963000000",
            "netIncome": "1661000000",
            "capitalExpenditures": "249000000",
            "operatingCashflow": "924000000",
            "grossProfit": "1182000000",
            "totalRevenue": "3509000000",
            "sentiment": 0,
            "surprise": "0.02",
            "closePrice": "68.2462075626072"
        },
        {
            "fiscalDateEnding": "2018-06-30",
            "totalCurrentAssets": "5941000000",
            "cashAndShortTermInvestments": "770000000",
            "totalCurrentLiabilities": "4046000000",
            "currentDebt": "714000000",
            "netIncome": "454000000",
            "capitalExpenditures": "239000000",
            "operatingCashflow": "800000000",
            "grossProfit": "1187000000",
            "totalRevenue": "3739000000",
            "sentiment": 0,
            "surprise": "0.06",
            "closePrice": "84.6405271906164"
        },
        {
            "fiscalDateEnding": "2018-03-31",
            "totalCurrentAssets": "5960000000",
            "cashAndShortTermInvestments": "559000000",
            "totalCurrentLiabilities": "4164000000",
            "currentDebt": "675000000",
            "netIncome": "490000000",
            "capitalExpenditures": "206000000",
            "operatingCashflow": "377000000",
            "grossProfit": "1212000000",
            "totalRevenue": "3716000000",
            "sentiment": 0,
            "surprise": "0.06",
            "closePrice": "84.5970897851477"
        },
        {
            "fiscalDateEnding": "2017-12-31",
            "totalCurrentAssets": "5733000000",
            "cashAndShortTermInvestments": "704000000",
            "totalCurrentLiabilities": "3635000000",
            "currentDebt": "688000000",
            "netIncome": "-40000000",
            "capitalExpenditures": "241000000",
            "operatingCashflow": "350000000",
            "grossProfit": "1164000000",
            "totalRevenue": "3454000000",
            "sentiment": 0,
            "surprise": "0.15",
            "closePrice": "91.4148500337056"
        },
        {
            "fiscalDateEnding": "2017-09-30",
            "totalCurrentAssets": "5926000000",
            "cashAndShortTermInvestments": "1218000000",
            "totalCurrentLiabilities": "3847000000",
            "currentDebt": "710000000",
            "netIncome": "434000000",
            "capitalExpenditures": "250000000",
            "operatingCashflow": "873000000",
            "grossProfit": "1067000000",
            "totalRevenue": "3456000000",
            "sentiment": 0,
            "surprise": "0.09",
            "closePrice": "81.676800002344"
        },
        {
            "fiscalDateEnding": "2017-06-30",
            "totalCurrentAssets": "5354000000",
            "cashAndShortTermInvestments": "755000000",
            "totalCurrentLiabilities": "3872000000",
            "currentDebt": "878000000",
            "netIncome": "435000000",
            "capitalExpenditures": "163000000",
            "operatingCashflow": "523000000",
            "grossProfit": "1060000000",
            "totalRevenue": "3335000000",
            "sentiment": 0,
            "surprise": "0.07",
            "closePrice": "71.3383178129344"
        },
        {
            "fiscalDateEnding": "2017-03-31",
            "totalCurrentAssets": "5146000000",
            "cashAndShortTermInvestments": "773000000",
            "totalCurrentLiabilities": "3935000000",
            "currentDebt": "879000000",
            "netIncome": "405000000",
            "capitalExpenditures": "159000000",
            "operatingCashflow": "521000000",
            "grossProfit": "1041000000",
            "totalRevenue": "3195000000",
            "sentiment": 0,
            "surprise": "0.11",
            "closePrice": "67.4490808040296"
        },
        {
            "fiscalDateEnding": "2016-12-31",
            "totalCurrentAssets": "4809000000",
            "cashAndShortTermInvestments": "665000000",
            "totalCurrentLiabilities": "3513000000",
            "currentDebt": "1052000000",
            "netIncome": "409000000",
            "capitalExpenditures": "130000000",
            "operatingCashflow": "404000000",
            "grossProfit": "1015000000",
            "totalRevenue": "3032000000",
            "sentiment": 0,
            "surprise": "0.15",
            "closePrice": "65.8231743356036"
        },
        {
            "fiscalDateEnding": "2016-09-30",
            "totalCurrentAssets": "4775000000",
            "cashAndShortTermInvestments": "647000000",
            "totalCurrentLiabilities": "3066000000",
            "currentDebt": "331000000",
            "netIncome": "437000000",
            "capitalExpenditures": "208000000",
            "operatingCashflow": "684000000",
            "grossProfit": "1104000000",
            "totalRevenue": "3332000000",
            "sentiment": 0,
            "surprise": "0.07",
            "closePrice": "54.7934177010355"
        },
        {
            "fiscalDateEnding": "2016-06-30",
            "totalCurrentAssets": "4929000000",
            "cashAndShortTermInvestments": "694000000",
            "totalCurrentLiabilities": "3311000000",
            "currentDebt": "302000000",
            "netIncome": "839000000",
            "capitalExpenditures": "150000000",
            "operatingCashflow": "718000000",
            "grossProfit": "1022000000",
            "totalRevenue": "3090000000",
            "sentiment": 0,
            "surprise": "0.05",
            "closePrice": "53.5649437386784"
        },
        {
            "fiscalDateEnding": "2016-03-31",
            "totalCurrentAssets": "5414000000",
            "cashAndShortTermInvestments": "1150000000",
            "totalCurrentLiabilities": "3097000000",
            "currentDebt": "152000000",
            "netIncome": "380000000",
            "capitalExpenditures": "131000000",
            "operatingCashflow": "155000000",
            "grossProfit": "962000000",
            "totalRevenue": "2920000000",
            "sentiment": 0,
            "surprise": "0.01",
            "closePrice": "52.8613295715788"
        },
        {
            "fiscalDateEnding": "2015-12-31",
            "totalCurrentAssets": "6505000000",
            "cashAndShortTermInvestments": "2223000000",
            "totalCurrentLiabilities": "3266000000",
            "currentDebt": "500000000",
            "netIncome": "353000000",
            "capitalExpenditures": "139000000",
            "operatingCashflow": "390000000",
            "grossProfit": "945000000",
            "totalRevenue": "2803000000",
            "sentiment": 0,
            "surprise": "0.08",
            "closePrice": "48.1603835648659"
        },
        {
            "fiscalDateEnding": "2015-09-30",
            "totalCurrentAssets": "7885000000",
            "cashAndShortTermInvestments": "3329000000",
            "totalCurrentLiabilities": "3575000000",
            "currentDebt": "498000000",
            "netIncome": "1040000000",
            "capitalExpenditures": "175000000",
            "operatingCashflow": "641000000",
            "grossProfit": "968000000",
            "totalRevenue": "2984000000",
            "sentiment": 0,
            "surprise": "-0.02",
            "closePrice": "53.8248999245215"
        },
        {
            "fiscalDateEnding": "2015-06-30",
            "totalCurrentAssets": "7736000000",
            "cashAndShortTermInvestments": "701000000",
            "totalCurrentLiabilities": "4041000000",
            "currentDebt": "631000000",
            "netIncome": "309000000",
            "capitalExpenditures": "134000000",
            "operatingCashflow": "596000000",
            "grossProfit": "1048000000",
            "totalRevenue": "3085000000",
            "sentiment": 0,
            "surprise": "0.02",
            "closePrice": "52.2195173201363"
        },
        {
            "fiscalDateEnding": "2015-03-31",
            "totalCurrentAssets": "7612000000",
            "cashAndShortTermInvestments": "697000000",
            "totalCurrentLiabilities": "4141000000",
            "currentDebt": "736000000",
            "netIncome": "599000000",
            "capitalExpenditures": "149000000",
            "operatingCashflow": "398000000",
            "grossProfit": "1051000000",
            "totalRevenue": "3045000000",
            "sentiment": 0,
            "surprise": "-0.09",
            "closePrice": "59.0841338479111"
        },
        {
            "fiscalDateEnding": "2014-12-31",
            "totalCurrentAssets": "6045000000",
            "cashAndShortTermInvestments": "868000000",
            "totalCurrentLiabilities": "3876000000",
            "currentDebt": "937000000",
            "netIncome": "472000000",
            "capitalExpenditures": "142000000",
            "operatingCashflow": "295000000",
            "grossProfit": "1020000000",
            "totalRevenue": "3431000000",
            "sentiment": 0,
            "surprise": "0.08",
            "closePrice": "56.5907175280676"
        },
        {
            "fiscalDateEnding": "2014-09-30",
            "totalCurrentAssets": "8879000000",
            "cashAndShortTermInvestments": "2457000000",
            "totalCurrentLiabilities": "3993000000",
            "currentDebt": "667000000",
            "netIncome": "663000000",
            "capitalExpenditures": "197000000",
            "operatingCashflow": "749000000",
            "grossProfit": "1014000000",
            "totalRevenue": "3575000000",
            "sentiment": 0,
            "surprise": "0.02",
            "closePrice": "48.4912025575984"
        },
        {
            "fiscalDateEnding": "2014-06-30",
            "totalCurrentAssets": "6873000000",
            "cashAndShortTermInvestments": "1613000000",
            "totalCurrentLiabilities": "3860000000",
            "currentDebt": "625000000",
            "netIncome": "403000000",
            "capitalExpenditures": "175000000",
            "operatingCashflow": "500000000",
            "grossProfit": "1018000000",
            "totalRevenue": "3550000000",
            "sentiment": 0,
            "surprise": "0.01",
            "closePrice": "51.8070670826767"
        },
        {
            "fiscalDateEnding": "2014-03-31",
            "totalCurrentAssets": "6566000000",
            "cashAndShortTermInvestments": "1429000000",
            "totalCurrentLiabilities": "4087000000",
            "currentDebt": "625000000",
            "netIncome": "362000000",
            "capitalExpenditures": "168000000",
            "operatingCashflow": "449000000",
            "grossProfit": "995000000",
            "totalRevenue": "3401000000",
            "sentiment": 0,
            "surprise": "0.04",
            "closePrice": "44.4397188018544"
        },
        {
            "fiscalDateEnding": "2013-12-31",
            "totalCurrentAssets": "6358000000",
            "cashAndShortTermInvestments": "1397000000",
            "totalCurrentLiabilities": "3409000000",
            "currentDebt": "383000000",
            "netIncome": "353000000",
            "capitalExpenditures": "133000000",
            "operatingCashflow": "385000000",
            "grossProfit": "945000000",
            "totalRevenue": "3292000000",
            "sentiment": 0,
            "surprise": "0.05",
            "closePrice": "43.9840326329775"
        },
        {
            "fiscalDateEnding": "2013-09-30",
            "totalCurrentAssets": "6309000000",
            "cashAndShortTermInvestments": "1403000000",
            "totalCurrentLiabilities": "3924000000",
            "currentDebt": "711000000",
            "netIncome": "1156000000",
            "capitalExpenditures": "203000000",
            "operatingCashflow": "593000000",
            "grossProfit": "1156000000",
            "totalRevenue": "3432000000",
            "sentiment": 0,
            "surprise": "0.03",
            "closePrice": "37.2386595970963"
        },
        {
            "fiscalDateEnding": "2013-06-30",
            "totalCurrentAssets": "6018000000",
            "cashAndShortTermInvestments": "1262000000",
            "totalCurrentLiabilities": "4003000000",
            "currentDebt": "711000000",
            "netIncome": "670000000",
            "capitalExpenditures": "159000000",
            "operatingCashflow": "616000000",
            "grossProfit": "1132000000",
            "totalRevenue": "3413000000",
            "sentiment": 0,
            "surprise": "0.05",
            "closePrice": "36.8456909453432"
        },
        {
            "fiscalDateEnding": "2013-03-31",
            "totalCurrentAssets": "5864000000",
            "cashAndShortTermInvestments": "1073000000",
            "totalCurrentLiabilities": "3901000000",
            "currentDebt": "715000000",
            "netIncome": "554000000",
            "capitalExpenditures": "127000000",
            "operatingCashflow": "445000000",
            "grossProfit": "1052000000",
            "totalRevenue": "3230000000",
            "sentiment": 0,
            "surprise": "0.05",
            "closePrice": "30.4325712709857"
        },
        {
            "fiscalDateEnding": "2012-12-31",
            "totalCurrentAssets": "5753000000",
            "cashAndShortTermInvestments": "972000000",
            "totalCurrentLiabilities": "3111000000",
            "currentDebt": "351000000",
            "netIncome": "554000000",
            "capitalExpenditures": "126000000",
            "operatingCashflow": "392000000",
            "grossProfit": "989000000",
            "totalRevenue": "3097000000",
            "sentiment": 0,
            "surprise": "0.01",
            "closePrice": "28.2845937000606"
        },
        {
            "fiscalDateEnding": "2012-09-30",
            "totalCurrentAssets": "6503000000",
            "cashAndShortTermInvestments": "1589000000",
            "totalCurrentLiabilities": "4004000000",
            "currentDebt": "1015000000",
            "netIncome": "1460000000",
            "capitalExpenditures": "148000000",
            "operatingCashflow": "713000000",
            "grossProfit": "1064000000",
            "totalRevenue": "3364000000",
            "sentiment": 0,
            "surprise": "0.02",
            "closePrice": "23.8400553339539"
        },
        {
            "fiscalDateEnding": "2012-06-30",
            "totalCurrentAssets": "6432000000",
            "cashAndShortTermInvestments": "1302000000",
            "totalCurrentLiabilities": "4070000000",
            "currentDebt": "1066000000",
            "netIncome": "398000000",
            "capitalExpenditures": "115000000",
            "operatingCashflow": "505000000",
            "grossProfit": "1018000000",
            "totalRevenue": "3451000000",
            "sentiment": 0,
            "surprise": "0.01",
            "closePrice": "22.2640339493289"
        },
        {
            "fiscalDateEnding": "2012-03-31",
            "totalCurrentAssets": "8311000000",
            "cashAndShortTermInvestments": "2866000000",
            "totalCurrentLiabilities": "4371000000",
            "currentDebt": "1285000000",
            "netIncome": "514000000",
            "capitalExpenditures": "140000000",
            "operatingCashflow": "522000000",
            "grossProfit": "1021000000",
            "totalRevenue": "3205000000",
            "sentiment": 0,
            "surprise": "0.02",
            "closePrice": "25.3676634210406"
        },
        {
            "fiscalDateEnding": "2011-12-31",
            "totalCurrentAssets": "6577000000",
            "cashAndShortTermInvestments": "1390000000",
            "totalCurrentLiabilities": "3820000000",
            "currentDebt": "896000000",
            "netIncome": "520000000",
            "capitalExpenditures": "130000000",
            "operatingCashflow": "207000000",
            "grossProfit": "943000000",
            "totalRevenue": "3271000000",
            "sentiment": 0,
            "surprise": "-0.04",
            "closePrice": "24.3229941556772"
        },
        {
            "fiscalDateEnding": "2011-09-30",
            "totalCurrentAssets": "6981000000",
            "cashAndShortTermInvestments": "1219000000",
            "totalCurrentLiabilities": "3410000000",
            "currentDebt": "1000000",
            "netIncome": "1558000000",
            "capitalExpenditures": "206000000",
            "operatingCashflow": "630000000",
            "grossProfit": "1184000000",
            "totalRevenue": "3911000000",
            "sentiment": 0,
            "surprise": "0.03",
            "closePrice": "24.9220940876598"
        },
        {
            "fiscalDateEnding": "2011-06-30",
            "totalCurrentAssets": "6860000000",
            "cashAndShortTermInvestments": "1212000000",
            "totalCurrentLiabilities": "3691000000",
            "currentDebt": "1000000",
            "netIncome": "355000000",
            "capitalExpenditures": "144000000",
            "operatingCashflow": "438000000",
            "grossProfit": "1088000000",
            "totalRevenue": "3689000000",
            "sentiment": 0,
            "surprise": "0.07",
            "closePrice": "25.0491616521595"
        },
        {
            "fiscalDateEnding": "2011-03-31",
            "totalCurrentAssets": "6743000000",
            "cashAndShortTermInvestments": "1239000000",
            "totalCurrentLiabilities": "3750000000",
            "currentDebt": "185000000",
            "netIncome": "299000000",
            "capitalExpenditures": "114000000",
            "operatingCashflow": "557000000",
            "grossProfit": "1008000000",
            "totalRevenue": "3429000000",
            "sentiment": 0,
            "surprise": "-0.01",
            "closePrice": "24.1468404936623"
        },
        {
            "fiscalDateEnding": "2010-12-31",
            "totalCurrentAssets": "6788000000",
            "cashAndShortTermInvestments": "1407000000",
            "totalCurrentLiabilities": "3868000000",
            "currentDebt": "660000000",
            "netIncome": "265000000",
            "capitalExpenditures": "117000000",
            "operatingCashflow": "154000000",
            "grossProfit": "991000000",
            "totalRevenue": "3165000000",
            "sentiment": 0,
            "surprise": "0.05",
            "closePrice": "24.7429120401543"
        },
        {
            "fiscalDateEnding": "2010-09-30",
            "totalCurrentAssets": "6731000000",
            "cashAndShortTermInvestments": "1990000000",
            "totalCurrentLiabilities": "3460000000",
            "currentDebt": "106000000",
            "netIncome": "297000000",
            "capitalExpenditures": "136000000",
            "operatingCashflow": "474000000",
            "grossProfit": "993000000",
            "totalRevenue": "3137000000",
            "sentiment": 0,
            "surprise": "0.02",
            "closePrice": "21.4654174592948"
        },
        {
            "fiscalDateEnding": "2010-06-30",
            "totalCurrentAssets": "6333000000",
            "cashAndShortTermInvestments": "1815000000",
            "totalCurrentLiabilities": "3337000000",
            "currentDebt": "107000000",
            "netIncome": "330000000",
            "capitalExpenditures": "92000000",
            "operatingCashflow": "375000000",
            "grossProfit": "985000000",
            "totalRevenue": "3046000000",
            "sentiment": 0,
            "surprise": "0.03",
            "closePrice": "17.5012267207912"
        },
        {
            "fiscalDateEnding": "2010-03-31",
            "totalCurrentAssets": "6111000000",
            "cashAndShortTermInvestments": "1839000000",
            "totalCurrentLiabilities": "3280000000",
            "currentDebt": "101000000",
            "netIncome": "304000000",
            "capitalExpenditures": "81000000",
            "operatingCashflow": "500000000",
            "grossProfit": "958000000",
            "totalRevenue": "2919000000",
            "sentiment": 0,
            "surprise": "0.12",
            "closePrice": "20.780009802388"
        },
        {
            "fiscalDateEnding": "2009-12-31",
            "totalCurrentAssets": "5820000000",
            "cashAndShortTermInvestments": "1695000000",
            "totalCurrentLiabilities": "2761000000",
            "currentDebt": "101000000",
            "netIncome": "172000000",
            "capitalExpenditures": "76000000",
            "operatingCashflow": "330000000",
            "grossProfit": "841000000",
            "totalRevenue": "2853000000",
            "sentiment": 0,
            "surprise": "0.08",
            "closePrice": "17.2882339245126"
        },
        {
            "fiscalDateEnding": "2009-09-30",
            "totalCurrentAssets": "5579000000",
            "cashAndShortTermInvestments": "1521000000",
            "totalCurrentLiabilities": "2615000000",
            "currentDebt": "101000000",
            "netIncome": "91000000",
            "capitalExpenditures": "58000000",
            "operatingCashflow": "542000000",
            "grossProfit": "691000000",
            "totalRevenue": "2720000000",
            "sentiment": 0,
            "surprise": "0.03",
            "closePrice": "15.0125195041245"
        },
        {
            "fiscalDateEnding": "2009-06-30",
            "totalCurrentAssets": "5558000000",
            "cashAndShortTermInvestments": "1258000000",
            "totalCurrentLiabilities": "2625000000",
            "currentDebt": "None",
            "netIncome": "-77000000",
            "capitalExpenditures": "59000000",
            "operatingCashflow": "330000000",
            "grossProfit": "587000000",
            "totalRevenue": "2508000000",
            "sentiment": 0,
            "surprise": "0.03",
            "closePrice": "14.0311797645066"
        }
    ]
}