{
    "TER": [
        {
            "fiscalDateEnding": "2023-12-31",
            "totalCurrentAssets": "2162035000",
            "cashAndShortTermInvestments": "757571000",
            "totalCurrentLiabilities": "659951000",
            "currentDebt": "None",
            "netIncome": "117054000",
            "capitalExpenditures": "44336000",
            "operatingCashflow": "248780000",
            "grossProfit": "379544000",
            "totalRevenue": "670599000",
            "sentiment": 0.2265272543725649,
            "surprise": "0.08",
            "closePrice": "96.477117257499"
        },
        {
            "fiscalDateEnding": "2023-09-30",
            "totalCurrentAssets": "2099359000",
            "cashAndShortTermInvestments": "636961000",
            "totalCurrentLiabilities": "640659000",
            "currentDebt": "23529000",
            "netIncome": "128116000",
            "capitalExpenditures": "34604000",
            "operatingCashflow": "174347000",
            "grossProfit": "398291000",
            "totalRevenue": "703732000",
            "sentiment": 0.29594466237470307,
            "surprise": "0.07",
            "closePrice": "87.7029547126218"
        },
        {
            "fiscalDateEnding": "2023-06-30",
            "totalCurrentAssets": "2123840000",
            "cashAndShortTermInvestments": "613208000",
            "totalCurrentLiabilities": "669785000",
            "currentDebt": "32806000",
            "netIncome": "120050000",
            "capitalExpenditures": "39258000",
            "operatingCashflow": "142768000",
            "grossProfit": "402492000",
            "totalRevenue": "684437000",
            "sentiment": 0.3920913674012349,
            "surprise": "0.13",
            "closePrice": "114.253490782277"
        },
        {
            "fiscalDateEnding": "2023-03-31",
            "totalCurrentAssets": "2111976000",
            "cashAndShortTermInvestments": "649208000",
            "totalCurrentLiabilities": "628092000",
            "currentDebt": "None",
            "netIncome": "83531000",
            "capitalExpenditures": "41444000",
            "operatingCashflow": "19336000",
            "grossProfit": "356420000",
            "totalRevenue": "617529000",
            "sentiment": 0.23295446933554884,
            "surprise": "0.12",
            "closePrice": "92.9083786453808"
        },
        {
            "fiscalDateEnding": "2022-12-31",
            "totalCurrentAssets": "2257915000",
            "cashAndShortTermInvestments": "854773000",
            "totalCurrentLiabilities": "746263000",
            "currentDebt": "50115000",
            "netIncome": "172301000",
            "capitalExpenditures": "34577000",
            "operatingCashflow": "183402000",
            "grossProfit": "420450000",
            "totalRevenue": "731836000",
            "sentiment": 0.27958428694114307,
            "surprise": "0.17",
            "closePrice": "102.866259645848"
        },
        {
            "fiscalDateEnding": "2022-09-30",
            "totalCurrentAssets": "2127554000",
            "cashAndShortTermInvestments": "710746000",
            "totalCurrentLiabilities": "701941000",
            "currentDebt": "None",
            "netIncome": "183485000",
            "capitalExpenditures": "38929000",
            "operatingCashflow": "271604000",
            "grossProfit": "485379000",
            "totalRevenue": "827073000",
            "sentiment": 0.3091994314786988,
            "surprise": "0.11",
            "closePrice": "79.1142229427975"
        },
        {
            "fiscalDateEnding": "2022-06-30",
            "totalCurrentAssets": "2270435000",
            "cashAndShortTermInvestments": "572023000",
            "totalCurrentLiabilities": "797385000",
            "currentDebt": "None",
            "netIncome": "197787000",
            "capitalExpenditures": "45744000",
            "operatingCashflow": "115455000",
            "grossProfit": "506389000",
            "totalRevenue": "840766000",
            "sentiment": 0.03575827992932018,
            "surprise": "0.07",
            "closePrice": "97.364836849634"
        },
        {
            "fiscalDateEnding": "2022-03-31",
            "totalCurrentAssets": "2374382000",
            "cashAndShortTermInvestments": "794603000",
            "totalCurrentLiabilities": "712199000",
            "currentDebt": "None",
            "netIncome": "161928000",
            "capitalExpenditures": "43999000",
            "operatingCashflow": "7462000",
            "grossProfit": "454933000",
            "totalRevenue": "755370000",
            "sentiment": -0.041567628814379566,
            "surprise": "0.1",
            "closePrice": "106.710180680621"
        },
        {
            "fiscalDateEnding": "2021-12-31",
            "totalCurrentAssets": "2576227000",
            "cashAndShortTermInvestments": "1122199000",
            "totalCurrentLiabilities": "805120000",
            "currentDebt": "19182000",
            "netIncome": "224040000",
            "capitalExpenditures": "29310000",
            "operatingCashflow": "331283000",
            "grossProfit": "527048000",
            "totalRevenue": "885046000",
            "sentiment": 0,
            "surprise": "0.08",
            "closePrice": "141.930955886678"
        },
        {
            "fiscalDateEnding": "2021-09-30",
            "totalCurrentAssets": "2521184000",
            "cashAndShortTermInvestments": "1079454000",
            "totalCurrentLiabilities": "753609000",
            "currentDebt": "None",
            "netIncome": "256718000",
            "capitalExpenditures": "29205000",
            "operatingCashflow": "522660000",
            "grossProfit": "571001000",
            "totalRevenue": "950501000",
            "sentiment": 0,
            "surprise": "0.16",
            "closePrice": "113.917804161982"
        },
        {
            "fiscalDateEnding": "2021-06-30",
            "totalCurrentAssets": "2699472000",
            "cashAndShortTermInvestments": "954441000",
            "totalCurrentLiabilities": "985362000",
            "currentDebt": "None",
            "netIncome": "328319000",
            "capitalExpenditures": "34707000",
            "operatingCashflow": "206284000",
            "grossProfit": "646989000",
            "totalRevenue": "1085728000",
            "sentiment": 0,
            "surprise": "0.15",
            "closePrice": "122.038387862869"
        },
        {
            "fiscalDateEnding": "2021-03-31",
            "totalCurrentAssets": "2501103000",
            "cashAndShortTermInvestments": "831149000",
            "totalCurrentLiabilities": "686842000",
            "currentDebt": "None",
            "netIncome": "205512000",
            "capitalExpenditures": "39250000",
            "operatingCashflow": "38139000",
            "grossProfit": "461618000",
            "totalRevenue": "781606000",
            "sentiment": 0,
            "surprise": "0.06",
            "closePrice": "129.489668455281"
        },
        {
            "fiscalDateEnding": "2020-12-31",
            "totalCurrentAssets": "2415434000",
            "cashAndShortTermInvestments": "914121000",
            "totalCurrentLiabilities": "700871000",
            "currentDebt": "None",
            "netIncome": "196330000",
            "capitalExpenditures": "38105000",
            "operatingCashflow": "260424000",
            "grossProfit": "449789000",
            "totalRevenue": "758969000",
            "sentiment": 0,
            "surprise": "0.09",
            "closePrice": "128.417749916006"
        },
        {
            "fiscalDateEnding": "2020-09-30",
            "totalCurrentAssets": "2243632000",
            "cashAndShortTermInvestments": "945180000",
            "totalCurrentLiabilities": "671840000",
            "currentDebt": "None",
            "netIncome": "222718000",
            "capitalExpenditures": "62858000",
            "operatingCashflow": "342512000",
            "grossProfit": "458928000",
            "totalRevenue": "819484000",
            "sentiment": 0,
            "surprise": "0.06",
            "closePrice": "86.7166618437949"
        },
        {
            "fiscalDateEnding": "2020-06-30",
            "totalCurrentAssets": "2094007000",
            "cashAndShortTermInvestments": "728306000",
            "totalCurrentLiabilities": "729713000",
            "currentDebt": "None",
            "netIncome": "188908000",
            "capitalExpenditures": "47314000",
            "operatingCashflow": "222897000",
            "grossProfit": "471473000",
            "totalRevenue": "838661000",
            "sentiment": 0,
            "surprise": "0.3",
            "closePrice": "88.3718980185011"
        },
        {
            "fiscalDateEnding": "2020-03-31",
            "totalCurrentAssets": "1702578000",
            "cashAndShortTermInvestments": "593494000",
            "totalCurrentLiabilities": "513961000",
            "currentDebt": "None",
            "netIncome": "176191000",
            "capitalExpenditures": "36700000",
            "operatingCashflow": "43102000",
            "grossProfit": "405550000",
            "totalRevenue": "704355000",
            "sentiment": 0,
            "surprise": "0.12",
            "closePrice": "59.9220856376424"
        },
        {
            "fiscalDateEnding": "2019-12-31",
            "totalCurrentAssets": "1658884000",
            "cashAndShortTermInvestments": "773924000",
            "totalCurrentLiabilities": "539029000",
            "currentDebt": "None",
            "netIncome": "125075000",
            "capitalExpenditures": "38594000",
            "operatingCashflow": "216328000",
            "grossProfit": "383238000",
            "totalRevenue": "654650000",
            "sentiment": 0,
            "surprise": "0.09",
            "closePrice": "72.2662157382291"
        },
        {
            "fiscalDateEnding": "2019-09-30",
            "totalCurrentAssets": "1654579000",
            "cashAndShortTermInvestments": "593939000",
            "totalCurrentLiabilities": "493711000",
            "currentDebt": "None",
            "netIncome": "135860000",
            "capitalExpenditures": "37092000",
            "operatingCashflow": "199148000",
            "grossProfit": "345038000",
            "totalRevenue": "582038000",
            "sentiment": 0,
            "surprise": "0.07",
            "closePrice": "58.0039808842325"
        },
        {
            "fiscalDateEnding": "2019-06-30",
            "totalCurrentAssets": "1616826000",
            "cashAndShortTermInvestments": "495107000",
            "totalCurrentLiabilities": "467000000",
            "currentDebt": "None",
            "netIncome": "97397000",
            "capitalExpenditures": "33245000",
            "operatingCashflow": "145258000",
            "grossProfit": "323918000",
            "totalRevenue": "564178000",
            "sentiment": 0,
            "surprise": "0.04",
            "closePrice": "47.0771142233697"
        },
        {
            "fiscalDateEnding": "2019-03-31",
            "totalCurrentAssets": "1594042000",
            "cashAndShortTermInvestments": "483728000",
            "totalCurrentLiabilities": "441968000",
            "currentDebt": "None",
            "netIncome": "109138000",
            "capitalExpenditures": "25711000",
            "operatingCashflow": "18016000",
            "grossProfit": "287635000",
            "totalRevenue": "494099000",
            "sentiment": 0,
            "surprise": "0.1",
            "closePrice": "43.5565540011895"
        },
        {
            "fiscalDateEnding": "2018-12-31",
            "totalCurrentAssets": "1732482000",
            "cashAndShortTermInvestments": "926752000",
            "totalCurrentLiabilities": "476287000",
            "currentDebt": "None",
            "netIncome": "143790000",
            "capitalExpenditures": "26110000",
            "operatingCashflow": "186376000",
            "grossProfit": "309535000",
            "totalRevenue": "519558000",
            "sentiment": 0,
            "surprise": "0.13",
            "closePrice": "31.1218201848359"
        },
        {
            "fiscalDateEnding": "2018-09-30",
            "totalCurrentAssets": "1879395000",
            "cashAndShortTermInvestments": "814019000",
            "totalCurrentLiabilities": "458412000",
            "currentDebt": "None",
            "netIncome": "119978000",
            "capitalExpenditures": "25606000",
            "operatingCashflow": "240584000",
            "grossProfit": "333693000",
            "totalRevenue": "566848000",
            "sentiment": 0,
            "surprise": "0.08",
            "closePrice": "31.3073006088924"
        },
        {
            "fiscalDateEnding": "2018-06-30",
            "totalCurrentAssets": "1894185000",
            "cashAndShortTermInvestments": "480384000",
            "totalCurrentLiabilities": "452310000",
            "currentDebt": "None",
            "netIncome": "101037000",
            "capitalExpenditures": "27866000",
            "operatingCashflow": "131851000",
            "grossProfit": "307334000",
            "totalRevenue": "526929000",
            "sentiment": 0,
            "surprise": "0.1",
            "closePrice": "39.174945358303"
        },
        {
            "fiscalDateEnding": "2018-03-31",
            "totalCurrentAssets": "2156425000",
            "cashAndShortTermInvestments": "637873000",
            "totalCurrentLiabilities": "391325000",
            "currentDebt": "None",
            "netIncome": "86974000",
            "capitalExpenditures": "34797000",
            "operatingCashflow": "-81930000",
            "grossProfit": "269832000",
            "totalRevenue": "487467000",
            "sentiment": 0,
            "surprise": "0.03",
            "closePrice": "40.1677930345208"
        },
        {
            "fiscalDateEnding": "2017-12-31",
            "totalCurrentAssets": "2270281000",
            "cashAndShortTermInvestments": "429843000",
            "totalCurrentLiabilities": "454336000",
            "currentDebt": "None",
            "netIncome": "-105923000",
            "capitalExpenditures": "32128000",
            "operatingCashflow": "147473000",
            "grossProfit": "270930000",
            "totalRevenue": "479415000",
            "sentiment": 0,
            "surprise": "0.12",
            "closePrice": "45.1955103958789"
        },
        {
            "fiscalDateEnding": "2017-09-30",
            "totalCurrentAssets": "2140088000",
            "cashAndShortTermInvestments": "418677000",
            "totalCurrentLiabilities": "431375000",
            "currentDebt": "None",
            "netIncome": "103420000",
            "capitalExpenditures": "27280000",
            "operatingCashflow": "309830000",
            "grossProfit": "294869000",
            "totalRevenue": "503378000",
            "sentiment": 0,
            "surprise": "0.11",
            "closePrice": "37.720153616677"
        },
        {
            "fiscalDateEnding": "2017-06-30",
            "totalCurrentAssets": "2080025000",
            "cashAndShortTermInvestments": "598349000",
            "totalCurrentLiabilities": "439207000",
            "currentDebt": "None",
            "netIncome": "174976000",
            "capitalExpenditures": "23901000",
            "operatingCashflow": "83971000",
            "grossProfit": "390638000",
            "totalRevenue": "696901000",
            "sentiment": 0,
            "surprise": "0.04",
            "closePrice": "35.4185563546222"
        },
        {
            "fiscalDateEnding": "2017-03-31",
            "totalCurrentAssets": "1854153000",
            "cashAndShortTermInvestments": "324746000",
            "totalCurrentLiabilities": "393057000",
            "currentDebt": "None",
            "netIncome": "85221000",
            "capitalExpenditures": "22066000",
            "operatingCashflow": "-5784000",
            "grossProfit": "265016000",
            "totalRevenue": "456913000",
            "sentiment": 0,
            "surprise": "0.06",
            "closePrice": "32.4386593524253"
        },
        {
            "fiscalDateEnding": "2016-12-31",
            "totalCurrentAssets": "1623803000",
            "cashAndShortTermInvestments": "307884000",
            "totalCurrentLiabilities": "372696000",
            "currentDebt": "None",
            "netIncome": "66345000",
            "capitalExpenditures": "19020000",
            "operatingCashflow": "-89384000",
            "grossProfit": "219006000",
            "totalRevenue": "379989000",
            "sentiment": 0,
            "surprise": "0.1",
            "closePrice": "26.06548591441"
        },
        {
            "fiscalDateEnding": "2016-09-30",
            "totalCurrentAssets": "1285188000",
            "cashAndShortTermInvestments": "297937000",
            "totalCurrentLiabilities": "369084000",
            "currentDebt": "None",
            "netIncome": "63794000",
            "capitalExpenditures": "19659000",
            "operatingCashflow": "63794000",
            "grossProfit": "227359000",
            "totalRevenue": "410475000",
            "sentiment": 0,
            "surprise": "0.05",
            "closePrice": "21.050920655107"
        },
        {
            "fiscalDateEnding": "2016-06-30",
            "totalCurrentAssets": "1412886000",
            "cashAndShortTermInvestments": "381095000",
            "totalCurrentLiabilities": "455349000",
            "currentDebt": "None",
            "netIncome": "-223546000",
            "capitalExpenditures": "26259000",
            "operatingCashflow": "10800000",
            "grossProfit": "282870000",
            "totalRevenue": "531792000",
            "sentiment": 0,
            "surprise": "0.05",
            "closePrice": "20.1623597723747"
        },
        {
            "fiscalDateEnding": "2016-03-31",
            "totalCurrentAssets": "1242722000",
            "cashAndShortTermInvestments": "319358000",
            "totalCurrentLiabilities": "344522000",
            "currentDebt": "None",
            "netIncome": "49986000",
            "capitalExpenditures": "20334000",
            "operatingCashflow": "49986000",
            "grossProfit": "230332000",
            "totalRevenue": "430994000",
            "sentiment": 0,
            "surprise": "0.04",
            "closePrice": "19.9491954300001"
        },
        {
            "fiscalDateEnding": "2015-12-31",
            "totalCurrentAssets": "1259968000",
            "cashAndShortTermInvestments": "264705000",
            "totalCurrentLiabilities": "372857000",
            "currentDebt": "None",
            "netIncome": "-641000",
            "capitalExpenditures": "23151000",
            "operatingCashflow": "-641000",
            "grossProfit": "166026000",
            "totalRevenue": "318444000",
            "sentiment": 0,
            "surprise": "0.03",
            "closePrice": "18.8914772953694"
        },
        {
            "fiscalDateEnding": "2015-09-30",
            "totalCurrentAssets": "1336657000",
            "cashAndShortTermInvestments": "294217000",
            "totalCurrentLiabilities": "395741000",
            "currentDebt": "None",
            "netIncome": "71453000",
            "capitalExpenditures": "20617000",
            "operatingCashflow": "71453000",
            "grossProfit": "258626000",
            "totalRevenue": "465994000",
            "sentiment": 0,
            "surprise": "0.02",
            "closePrice": "17.5145234469887"
        },
        {
            "fiscalDateEnding": "2015-07-05",
            "totalCurrentAssets": "1316386000",
            "cashAndShortTermInvestments": "300685000",
            "totalCurrentLiabilities": "402079000",
            "currentDebt": "None",
            "netIncome": "102879000",
            "capitalExpenditures": "24961000",
            "operatingCashflow": "102879000",
            "grossProfit": "298568000",
            "totalRevenue": "512739000",
            "sentiment": 0,
            "surprise": "0.08",
            "closePrice": "17.52162314793"
        },
        {
            "fiscalDateEnding": "2015-04-05",
            "totalCurrentAssets": "1321156000",
            "cashAndShortTermInvestments": "218945000",
            "totalCurrentLiabilities": "293133000",
            "currentDebt": "None",
            "netIncome": "32787000",
            "capitalExpenditures": "21149000",
            "operatingCashflow": "32787000",
            "grossProfit": "192423000",
            "totalRevenue": "342401000",
            "sentiment": 0,
            "surprise": "0.05",
            "closePrice": "17.1340698964948"
        },
        {
            "fiscalDateEnding": "2014-12-31",
            "totalCurrentAssets": "1243846000",
            "cashAndShortTermInvestments": "294256000",
            "totalCurrentLiabilities": "291551000",
            "currentDebt": "None",
            "netIncome": "-103811000",
            "capitalExpenditures": "22630000",
            "operatingCashflow": "-103811000",
            "grossProfit": "160226000",
            "totalRevenue": "323236000",
            "sentiment": 0,
            "surprise": "0.02",
            "closePrice": "17.540494607117"
        },
        {
            "fiscalDateEnding": "2014-09-30",
            "totalCurrentAssets": "1401021000",
            "cashAndShortTermInvestments": "211704000",
            "totalCurrentLiabilities": "329804000",
            "currentDebt": "None",
            "netIncome": "82949000",
            "capitalExpenditures": "54963000",
            "operatingCashflow": "82319000",
            "grossProfit": "261121000",
            "totalRevenue": "478010000",
            "sentiment": 0,
            "surprise": "0.04",
            "closePrice": "16.21797417282"
        },
        {
            "fiscalDateEnding": "2014-06-30",
            "totalCurrentAssets": "1354627000",
            "cashAndShortTermInvestments": "254625000",
            "totalCurrentLiabilities": "361232000",
            "currentDebt": "None",
            "netIncome": "101205000",
            "capitalExpenditures": "60192000",
            "operatingCashflow": "101205000",
            "grossProfit": "290413000",
            "totalRevenue": "525567000",
            "sentiment": 0,
            "surprise": "0.12",
            "closePrice": "17.9194696108277"
        },
        {
            "fiscalDateEnding": "2014-03-31",
            "totalCurrentAssets": "1261247000",
            "cashAndShortTermInvestments": "232626000",
            "totalCurrentLiabilities": "273053000",
            "currentDebt": "None",
            "netIncome": "929000",
            "capitalExpenditures": "31197000",
            "operatingCashflow": "-25821000",
            "grossProfit": "167047000",
            "totalRevenue": "321010000",
            "sentiment": 0,
            "surprise": "0.04",
            "closePrice": "17.7845119048725"
        },
        {
            "fiscalDateEnding": "2013-12-31",
            "totalCurrentAssets": "1440277000",
            "cashAndShortTermInvestments": "341638000",
            "totalCurrentLiabilities": "475632000",
            "currentDebt": "186663000",
            "netIncome": "22343000",
            "capitalExpenditures": "23806000",
            "operatingCashflow": "43846000",
            "grossProfit": "159857000",
            "totalRevenue": "285301000",
            "sentiment": 0,
            "surprise": "0.03",
            "closePrice": "18.1554089206154"
        },
        {
            "fiscalDateEnding": "2013-09-30",
            "totalCurrentAssets": "1494380000",
            "cashAndShortTermInvestments": "572868000",
            "totalCurrentLiabilities": "487723000",
            "currentDebt": "183573000",
            "netIncome": "69459000",
            "capitalExpenditures": "32127000",
            "operatingCashflow": "154452000",
            "grossProfit": "254294000",
            "totalRevenue": "433376000",
            "sentiment": 0,
            "surprise": "0.02",
            "closePrice": "15.1511430930978"
        },
        {
            "fiscalDateEnding": "2013-06-30",
            "totalCurrentAssets": "1282203000",
            "cashAndShortTermInvestments": "227601000",
            "totalCurrentLiabilities": "465070000",
            "currentDebt": "179565000",
            "netIncome": "66556000",
            "capitalExpenditures": "28251000",
            "operatingCashflow": "105471000",
            "grossProfit": "241233000",
            "totalRevenue": "428889000",
            "sentiment": 0,
            "surprise": "0.11",
            "closePrice": "16.0320235054873"
        },
        {
            "fiscalDateEnding": "2013-03-31",
            "totalCurrentAssets": "1207450000",
            "cashAndShortTermInvestments": "305219000",
            "totalCurrentLiabilities": "417445000",
            "currentDebt": "176835000",
            "netIncome": "6589000",
            "capitalExpenditures": "22547000",
            "operatingCashflow": "-36494000",
            "grossProfit": "153417000",
            "totalRevenue": "280367000",
            "sentiment": 0,
            "surprise": "0.06",
            "closePrice": "13.7602792840619"
        },
        {
            "fiscalDateEnding": "2012-12-31",
            "totalCurrentAssets": "1236061000",
            "cashAndShortTermInvestments": "338920000",
            "totalCurrentLiabilities": "297828000",
            "currentDebt": "2328000",
            "netIncome": "-16543000",
            "capitalExpenditures": "27948000",
            "operatingCashflow": "40848000",
            "grossProfit": "125405000",
            "totalRevenue": "248404000",
            "sentiment": 0,
            "surprise": "0.06",
            "closePrice": "15.7909404452544"
        },
        {
            "fiscalDateEnding": "2012-09-30",
            "totalCurrentAssets": "1311267000",
            "cashAndShortTermInvestments": "485692000",
            "totalCurrentLiabilities": "349253000",
            "currentDebt": "3863000",
            "netIncome": "88641000",
            "capitalExpenditures": "33328000",
            "operatingCashflow": "248972000",
            "grossProfit": "260200000",
            "totalRevenue": "463394000",
            "sentiment": 0,
            "surprise": "0.08",
            "closePrice": "12.6290433860461"
        },
        {
            "fiscalDateEnding": "2012-06-30",
            "totalCurrentAssets": "1316808000",
            "cashAndShortTermInvestments": "589056000",
            "totalCurrentLiabilities": "425871000",
            "currentDebt": "2522000",
            "netIncome": "111387000",
            "capitalExpenditures": "30730000",
            "operatingCashflow": "102092000",
            "grossProfit": "309506000",
            "totalRevenue": "548284000",
            "sentiment": 0,
            "surprise": "0.19",
            "closePrice": "12.4714121543553"
        },
        {
            "fiscalDateEnding": "2012-03-31",
            "totalCurrentAssets": "1120991000",
            "cashAndShortTermInvestments": "533396000",
            "totalCurrentLiabilities": "375822000",
            "currentDebt": "2431000",
            "netIncome": "33564000",
            "capitalExpenditures": "27074000",
            "operatingCashflow": "11169000",
            "grossProfit": "190926000",
            "totalRevenue": "396668000",
            "sentiment": 0,
            "surprise": "0.02",
            "closePrice": "15.6054919373829"
        },
        {
            "fiscalDateEnding": "2011-12-31",
            "totalCurrentAssets": "1099887000",
            "cashAndShortTermInvestments": "573736000",
            "totalCurrentLiabilities": "373684000",
            "currentDebt": "2573000",
            "netIncome": "129071000",
            "capitalExpenditures": "19474000",
            "operatingCashflow": "60297000",
            "grossProfit": "133967000",
            "totalRevenue": "296992000",
            "sentiment": 0,
            "surprise": "0.05",
            "closePrice": "14.9564221598328"
        },
        {
            "fiscalDateEnding": "2011-09-30",
            "totalCurrentAssets": "1555824000",
            "cashAndShortTermInvestments": "1095163000",
            "totalCurrentLiabilities": "293021000",
            "currentDebt": "2605000",
            "netIncome": "56706000",
            "capitalExpenditures": "22156000",
            "operatingCashflow": "92975000",
            "grossProfit": "170374000",
            "totalRevenue": "344389000",
            "sentiment": 0,
            "surprise": "0.11",
            "closePrice": "12.6568606622268"
        },
        {
            "fiscalDateEnding": "2011-06-30",
            "totalCurrentAssets": "1343428000",
            "cashAndShortTermInvestments": "455398000",
            "totalCurrentLiabilities": "352986000",
            "currentDebt": "2475000",
            "netIncome": "87252000",
            "capitalExpenditures": "22336000",
            "operatingCashflow": "101965000",
            "grossProfit": "214678000",
            "totalRevenue": "410519000",
            "sentiment": 0,
            "surprise": "0.09",
            "closePrice": "12.7588573415561"
        },
        {
            "fiscalDateEnding": "2011-03-31",
            "totalCurrentAssets": "1250797000",
            "cashAndShortTermInvestments": "420267000",
            "totalCurrentLiabilities": "333469000",
            "currentDebt": "2417000",
            "netIncome": "68124000",
            "capitalExpenditures": "22131000",
            "operatingCashflow": "19618000",
            "grossProfit": "192892000",
            "totalRevenue": "377161000",
            "sentiment": 0,
            "surprise": "0.02",
            "closePrice": "16.9592660448445"
        },
        {
            "fiscalDateEnding": "2010-12-31",
            "totalCurrentAssets": "1176618000",
            "cashAndShortTermInvestments": "397737000",
            "totalCurrentLiabilities": "363704000",
            "currentDebt": "2450000",
            "netIncome": "65231000",
            "capitalExpenditures": "22085000",
            "operatingCashflow": "176496000",
            "grossProfit": "165006000",
            "totalRevenue": "310162000",
            "sentiment": 0,
            "surprise": "0.12",
            "closePrice": "13.5655583507969"
        },
        {
            "fiscalDateEnding": "2010-09-30",
            "totalCurrentAssets": "1188103000",
            "cashAndShortTermInvestments": "433915000",
            "totalCurrentLiabilities": "401282000",
            "currentDebt": "2397000",
            "netIncome": "147340000",
            "capitalExpenditures": "18253000",
            "operatingCashflow": "255813000",
            "grossProfit": "271799000",
            "totalRevenue": "491391000",
            "sentiment": 0,
            "surprise": "0.03",
            "closePrice": "11.024913792958"
        },
        {
            "fiscalDateEnding": "2010-06-30",
            "totalCurrentAssets": "965317000",
            "cashAndShortTermInvestments": "407983000",
            "totalCurrentLiabilities": "294343000",
            "currentDebt": "2291000",
            "netIncome": "122149000",
            "capitalExpenditures": "18119000",
            "operatingCashflow": "107891000",
            "grossProfit": "250902000",
            "totalRevenue": "445271000",
            "sentiment": 0,
            "surprise": "0.22",
            "closePrice": "9.46714632683776"
        }
    ]
}