{
    "TOST": [
        {
            "fiscalDateEnding": "2023-12-31",
            "totalCurrentAssets": "1570000000",
            "cashAndShortTermInvestments": "1124000000",
            "totalCurrentLiabilities": "663000000",
            "currentDebt": "None",
            "netIncome": "-36000000",
            "capitalExpenditures": "11000000",
            "operatingCashflow": "92000000",
            "grossProfit": "226000000",
            "totalRevenue": "1036000000",
            "sentiment": 0.26167397962873085,
            "surprise": "0.04",
            "closePrice": "19.2"
        },
        {
            "fiscalDateEnding": "2023-09-30",
            "totalCurrentAssets": "1480000000",
            "cashAndShortTermInvestments": "1030000000",
            "totalCurrentLiabilities": "574000000",
            "currentDebt": "None",
            "netIncome": "-31000000",
            "capitalExpenditures": "10000000",
            "operatingCashflow": "48000000",
            "grossProfit": "226000000",
            "totalRevenue": "1032000000",
            "sentiment": 0.18117355244594438,
            "surprise": "0.04",
            "closePrice": "17.25"
        },
        {
            "fiscalDateEnding": "2023-06-30",
            "totalCurrentAssets": "1455000000",
            "cashAndShortTermInvestments": "990000000",
            "totalCurrentLiabilities": "584000000",
            "currentDebt": "None",
            "netIncome": "-98000000",
            "capitalExpenditures": "11000000",
            "operatingCashflow": "50000000",
            "grossProfit": "208000000",
            "totalRevenue": "978000000",
            "sentiment": 0.3328299151187296,
            "surprise": "-0.05",
            "closePrice": "20.22"
        },
        {
            "fiscalDateEnding": "2023-03-31",
            "totalCurrentAssets": "1408000000",
            "cashAndShortTermInvestments": "950000000",
            "totalCurrentLiabilities": "538000000",
            "currentDebt": "None",
            "netIncome": "-81000000",
            "capitalExpenditures": "10000000",
            "operatingCashflow": "-55000000",
            "grossProfit": "174000000",
            "totalRevenue": "819000000",
            "sentiment": 0.15728455993638954,
            "surprise": "0.02",
            "closePrice": "19.46"
        },
        {
            "fiscalDateEnding": "2022-12-31",
            "totalCurrentAssets": "1407000000",
            "cashAndShortTermInvestments": "1021000000",
            "totalCurrentLiabilities": "496000000",
            "currentDebt": "None",
            "netIncome": "-100000000",
            "capitalExpenditures": "10000000",
            "operatingCashflow": "-19000000",
            "grossProfit": "158000000",
            "totalRevenue": "768000000",
            "sentiment": 0.2459299953644971,
            "surprise": "-0.05",
            "closePrice": "20.03"
        },
        {
            "fiscalDateEnding": "2022-09-30",
            "totalCurrentAssets": "1402000000",
            "cashAndShortTermInvestments": "1053000000",
            "totalCurrentLiabilities": "457000000",
            "currentDebt": "None",
            "netIncome": "-98000000",
            "capitalExpenditures": "11000000",
            "operatingCashflow": "-69000000",
            "grossProfit": "151000000",
            "totalRevenue": "752000000",
            "sentiment": 0.20813276779150033,
            "surprise": "0.07",
            "closePrice": "20.0"
        },
        {
            "fiscalDateEnding": "2022-06-30",
            "totalCurrentAssets": "1486000000",
            "cashAndShortTermInvestments": "1179000000",
            "totalCurrentLiabilities": "457000000",
            "currentDebt": "None",
            "netIncome": "-54000000",
            "capitalExpenditures": "9000000",
            "operatingCashflow": "-21000000",
            "grossProfit": "113000000",
            "totalRevenue": "675000000",
            "sentiment": -0.025490451982961383,
            "surprise": "0.04",
            "closePrice": "18.15"
        },
        {
            "fiscalDateEnding": "2022-03-31",
            "totalCurrentAssets": "1477000000",
            "cashAndShortTermInvestments": "1210000000",
            "totalCurrentLiabilities": "404000000",
            "currentDebt": "None",
            "netIncome": "-23000000",
            "capitalExpenditures": "3000000",
            "operatingCashflow": "-47000000",
            "grossProfit": "89000000",
            "totalRevenue": "535000000",
            "sentiment": 0.10490462067176462,
            "surprise": "0.04",
            "closePrice": "14.29"
        },
        {
            "fiscalDateEnding": "2021-12-31",
            "totalCurrentAssets": "1485000000",
            "cashAndShortTermInvestments": "1266000000",
            "totalCurrentLiabilities": "352000000",
            "currentDebt": "None",
            "netIncome": "1000000",
            "capitalExpenditures": "2718000",
            "operatingCashflow": "-31000000",
            "grossProfit": "73000000",
            "totalRevenue": "512000000",
            "sentiment": 0,
            "surprise": "0.02",
            "closePrice": "28.12"
        },
        {
            "fiscalDateEnding": "2021-09-30",
            "totalCurrentAssets": "1496915000",
            "cashAndShortTermInvestments": "1301619000",
            "totalCurrentLiabilities": "286779000",
            "currentDebt": "None",
            "netIncome": "-254000000",
            "capitalExpenditures": "3875000",
            "operatingCashflow": "-18000000",
            "grossProfit": "83000000",
            "totalRevenue": "486000000",
            "sentiment": 0,
            "surprise": "0.18",
            "closePrice": "60.75"
        }
    ]
}