{
    "TRMB": [
        {
            "fiscalDateEnding": "2023-12-31",
            "totalCurrentAssets": "1830900000",
            "cashAndShortTermInvestments": "229800000",
            "totalCurrentLiabilities": "1829300000",
            "currentDebt": "530400000",
            "netIncome": "63000000",
            "capitalExpenditures": "9800000",
            "operatingCashflow": "98900000",
            "grossProfit": "577300000",
            "totalRevenue": "1035000000",
            "sentiment": 0.3297635670667739,
            "surprise": "0.04",
            "closePrice": "54.69"
        },
        {
            "fiscalDateEnding": "2023-09-30",
            "totalCurrentAssets": "1690500000",
            "cashAndShortTermInvestments": "216800000",
            "totalCurrentLiabilities": "1338000000",
            "currentDebt": "58300000",
            "netIncome": "74900000",
            "capitalExpenditures": "13200000",
            "operatingCashflow": "147100000",
            "grossProfit": "590200000",
            "totalRevenue": "916000000",
            "sentiment": 0.32448257750419074,
            "surprise": "0.08",
            "closePrice": "40.96"
        },
        {
            "fiscalDateEnding": "2023-06-30",
            "totalCurrentAssets": "1462200000",
            "cashAndShortTermInvestments": "237300000",
            "totalCurrentLiabilities": "1301100000",
            "currentDebt": "4300000",
            "netIncome": "44600000",
            "capitalExpenditures": "12600000",
            "operatingCashflow": "142400000",
            "grossProfit": "604500000",
            "totalRevenue": "948000000",
            "sentiment": 0.36571156961445256,
            "surprise": "0.05",
            "closePrice": "55.51"
        },
        {
            "fiscalDateEnding": "2023-03-31",
            "totalCurrentAssets": "2238900000",
            "cashAndShortTermInvestments": "1038100000",
            "totalCurrentLiabilities": "1480900000",
            "currentDebt": "300000000",
            "netIncome": "128800000",
            "capitalExpenditures": "6400000",
            "operatingCashflow": "208700000",
            "grossProfit": "560800000",
            "totalRevenue": "922600000",
            "sentiment": 0.3648100621076336,
            "surprise": "0.05",
            "closePrice": "47.41"
        },
        {
            "fiscalDateEnding": "2022-12-31",
            "totalCurrentAssets": "1518200000",
            "cashAndShortTermInvestments": "271000000",
            "totalCurrentLiabilities": "1462100000",
            "currentDebt": "600000000",
            "netIncome": "85600000",
            "capitalExpenditures": "6600000",
            "operatingCashflow": "106100000",
            "grossProfit": "503100000",
            "totalRevenue": "800300000",
            "sentiment": 0.3901286769615829,
            "surprise": "-0.01",
            "closePrice": "56.24"
        },
        {
            "fiscalDateEnding": "2022-09-30",
            "totalCurrentAssets": "1435300000",
            "cashAndShortTermInvestments": "308700000",
            "totalCurrentLiabilities": "1445000000",
            "currentDebt": "343600000",
            "netIncome": "85800000",
            "capitalExpenditures": "8100000",
            "operatingCashflow": "83300000",
            "grossProfit": "515400000",
            "totalRevenue": "875300000",
            "sentiment": 0.44153594385002753,
            "surprise": "0",
            "closePrice": "53.65"
        },
        {
            "fiscalDateEnding": "2022-06-30",
            "totalCurrentAssets": "1475000000",
            "cashAndShortTermInvestments": "350100000",
            "totalCurrentLiabilities": "1449500000",
            "currentDebt": "None",
            "netIncome": "168000000",
            "capitalExpenditures": "14000000",
            "operatingCashflow": "48800000",
            "grossProfit": "537500000",
            "totalRevenue": "1031900000",
            "sentiment": 0.0420298908867045,
            "surprise": "0.02",
            "closePrice": "68.1"
        },
        {
            "fiscalDateEnding": "2022-03-31",
            "totalCurrentAssets": "1565500000",
            "cashAndShortTermInvestments": "357200000",
            "totalCurrentLiabilities": "1247000000",
            "currentDebt": "None",
            "netIncome": "110300000",
            "capitalExpenditures": "14500000",
            "operatingCashflow": "153000000",
            "grossProfit": "549600000",
            "totalRevenue": "977800000",
            "sentiment": 0.1191208107832963,
            "surprise": "0.05",
            "closePrice": "63.27"
        },
        {
            "fiscalDateEnding": "2021-12-31",
            "totalCurrentAssets": "1450600000",
            "cashAndShortTermInvestments": "325700000",
            "totalCurrentLiabilities": "1188600000",
            "currentDebt": "0",
            "netIncome": "115300000",
            "capitalExpenditures": "14700000",
            "operatingCashflow": "155300000",
            "grossProfit": "511500000",
            "totalRevenue": "926000000",
            "sentiment": 0,
            "surprise": "-0.01",
            "closePrice": "71.45"
        },
        {
            "fiscalDateEnding": "2021-09-30",
            "totalCurrentAssets": "1560500000",
            "cashAndShortTermInvestments": "513200000",
            "totalCurrentLiabilities": "1141200000",
            "currentDebt": "None",
            "netIncome": "124000000",
            "capitalExpenditures": "10000000",
            "operatingCashflow": "166400000",
            "grossProfit": "504500000",
            "totalRevenue": "901400000",
            "sentiment": 0,
            "surprise": "0.07",
            "closePrice": "88.13"
        },
        {
            "fiscalDateEnding": "2021-06-30",
            "totalCurrentAssets": "1494500000",
            "cashAndShortTermInvestments": "484400000",
            "totalCurrentLiabilities": "1168500000",
            "currentDebt": "None",
            "netIncome": "138900000",
            "capitalExpenditures": "10800000",
            "operatingCashflow": "200600000",
            "grossProfit": "525400000",
            "totalRevenue": "945300000",
            "sentiment": 0,
            "surprise": "0.12",
            "closePrice": "86.73"
        },
        {
            "fiscalDateEnding": "2021-03-31",
            "totalCurrentAssets": "1260000000",
            "cashAndShortTermInvestments": "264600000",
            "totalCurrentLiabilities": "1151600000",
            "currentDebt": "None",
            "netIncome": "114500000",
            "capitalExpenditures": "10600000",
            "operatingCashflow": "228200000",
            "grossProfit": "493300000",
            "totalRevenue": "886700000",
            "sentiment": 0,
            "surprise": "0.12",
            "closePrice": "81.11"
        },
        {
            "fiscalDateEnding": "2020-12-31",
            "totalCurrentAssets": "1281400000",
            "cashAndShortTermInvestments": "237700000",
            "totalCurrentLiabilities": "1311300000",
            "currentDebt": "255800000",
            "netIncome": "180300000",
            "capitalExpenditures": "11700000",
            "operatingCashflow": "188300000",
            "grossProfit": "468500000",
            "totalRevenue": "830000000",
            "sentiment": 0,
            "surprise": "0.1",
            "closePrice": "73.99"
        },
        {
            "fiscalDateEnding": "2020-09-30",
            "totalCurrentAssets": "1100600000",
            "cashAndShortTermInvestments": "184000000",
            "totalCurrentLiabilities": "1191500000",
            "currentDebt": "None",
            "netIncome": "84700000",
            "capitalExpenditures": "15500000",
            "operatingCashflow": "180500000",
            "grossProfit": "439700000",
            "totalRevenue": "792800000",
            "sentiment": 0,
            "surprise": "0.17",
            "closePrice": "53.03"
        },
        {
            "fiscalDateEnding": "2020-06-30",
            "totalCurrentAssets": "1120000000",
            "cashAndShortTermInvestments": "196400000",
            "totalCurrentLiabilities": "1170500000",
            "currentDebt": "None",
            "netIncome": "63000000",
            "capitalExpenditures": "12900000",
            "operatingCashflow": "147500000",
            "grossProfit": "405700000",
            "totalRevenue": "735200000",
            "sentiment": 0,
            "surprise": "0.14",
            "closePrice": "45.92"
        },
        {
            "fiscalDateEnding": "2020-03-31",
            "totalCurrentAssets": "1192600000",
            "cashAndShortTermInvestments": "216800000",
            "totalCurrentLiabilities": "1226900000",
            "currentDebt": "None",
            "netIncome": "61900000",
            "capitalExpenditures": "16700000",
            "operatingCashflow": "155700000",
            "grossProfit": "441000000",
            "totalRevenue": "794000000",
            "sentiment": 0,
            "surprise": "0.08",
            "closePrice": "31.86"
        },
        {
            "fiscalDateEnding": "2019-12-31",
            "totalCurrentAssets": "1211800000",
            "cashAndShortTermInvestments": "189200000",
            "totalCurrentLiabilities": "1190300000",
            "currentDebt": "None",
            "netIncome": "279300000",
            "capitalExpenditures": "14400000",
            "operatingCashflow": "122200000",
            "grossProfit": "460000000",
            "totalRevenue": "826700000",
            "sentiment": 0,
            "surprise": "0.06",
            "closePrice": "44.11"
        },
        {
            "fiscalDateEnding": "2019-09-30",
            "totalCurrentAssets": "1061800000",
            "cashAndShortTermInvestments": "184600000",
            "totalCurrentLiabilities": "1059300000",
            "currentDebt": "None",
            "netIncome": "78100000",
            "capitalExpenditures": "16100000",
            "operatingCashflow": "137300000",
            "grossProfit": "422000000",
            "totalRevenue": "784300000",
            "sentiment": 0,
            "surprise": "0.01",
            "closePrice": "39.3"
        },
        {
            "fiscalDateEnding": "2019-06-30",
            "totalCurrentAssets": "1121400000",
            "cashAndShortTermInvestments": "199600000",
            "totalCurrentLiabilities": "1075200000",
            "currentDebt": "None",
            "netIncome": "94600000",
            "capitalExpenditures": "24000000",
            "operatingCashflow": "177900000",
            "grossProfit": "460600000",
            "totalRevenue": "855800000",
            "sentiment": 0,
            "surprise": "-0.01",
            "closePrice": "42.26"
        },
        {
            "fiscalDateEnding": "2019-03-31",
            "totalCurrentAssets": "1147800000",
            "cashAndShortTermInvestments": "216700000",
            "totalCurrentLiabilities": "1090000000",
            "currentDebt": "None",
            "netIncome": "62300000",
            "capitalExpenditures": "14500000",
            "operatingCashflow": "147600000",
            "grossProfit": "438300000",
            "totalRevenue": "804500000",
            "sentiment": 0,
            "surprise": "-0.01",
            "closePrice": "40.46"
        },
        {
            "fiscalDateEnding": "2018-12-31",
            "totalCurrentAssets": "1089100000",
            "cashAndShortTermInvestments": "172500000",
            "totalCurrentLiabilities": "1055200000",
            "currentDebt": "None",
            "netIncome": "86500000",
            "capitalExpenditures": "14500000",
            "operatingCashflow": "101900000",
            "grossProfit": "435200000",
            "totalRevenue": "809100000",
            "sentiment": 0,
            "surprise": "0.02",
            "closePrice": "38.86"
        },
        {
            "fiscalDateEnding": "2018-09-30",
            "totalCurrentAssets": "1061200000",
            "cashAndShortTermInvestments": "205400000",
            "totalCurrentLiabilities": "979300000",
            "currentDebt": "None",
            "netIncome": "73700000",
            "capitalExpenditures": "17100000",
            "operatingCashflow": "-156500000",
            "grossProfit": "426900000",
            "totalRevenue": "795200000",
            "sentiment": 0,
            "surprise": "0.03",
            "closePrice": "38.05"
        },
        {
            "fiscalDateEnding": "2018-06-30",
            "totalCurrentAssets": "1386900000",
            "cashAndShortTermInvestments": "571000000",
            "totalCurrentLiabilities": "717000000",
            "currentDebt": "None",
            "netIncome": "64100000",
            "capitalExpenditures": "17800000",
            "operatingCashflow": "126400000",
            "grossProfit": "422700000",
            "totalRevenue": "763900000",
            "sentiment": 0,
            "surprise": "0.05",
            "closePrice": "35.24"
        },
        {
            "fiscalDateEnding": "2018-03-31",
            "totalCurrentAssets": "1124600000",
            "cashAndShortTermInvestments": "274500000",
            "totalCurrentLiabilities": "1146800000",
            "currentDebt": "None",
            "netIncome": "58500000",
            "capitalExpenditures": "18200000",
            "operatingCashflow": "167300000",
            "grossProfit": "396200000",
            "totalRevenue": "742200000",
            "sentiment": 0,
            "surprise": "0.04",
            "closePrice": "35.65"
        },
        {
            "fiscalDateEnding": "2017-12-31",
            "totalCurrentAssets": "1311700000",
            "cashAndShortTermInvestments": "358500000",
            "totalCurrentLiabilities": "773400000",
            "currentDebt": "None",
            "netIncome": "86500000",
            "capitalExpenditures": "17300000",
            "operatingCashflow": "-237100000",
            "grossProfit": "435200000",
            "totalRevenue": "708400000",
            "sentiment": 0,
            "surprise": "0.02",
            "closePrice": "39.34"
        },
        {
            "fiscalDateEnding": "2017-09-30",
            "totalCurrentAssets": "1161900000",
            "cashAndShortTermInvestments": "255000000",
            "totalCurrentLiabilities": "808400000",
            "currentDebt": "None",
            "netIncome": "73700000",
            "capitalExpenditures": "10800000",
            "operatingCashflow": "113400000",
            "grossProfit": "426900000",
            "totalRevenue": "676200000",
            "sentiment": 0,
            "surprise": "0.02",
            "closePrice": "41.21"
        },
        {
            "fiscalDateEnding": "2017-06-30",
            "totalCurrentAssets": "1183100000",
            "cashAndShortTermInvestments": "384900000",
            "totalCurrentLiabilities": "826800000",
            "currentDebt": "None",
            "netIncome": "64100000",
            "capitalExpenditures": "9900000",
            "operatingCashflow": "103700000",
            "grossProfit": "422700000",
            "totalRevenue": "661900000",
            "sentiment": 0,
            "surprise": "0.03",
            "closePrice": "37.58"
        },
        {
            "fiscalDateEnding": "2017-03-31",
            "totalCurrentAssets": "1115500000",
            "cashAndShortTermInvestments": "280800000",
            "totalCurrentLiabilities": "759300000",
            "currentDebt": "None",
            "netIncome": "58500000",
            "capitalExpenditures": "5700000",
            "operatingCashflow": "220800000",
            "grossProfit": "396200000",
            "totalRevenue": "610600000",
            "sentiment": 0,
            "surprise": "0.03",
            "closePrice": "32.62"
        },
        {
            "fiscalDateEnding": "2016-12-31",
            "totalCurrentAssets": "978700000",
            "cashAndShortTermInvestments": "216100000",
            "totalCurrentLiabilities": "688200000",
            "currentDebt": "None",
            "netIncome": "-35900000",
            "capitalExpenditures": "6300000",
            "operatingCashflow": "312800000",
            "grossProfit": "359500000",
            "totalRevenue": "585500000",
            "sentiment": 0,
            "surprise": "0.01",
            "closePrice": "30.24"
        },
        {
            "fiscalDateEnding": "2016-09-30",
            "totalCurrentAssets": "957900000",
            "cashAndShortTermInvestments": "213500000",
            "totalCurrentLiabilities": "694000000",
            "currentDebt": "None",
            "netIncome": "57200000",
            "capitalExpenditures": "7800000",
            "operatingCashflow": "93800000",
            "grossProfit": "351200000",
            "totalRevenue": "584100000",
            "sentiment": 0,
            "surprise": "0.02",
            "closePrice": "26.98"
        },
        {
            "fiscalDateEnding": "2016-06-30",
            "totalCurrentAssets": "936800000",
            "cashAndShortTermInvestments": "231900000",
            "totalCurrentLiabilities": "721000000",
            "currentDebt": "None",
            "netIncome": "47300000",
            "capitalExpenditures": "7300000",
            "operatingCashflow": "315600000",
            "grossProfit": "342600000",
            "totalRevenue": "609600000",
            "sentiment": 0,
            "surprise": "0",
            "closePrice": "26.05"
        },
        {
            "fiscalDateEnding": "2016-03-31",
            "totalCurrentAssets": "872600000",
            "cashAndShortTermInvestments": "174700000",
            "totalCurrentLiabilities": "726800000",
            "currentDebt": "None",
            "netIncome": "49800000",
            "capitalExpenditures": "4900000",
            "operatingCashflow": "300600000",
            "grossProfit": "324300000",
            "totalRevenue": "583000000",
            "sentiment": 0,
            "surprise": "-0.03",
            "closePrice": "25.22"
        },
        {
            "fiscalDateEnding": "2015-12-31",
            "totalCurrentAssets": "798400000",
            "cashAndShortTermInvestments": "116000000",
            "totalCurrentLiabilities": "660900000",
            "currentDebt": "None",
            "netIncome": "24000000",
            "capitalExpenditures": "8200000",
            "operatingCashflow": "293100000",
            "grossProfit": "293100000",
            "totalRevenue": "559700000",
            "sentiment": 0,
            "surprise": "0.03",
            "closePrice": "18.82"
        },
        {
            "fiscalDateEnding": "2015-09-30",
            "totalCurrentAssets": "853000000",
            "cashAndShortTermInvestments": "123600000",
            "totalCurrentLiabilities": "687500000",
            "currentDebt": "None",
            "netIncome": "37100000",
            "capitalExpenditures": "9300000",
            "operatingCashflow": "298000000",
            "grossProfit": "298000000",
            "totalRevenue": "562300000",
            "sentiment": 0,
            "surprise": "0.08",
            "closePrice": "18.74"
        },
        {
            "fiscalDateEnding": "2015-06-30",
            "totalCurrentAssets": "885100000",
            "cashAndShortTermInvestments": "129000000",
            "totalCurrentLiabilities": "696600000",
            "currentDebt": "None",
            "netIncome": "25900000",
            "capitalExpenditures": "15900000",
            "operatingCashflow": "303900000",
            "grossProfit": "303900000",
            "totalRevenue": "585800000",
            "sentiment": 0,
            "surprise": "0",
            "closePrice": "22.85"
        },
        {
            "fiscalDateEnding": "2015-03-31",
            "totalCurrentAssets": "917000000",
            "cashAndShortTermInvestments": "145700000",
            "totalCurrentLiabilities": "698300000",
            "currentDebt": "None",
            "netIncome": "34100000",
            "capitalExpenditures": "10600000",
            "operatingCashflow": "307200000",
            "grossProfit": "307200000",
            "totalRevenue": "582600000",
            "sentiment": 0,
            "surprise": "-0.02",
            "closePrice": "25.43"
        },
        {
            "fiscalDateEnding": "2014-12-31",
            "totalCurrentAssets": "902300000",
            "cashAndShortTermInvestments": "148000000",
            "totalCurrentLiabilities": "588300000",
            "currentDebt": "None",
            "netIncome": "55800000",
            "capitalExpenditures": "12900000",
            "operatingCashflow": "-266617000",
            "grossProfit": "292500000",
            "totalRevenue": "563800000",
            "sentiment": 0,
            "surprise": "0",
            "closePrice": "26.35"
        },
        {
            "fiscalDateEnding": "2014-09-30",
            "totalCurrentAssets": "916041000",
            "cashAndShortTermInvestments": "139477000",
            "totalCurrentLiabilities": "624268000",
            "currentDebt": "None",
            "netIncome": "11800000",
            "capitalExpenditures": "13600000",
            "operatingCashflow": "316773000",
            "grossProfit": "316800000",
            "totalRevenue": "584800000",
            "sentiment": 0,
            "surprise": "-0.05",
            "closePrice": "30.43"
        },
        {
            "fiscalDateEnding": "2014-06-30",
            "totalCurrentAssets": "1041704000",
            "cashAndShortTermInvestments": "278919000",
            "totalCurrentLiabilities": "571592000",
            "currentDebt": "None",
            "netIncome": "77900000",
            "capitalExpenditures": "14800000",
            "operatingCashflow": "354571000",
            "grossProfit": "354600000",
            "totalRevenue": "642200000",
            "sentiment": 0,
            "surprise": "0.05",
            "closePrice": "31.23"
        },
        {
            "fiscalDateEnding": "2014-03-31",
            "totalCurrentAssets": "930871000",
            "cashAndShortTermInvestments": "165226000",
            "totalCurrentLiabilities": "562972000",
            "currentDebt": "None",
            "netIncome": "68600000",
            "capitalExpenditures": "13600000",
            "operatingCashflow": "83395000",
            "grossProfit": "326900000",
            "totalRevenue": "604700000",
            "sentiment": 0,
            "surprise": "-0.03",
            "closePrice": "38.17"
        },
        {
            "fiscalDateEnding": "2013-12-31",
            "totalCurrentAssets": "837017000",
            "cashAndShortTermInvestments": "147227000",
            "totalCurrentLiabilities": "576990000",
            "currentDebt": "None",
            "netIncome": "59997000",
            "capitalExpenditures": "13473000",
            "operatingCashflow": "136227000",
            "grossProfit": "319454000",
            "totalRevenue": "599218000",
            "sentiment": 0,
            "surprise": "0.06",
            "closePrice": "32.62"
        },
        {
            "fiscalDateEnding": "2013-09-30",
            "totalCurrentAssets": "828493000",
            "cashAndShortTermInvestments": "115257000",
            "totalCurrentLiabilities": "569037000",
            "currentDebt": "None",
            "netIncome": "54469000",
            "capitalExpenditures": "18215000",
            "operatingCashflow": "106365000",
            "grossProfit": "295053000",
            "totalRevenue": "556502000",
            "sentiment": 0,
            "surprise": "0.03",
            "closePrice": "28.525"
        },
        {
            "fiscalDateEnding": "2013-06-30",
            "totalCurrentAssets": "846640000",
            "cashAndShortTermInvestments": "129072000",
            "totalCurrentLiabilities": "581753000",
            "currentDebt": "None",
            "netIncome": "54581000",
            "capitalExpenditures": "24504000",
            "operatingCashflow": "134655000",
            "grossProfit": "302401000",
            "totalRevenue": "576293000",
            "sentiment": 0,
            "surprise": "0.01",
            "closePrice": "28.02"
        },
        {
            "fiscalDateEnding": "2013-03-31",
            "totalCurrentAssets": "889950000",
            "cashAndShortTermInvestments": "143552000",
            "totalCurrentLiabilities": "556454000",
            "currentDebt": "None",
            "netIncome": "49808000",
            "capitalExpenditures": "14927000",
            "operatingCashflow": "37388000",
            "grossProfit": "286914000",
            "totalRevenue": "556111000",
            "sentiment": 0,
            "surprise": "0",
            "closePrice": "28.74"
        },
        {
            "fiscalDateEnding": "2012-12-31",
            "totalCurrentAssets": "815973000",
            "cashAndShortTermInvestments": "157771000",
            "totalCurrentLiabilities": "468670000",
            "currentDebt": "None",
            "netIncome": "33185000",
            "capitalExpenditures": "20320000",
            "operatingCashflow": "96806000",
            "grossProfit": "256463000",
            "totalRevenue": "515523000",
            "sentiment": 0,
            "surprise": "0",
            "closePrice": "31.75"
        },
        {
            "fiscalDateEnding": "2012-09-30",
            "totalCurrentAssets": "778025000",
            "cashAndShortTermInvestments": "141840000",
            "totalCurrentLiabilities": "485066000",
            "currentDebt": "None",
            "netIncome": "53364000",
            "capitalExpenditures": "12828000",
            "operatingCashflow": "88800000",
            "grossProfit": "262867000",
            "totalRevenue": "504763000",
            "sentiment": 0,
            "surprise": "0.02",
            "closePrice": "24.32"
        },
        {
            "fiscalDateEnding": "2012-06-30",
            "totalCurrentAssets": "751441000",
            "cashAndShortTermInvestments": "121937000",
            "totalCurrentLiabilities": "459656000",
            "currentDebt": "None",
            "netIncome": "53692000",
            "capitalExpenditures": "13694000",
            "operatingCashflow": "87436000",
            "grossProfit": "267696000",
            "totalRevenue": "517560000",
            "sentiment": 0,
            "surprise": "0.01",
            "closePrice": "22.3"
        },
        {
            "fiscalDateEnding": "2012-03-31",
            "totalCurrentAssets": "833719000",
            "cashAndShortTermInvestments": "209146000",
            "totalCurrentLiabilities": "465953000",
            "currentDebt": "None",
            "netIncome": "50818000",
            "capitalExpenditures": "8399000",
            "operatingCashflow": "67658000",
            "grossProfit": "259150000",
            "totalRevenue": "502267000",
            "sentiment": 0,
            "surprise": "0.03",
            "closePrice": "26.61"
        },
        {
            "fiscalDateEnding": "2011-12-31",
            "totalCurrentAssets": "733057000",
            "cashAndShortTermInvestments": "154621000",
            "totalCurrentLiabilities": "411323000",
            "currentDebt": "None",
            "netIncome": "29403000",
            "capitalExpenditures": "7276000",
            "operatingCashflow": "79808000",
            "grossProfit": "217758000",
            "totalRevenue": "435170000",
            "sentiment": 0,
            "surprise": "0.03",
            "closePrice": "24.07"
        },
        {
            "fiscalDateEnding": "2011-09-30",
            "totalCurrentAssets": "740659000",
            "cashAndShortTermInvestments": "138255000",
            "totalCurrentLiabilities": "394778000",
            "currentDebt": "None",
            "netIncome": "27971000",
            "capitalExpenditures": "7780000",
            "operatingCashflow": "51105000",
            "grossProfit": "211559000",
            "totalRevenue": "417433000",
            "sentiment": 0,
            "surprise": "0.01",
            "closePrice": "19.29"
        },
        {
            "fiscalDateEnding": "2011-06-30",
            "totalCurrentAssets": "812738000",
            "cashAndShortTermInvestments": "249811000",
            "totalCurrentLiabilities": "292584000",
            "currentDebt": "None",
            "netIncome": "53678000",
            "capitalExpenditures": "5602000",
            "operatingCashflow": "82789000",
            "grossProfit": "208734000",
            "totalRevenue": "407169000",
            "sentiment": 0,
            "surprise": "0.04",
            "closePrice": "16.54"
        },
        {
            "fiscalDateEnding": "2011-03-31",
            "totalCurrentAssets": "795931000",
            "cashAndShortTermInvestments": "244342000",
            "totalCurrentLiabilities": "421680000",
            "currentDebt": "None",
            "netIncome": "39703000",
            "capitalExpenditures": "4286000",
            "operatingCashflow": "27927000",
            "grossProfit": "191530000",
            "totalRevenue": "384293000",
            "sentiment": 0,
            "surprise": "0.01",
            "closePrice": "25.22"
        },
        {
            "fiscalDateEnding": "2010-12-31",
            "totalCurrentAssets": "714370000",
            "cashAndShortTermInvestments": "220788000",
            "totalCurrentLiabilities": "251815000",
            "currentDebt": "None",
            "netIncome": "36564000",
            "capitalExpenditures": "7409000",
            "operatingCashflow": "36998000",
            "grossProfit": "163330000",
            "totalRevenue": "323349000",
            "sentiment": 0,
            "surprise": "0.06",
            "closePrice": "22.915"
        },
        {
            "fiscalDateEnding": "2010-09-30",
            "totalCurrentAssets": "686100000",
            "cashAndShortTermInvestments": "211056000",
            "totalCurrentLiabilities": "262266000",
            "currentDebt": "None",
            "netIncome": "32845000",
            "capitalExpenditures": "6460000",
            "operatingCashflow": "-8277000",
            "grossProfit": "159748000",
            "totalRevenue": "318210000",
            "sentiment": 0,
            "surprise": "0.03",
            "closePrice": "17.79"
        },
        {
            "fiscalDateEnding": "2010-06-30",
            "totalCurrentAssets": "719944000",
            "cashAndShortTermInvestments": "261660000",
            "totalCurrentLiabilities": "293788000",
            "currentDebt": "None",
            "netIncome": "6353000",
            "capitalExpenditures": "5731000",
            "operatingCashflow": "39806000",
            "grossProfit": "163426000",
            "totalRevenue": "333363000",
            "sentiment": 0,
            "surprise": "0.01",
            "closePrice": "15.1"
        }
    ]
}