{
    "TSM": [
        {
            "fiscalDateEnding": "2023-12-31",
            "totalCurrentAssets": "2194032910000",
            "cashAndShortTermInvestments": "1465427753000",
            "totalCurrentLiabilities": "913583316000",
            "currentDebt": "None",
            "netIncome": "238712143000",
            "capitalExpenditures": "170160220000",
            "operatingCashflow": "394829347000",
            "grossProfit": "331768000000",
            "totalRevenue": "625529000000",
            "sentiment": 0.16435630604257043,
            "surprise": "0.08",
            "closePrice": "112.573942887827"
        },
        {
            "fiscalDateEnding": "2023-09-30",
            "totalCurrentAssets": "2082477636000",
            "cashAndShortTermInvestments": "1311806535000",
            "totalCurrentLiabilities": "970034816000",
            "currentDebt": "None",
            "netIncome": "700890000000",
            "capitalExpenditures": "779657000000",
            "operatingCashflow": "847138000000",
            "grossProfit": "296643000000",
            "totalRevenue": "546733000000",
            "sentiment": 0.10513588243859272,
            "surprise": "0.12",
            "closePrice": "92.1089322592888"
        },
        {
            "fiscalDateEnding": "2023-06-30",
            "totalCurrentAssets": "1959964000000",
            "cashAndShortTermInvestments": "1276724000000",
            "totalCurrentLiabilities": "810829000000",
            "currentDebt": "None",
            "netIncome": "214675000000",
            "capitalExpenditures": "250534000000",
            "operatingCashflow": "167248000000",
            "grossProfit": "260200000000",
            "totalRevenue": "480841000000",
            "sentiment": 0.08205910815898589,
            "surprise": "0.06",
            "closePrice": "96.5191434873636"
        },
        {
            "fiscalDateEnding": "2023-03-31",
            "totalCurrentAssets": "1995727521000",
            "cashAndShortTermInvestments": "1385232810000",
            "totalCurrentLiabilities": "873089921000",
            "currentDebt": "None",
            "netIncome": "334551356000",
            "capitalExpenditures": "336800000000",
            "operatingCashflow": "486880000000",
            "grossProfit": "286500392000",
            "totalRevenue": "508632973000",
            "sentiment": 0.14993350528711677,
            "surprise": "0.11",
            "closePrice": "87.6934271517654"
        },
        {
            "fiscalDateEnding": "2022-12-31",
            "totalCurrentAssets": "2052896744000",
            "cashAndShortTermInvestments": "1342814083000",
            "totalCurrentLiabilities": "944226817000",
            "currentDebt": "None",
            "netIncome": "334551356000",
            "capitalExpenditures": "336800000000",
            "operatingCashflow": "486880000000",
            "grossProfit": "389183047000",
            "totalRevenue": "625530000000",
            "sentiment": 0.11495524505459603,
            "surprise": "0.15",
            "closePrice": "85.0171093221599"
        },
        {
            "fiscalDateEnding": "2022-09-30",
            "totalCurrentAssets": "2014232358000",
            "cashAndShortTermInvestments": "1296012784000",
            "totalCurrentLiabilities": "807431287000",
            "currentDebt": "None",
            "netIncome": "316690867000",
            "capitalExpenditures": "267635828000",
            "operatingCashflow": "412698167000",
            "grossProfit": "370498717000",
            "totalRevenue": "613142743000",
            "sentiment": 0.14547093960466412,
            "surprise": "0.1",
            "closePrice": "64.7252499734464"
        },
        {
            "fiscalDateEnding": "2022-06-30",
            "totalCurrentAssets": "1905866396000",
            "cashAndShortTermInvestments": "1253189197000",
            "totalCurrentLiabilities": "845240981000",
            "currentDebt": "None",
            "netIncome": "265998281000",
            "capitalExpenditures": "220945293000",
            "operatingCashflow": "338849429000",
            "grossProfit": "315467994000",
            "totalRevenue": "534140808000",
            "sentiment": -0.015880698171072835,
            "surprise": "0.04",
            "closePrice": "80.8262643881406"
        },
        {
            "fiscalDateEnding": "2022-03-31",
            "totalCurrentAssets": "1607072900000",
            "cashAndShortTermInvestments": "1064990200000",
            "totalCurrentLiabilities": "758352800000",
            "currentDebt": "None",
            "netIncome": "184819000000",
            "capitalExpenditures": "235556000000",
            "operatingCashflow": "378200000000",
            "grossProfit": "273203166000",
            "totalRevenue": "491075873000",
            "sentiment": -0.06926871934934145,
            "surprise": "0.06",
            "closePrice": "94.4945520595061"
        },
        {
            "fiscalDateEnding": "2021-12-31",
            "totalCurrentAssets": "1607072900000",
            "cashAndShortTermInvestments": "1064990200000",
            "totalCurrentLiabilities": "758352800000",
            "currentDebt": "None",
            "netIncome": "166232000000",
            "capitalExpenditures": "235556000000",
            "operatingCashflow": "378200000000",
            "grossProfit": "230678922000",
            "totalRevenue": "438189000000",
            "sentiment": 0,
            "surprise": "0.01",
            "closePrice": "112.466976255165"
        },
        {
            "fiscalDateEnding": "2021-09-30",
            "totalCurrentAssets": "1370639169000",
            "cashAndShortTermInvestments": "853811966000",
            "totalCurrentLiabilities": "655621450000",
            "currentDebt": "None",
            "netIncome": "149375511000",
            "capitalExpenditures": "170513981000",
            "operatingCashflow": "187439494000",
            "grossProfit": "212746243000",
            "totalRevenue": "414643431000",
            "sentiment": 0,
            "surprise": "0.04",
            "closePrice": "107.181776799104"
        },
        {
            "fiscalDateEnding": "2021-06-30",
            "totalCurrentAssets": "1241104000000",
            "cashAndShortTermInvestments": "747982100000",
            "totalCurrentLiabilities": "659558300000",
            "currentDebt": "None",
            "netIncome": "149375511000",
            "capitalExpenditures": "170513981000",
            "operatingCashflow": "187439494000",
            "grossProfit": "186196818000",
            "totalRevenue": "372145122000",
            "sentiment": 0,
            "surprise": "0",
            "closePrice": "111.456009903943"
        },
        {
            "fiscalDateEnding": "2021-03-31",
            "totalCurrentAssets": "1092185308000",
            "cashAndShortTermInvestments": "660170647000",
            "totalCurrentLiabilities": "617151048000",
            "currentDebt": "None",
            "netIncome": "161107361000",
            "capitalExpenditures": "89513159000",
            "operatingCashflow": "259130584000",
            "grossProfit": "189839430000",
            "totalRevenue": "362474441000",
            "sentiment": 0,
            "surprise": "0.02",
            "closePrice": "111.810061310924"
        },
        {
            "fiscalDateEnding": "2020-12-31",
            "totalCurrentAssets": "1092185308000",
            "cashAndShortTermInvestments": "660170647000",
            "totalCurrentLiabilities": "617151048000",
            "currentDebt": "None",
            "netIncome": "142766434000",
            "capitalExpenditures": "89513150000",
            "operatingCashflow": "259130572000",
            "grossProfit": "195236325000",
            "totalRevenue": "361580556000",
            "sentiment": 0,
            "surprise": "0.02",
            "closePrice": "119.013188163319"
        },
        {
            "fiscalDateEnding": "2020-09-30",
            "totalCurrentAssets": "1029673918000",
            "cashAndShortTermInvestments": "604195113000",
            "totalCurrentLiabilities": "588241723000",
            "currentDebt": "None",
            "netIncome": "155124003000",
            "capitalExpenditures": "101720285000",
            "operatingCashflow": "190171227000",
            "grossProfit": "190493496000",
            "totalRevenue": "356439030000",
            "sentiment": 0,
            "surprise": "0.13",
            "closePrice": "82.6140699711923"
        },
        {
            "fiscalDateEnding": "2020-06-30",
            "totalCurrentAssets": "860031580000",
            "cashAndShortTermInvestments": "467613443000",
            "totalCurrentLiabilities": "614795728000",
            "currentDebt": "None",
            "netIncome": "136398638000",
            "capitalExpenditures": "134339955000",
            "operatingCashflow": "170334959000",
            "grossProfit": "164623791000",
            "totalRevenue": "310629333000",
            "sentiment": 0,
            "surprise": "0.01",
            "closePrice": "62.0847353724172"
        },
        {
            "fiscalDateEnding": "2020-03-31",
            "totalCurrentAssets": "822613900000",
            "cashAndShortTermInvestments": "455399300000",
            "totalCurrentLiabilities": "598363800000",
            "currentDebt": "None",
            "netIncome": "128782000000",
            "capitalExpenditures": "170009000000",
            "operatingCashflow": "202955000000",
            "grossProfit": "160776508000",
            "totalRevenue": "310589510000",
            "sentiment": 0,
            "surprise": "0.02",
            "closePrice": "48.4916794822351"
        },
        {
            "fiscalDateEnding": "2019-12-31",
            "totalCurrentAssets": "822613900000",
            "cashAndShortTermInvestments": "455399300000",
            "totalCurrentLiabilities": "598363800000",
            "currentDebt": "None",
            "netIncome": "116035000000",
            "capitalExpenditures": "170009000000",
            "operatingCashflow": "202955000000",
            "grossProfit": "159202000000",
            "totalRevenue": "317237000000",
            "sentiment": 0,
            "surprise": "0",
            "closePrice": "53.8566868773116"
        },
        {
            "fiscalDateEnding": "2019-09-30",
            "totalCurrentAssets": "849427436000",
            "cashAndShortTermInvestments": "452430300000",
            "totalCurrentLiabilities": "494781125000",
            "currentDebt": "None",
            "netIncome": "112336000000",
            "capitalExpenditures": "98118000000",
            "operatingCashflow": "141753000000",
            "grossProfit": "139412434000",
            "totalRevenue": "293025712000",
            "sentiment": 0,
            "surprise": "-0.01",
            "closePrice": "48.0896020199903"
        },
        {
            "fiscalDateEnding": "2019-06-30",
            "totalCurrentAssets": "1010179338000",
            "cashAndShortTermInvestments": "649697262000",
            "totalCurrentLiabilities": "622256378000",
            "currentDebt": "None",
            "netIncome": "80545440000",
            "capitalExpenditures": "116933823000",
            "operatingCashflow": "117761028000",
            "grossProfit": "103730060000",
            "totalRevenue": "241055305000",
            "sentiment": 0,
            "surprise": "0",
            "closePrice": "39.4213198776704"
        },
        {
            "fiscalDateEnding": "2019-03-31",
            "totalCurrentAssets": "951679700000",
            "cashAndShortTermInvestments": "577814600000",
            "totalCurrentLiabilities": "356837100000",
            "currentDebt": "None",
            "netIncome": "111082000000",
            "capitalExpenditures": "114105000000",
            "operatingCashflow": "189372000000",
            "grossProfit": "90357557000",
            "totalRevenue": "218709901000",
            "sentiment": 0,
            "surprise": "0.01",
            "closePrice": "39.5423794791203"
        },
        {
            "fiscalDateEnding": "2018-12-31",
            "totalCurrentAssets": "951679700000",
            "cashAndShortTermInvestments": "577814600000",
            "totalCurrentLiabilities": "356837100000",
            "currentDebt": "None",
            "netIncome": "99984000000",
            "capitalExpenditures": "114105000000",
            "operatingCashflow": "189372000000",
            "grossProfit": "140639223000",
            "totalRevenue": "289771000000",
            "sentiment": 0,
            "surprise": "0",
            "closePrice": "31.852853635783"
        },
        {
            "fiscalDateEnding": "2018-09-30",
            "totalCurrentAssets": "859223705000",
            "cashAndShortTermInvestments": "488732121000",
            "totalCurrentLiabilities": "321630202000",
            "currentDebt": "None",
            "netIncome": "98896942000",
            "capitalExpenditures": "71497989000",
            "operatingCashflow": "94082482000",
            "grossProfit": "123366640000",
            "totalRevenue": "260333679000",
            "sentiment": 0,
            "surprise": "0",
            "closePrice": "33.7533400913687"
        },
        {
            "fiscalDateEnding": "2018-06-30",
            "totalCurrentAssets": "959042679000",
            "cashAndShortTermInvestments": "632229880000",
            "totalCurrentLiabilities": "462997164000",
            "currentDebt": "None",
            "netIncome": "72290539000",
            "capitalExpenditures": "60849798000",
            "operatingCashflow": "129773360000",
            "grossProfit": "111530934000",
            "totalRevenue": "233219641000",
            "sentiment": 0,
            "surprise": "0",
            "closePrice": "35.6713425511532"
        },
        {
            "fiscalDateEnding": "2018-03-31",
            "totalCurrentAssets": "857203100000",
            "cashAndShortTermInvestments": "553391700000",
            "totalCurrentLiabilities": "386890200000",
            "currentDebt": "None",
            "netIncome": "111703770000",
            "capitalExpenditures": "62803089000",
            "operatingCashflow": "204126342000",
            "grossProfit": "196472571000",
            "totalRevenue": "248078671000",
            "sentiment": 0,
            "surprise": "-0.01",
            "closePrice": "33.3899996791575"
        },
        {
            "fiscalDateEnding": "2017-12-31",
            "totalCurrentAssets": "857203100000",
            "cashAndShortTermInvestments": "553391700000",
            "totalCurrentLiabilities": "386890200000",
            "currentDebt": "None",
            "netIncome": "101172946000",
            "capitalExpenditures": "62803089000",
            "operatingCashflow": "204126342000",
            "grossProfit": "138747962000",
            "totalRevenue": "277602795000",
            "sentiment": 0,
            "surprise": "0.02",
            "closePrice": "37.6471612876309"
        },
        {
            "fiscalDateEnding": "2017-09-30",
            "totalCurrentAssets": "704861778000",
            "cashAndShortTermInvestments": "408077695000",
            "totalCurrentLiabilities": "298522304000",
            "currentDebt": "None",
            "netIncome": "100518164000",
            "capitalExpenditures": "63420625000",
            "operatingCashflow": "116783434000",
            "grossProfit": "125880148000",
            "totalRevenue": "252110812000",
            "sentiment": 0,
            "surprise": "0",
            "closePrice": "34.6907990595244"
        },
        {
            "fiscalDateEnding": "2017-06-30",
            "totalCurrentAssets": "838049552000",
            "cashAndShortTermInvestments": "570466958000",
            "totalCurrentLiabilities": "523507145000",
            "currentDebt": "None",
            "netIncome": "86117467000",
            "capitalExpenditures": "106241555000",
            "operatingCashflow": "103400380000",
            "grossProfit": "103810623000",
            "totalRevenue": "213810623000",
            "sentiment": 0,
            "surprise": "0.01",
            "closePrice": "30.4505309494973"
        },
        {
            "fiscalDateEnding": "2017-03-31",
            "totalCurrentAssets": "817729100000",
            "cashAndShortTermInvestments": "541253800000",
            "totalCurrentLiabilities": "348286000000",
            "currentDebt": "None",
            "netIncome": "97666830000",
            "capitalExpenditures": "113796437000",
            "operatingCashflow": "185219797000",
            "grossProfit": "108820815000",
            "totalRevenue": "233937607000",
            "sentiment": 0,
            "surprise": "0",
            "closePrice": "26.2176861646426"
        },
        {
            "fiscalDateEnding": "2016-12-31",
            "totalCurrentAssets": "817729100000",
            "cashAndShortTermInvestments": "541253800000",
            "totalCurrentLiabilities": "348286000000",
            "currentDebt": "None",
            "netIncome": "97666830000",
            "capitalExpenditures": "113796437000",
            "operatingCashflow": "185219797000",
            "grossProfit": "137109497000",
            "totalRevenue": "262226289000",
            "sentiment": 0,
            "surprise": "0.02",
            "closePrice": "24.1255428137726"
        },
        {
            "fiscalDateEnding": "2016-09-30",
            "totalCurrentAssets": "709591485000",
            "cashAndShortTermInvestments": "463971657000",
            "totalCurrentLiabilities": "257555112000",
            "currentDebt": "None",
            "netIncome": "108249615000",
            "capitalExpenditures": "104981237000",
            "operatingCashflow": "126409559000",
            "grossProfit": "132050789000",
            "totalRevenue": "260417602000",
            "sentiment": 0,
            "surprise": "0.02",
            "closePrice": "25.1469041346698"
        },
        {
            "fiscalDateEnding": "2016-06-30",
            "totalCurrentAssets": "852525071000",
            "cashAndShortTermInvestments": "622359302000",
            "totalCurrentLiabilities": "398739054000",
            "currentDebt": "None",
            "netIncome": "93406391000",
            "capitalExpenditures": "75170948000",
            "operatingCashflow": "106676391000",
            "grossProfit": "114334236000",
            "totalRevenue": "221802837000",
            "sentiment": 0,
            "surprise": "0.02",
            "closePrice": "22.3299237173566"
        },
        {
            "fiscalDateEnding": "2016-03-31",
            "totalCurrentAssets": "746744000000",
            "cashAndShortTermInvestments": "562688900000",
            "totalCurrentLiabilities": "239772100000",
            "currentDebt": "None",
            "netIncome": "69114251000",
            "capitalExpenditures": "86149857000",
            "operatingCashflow": "144672148000",
            "grossProfit": "98887325000",
            "totalRevenue": "203495361000",
            "sentiment": 0,
            "surprise": "0",
            "closePrice": "20.1165774287594"
        },
        {
            "fiscalDateEnding": "2015-12-31",
            "totalCurrentAssets": "746744000000",
            "cashAndShortTermInvestments": "562688900000",
            "totalCurrentLiabilities": "239772100000",
            "currentDebt": "None",
            "netIncome": "69114251000",
            "capitalExpenditures": "86149857000",
            "operatingCashflow": "144672148000",
            "grossProfit": "98924924000",
            "totalRevenue": "203532960000",
            "sentiment": 0,
            "surprise": "0.03",
            "closePrice": "17.4460937796316"
        },
        {
            "fiscalDateEnding": "2015-09-30",
            "totalCurrentAssets": "693661496000",
            "cashAndShortTermInvestments": "515731398000",
            "totalCurrentLiabilities": "201689370000",
            "currentDebt": "None",
            "netIncome": "83394619000",
            "capitalExpenditures": "71371356000",
            "operatingCashflow": "118139439000",
            "grossProfit": "102335756000",
            "totalRevenue": "212524180000",
            "sentiment": 0,
            "surprise": "0.01",
            "closePrice": "17.7179394205608"
        },
        {
            "fiscalDateEnding": "2015-06-30",
            "totalCurrentAssets": "731368790000",
            "cashAndShortTermInvestments": "528895107000",
            "totalCurrentLiabilities": "309379741000",
            "currentDebt": "None",
            "netIncome": "98131683000",
            "capitalExpenditures": "54252433000",
            "operatingCashflow": "111067152000",
            "grossProfit": "99704956000",
            "totalRevenue": "205440763000",
            "sentiment": 0,
            "surprise": "0.03",
            "closePrice": "16.654543236926"
        },
        {
            "fiscalDateEnding": "2015-03-31",
            "totalCurrentAssets": "626565600000",
            "cashAndShortTermInvestments": "358449000000",
            "totalCurrentLiabilities": "224785200000",
            "currentDebt": "None",
            "netIncome": "70393134000",
            "capitalExpenditures": "54015598000",
            "operatingCashflow": "153668816000",
            "grossProfit": "110048591000",
            "totalRevenue": "222034144000",
            "sentiment": 0,
            "surprise": "0",
            "closePrice": "18.1134151293297"
        },
        {
            "fiscalDateEnding": "2014-12-31",
            "totalCurrentAssets": "626565600000",
            "cashAndShortTermInvestments": "358449000000",
            "totalCurrentLiabilities": "224785200000",
            "currentDebt": "None",
            "netIncome": "70393134000",
            "capitalExpenditures": "54015598000",
            "operatingCashflow": "153668816000",
            "grossProfit": "110550615000",
            "totalRevenue": "222536168000",
            "sentiment": 0,
            "surprise": "0.01",
            "closePrice": "17.8406227328036"
        },
        {
            "fiscalDateEnding": "2014-09-30",
            "totalCurrentAssets": "476230199000",
            "cashAndShortTermInvestments": "225884318000",
            "totalCurrentLiabilities": "172248167000",
            "currentDebt": "None",
            "netIncome": "85381192000",
            "capitalExpenditures": "48946426000",
            "operatingCashflow": "91245080000",
            "grossProfit": "105578364000",
            "totalRevenue": "209046528000",
            "sentiment": 0,
            "surprise": "0.01",
            "closePrice": "16.1493098743421"
        },
        {
            "fiscalDateEnding": "2014-06-30",
            "totalCurrentAssets": "459199555000",
            "cashAndShortTermInvestments": "255053573000",
            "totalCurrentLiabilities": "246635077000",
            "currentDebt": "None",
            "netIncome": "74098120000",
            "capitalExpenditures": "73353965000",
            "operatingCashflow": "81748863000",
            "grossProfit": "91192925000",
            "totalRevenue": "183016115000",
            "sentiment": 0,
            "surprise": "0.01",
            "closePrice": "16.3129853122577"
        },
        {
            "fiscalDateEnding": "2014-03-31",
            "totalCurrentAssets": "358486700000",
            "cashAndShortTermInvestments": "242695400000",
            "totalCurrentLiabilities": "203974000000",
            "currentDebt": "None",
            "netIncome": "40641056000",
            "capitalExpenditures": "74691845000",
            "operatingCashflow": "102773065000",
            "grossProfit": "67683161000",
            "totalRevenue": "148232951000",
            "sentiment": 0,
            "surprise": "0.01",
            "closePrice": "15.8692132118577"
        },
        {
            "fiscalDateEnding": "2013-12-31",
            "totalCurrentAssets": "358486700000",
            "cashAndShortTermInvestments": "242695400000",
            "totalCurrentLiabilities": "203974000000",
            "currentDebt": "None",
            "netIncome": "40641056000",
            "capitalExpenditures": "74691845000",
            "operatingCashflow": "102773065000",
            "grossProfit": "65277993000",
            "totalRevenue": "145827783000",
            "sentiment": 0,
            "surprise": "0.02",
            "closePrice": "13.900879333746"
        },
        {
            "fiscalDateEnding": "2013-09-30",
            "totalCurrentAssets": "338210837000",
            "cashAndShortTermInvestments": "216603697000",
            "totalCurrentLiabilities": "148284188000",
            "currentDebt": "None",
            "netIncome": "59349884000",
            "capitalExpenditures": "55356990000",
            "operatingCashflow": "95802107000",
            "grossProfit": "78890811000",
            "totalRevenue": "162527275000",
            "sentiment": 0,
            "surprise": "0.01",
            "closePrice": "14.283823668009"
        },
        {
            "fiscalDateEnding": "2013-06-30",
            "totalCurrentAssets": "352462353000",
            "cashAndShortTermInvestments": "225832646000",
            "totalCurrentLiabilities": "243631467000",
            "currentDebt": "None",
            "netIncome": "60016679000",
            "capitalExpenditures": "78925885000",
            "operatingCashflow": "75238656000",
            "grossProfit": "76422186000",
            "totalRevenue": "155889706000",
            "sentiment": 0,
            "surprise": "0.01",
            "closePrice": "12.8745885179212"
        },
        {
            "fiscalDateEnding": "2013-03-31",
            "totalCurrentAssets": "252288600000",
            "cashAndShortTermInvestments": "143410600000",
            "totalCurrentLiabilities": "142435900000",
            "currentDebt": "None",
            "netIncome": "41569266000",
            "capitalExpenditures": "59765720000",
            "operatingCashflow": "85411373000",
            "grossProfit": "63433002000",
            "totalRevenue": "132764329000",
            "sentiment": 0,
            "surprise": "0.01",
            "closePrice": "13.442653167449"
        },
        {
            "fiscalDateEnding": "2012-12-31",
            "totalCurrentAssets": "252288600000",
            "cashAndShortTermInvestments": "143410600000",
            "totalCurrentLiabilities": "142435900000",
            "currentDebt": "None",
            "netIncome": "41569266000",
            "capitalExpenditures": "59765720000",
            "operatingCashflow": "85411373000",
            "grossProfit": "61948319000",
            "totalRevenue": "131279646000",
            "sentiment": 0,
            "surprise": "0",
            "closePrice": "13.6824329340925"
        },
        {
            "fiscalDateEnding": "2012-09-30",
            "totalCurrentAssets": "245325345000",
            "cashAndShortTermInvestments": "138738113000",
            "totalCurrentLiabilities": "119052483000",
            "currentDebt": "None",
            "netIncome": "49379633000",
            "capitalExpenditures": "78333589000",
            "operatingCashflow": "76630960000",
            "grossProfit": "69165133000",
            "totalRevenue": "141509634000",
            "sentiment": 0,
            "surprise": "0.01",
            "closePrice": "11.5244150343013"
        },
        {
            "fiscalDateEnding": "2012-06-30",
            "totalCurrentAssets": "280880903000",
            "cashAndShortTermInvestments": "178440559000",
            "totalCurrentLiabilities": "211846915000",
            "currentDebt": "None",
            "netIncome": "41812617000",
            "capitalExpenditures": "59467478000",
            "operatingCashflow": "69972813000",
            "grossProfit": "70033097000",
            "totalRevenue": "127972352000",
            "sentiment": 0,
            "surprise": "0",
            "closePrice": "9.63614937198407"
        },
        {
            "fiscalDateEnding": "2012-03-31",
            "totalCurrentAssets": "225260400000",
            "cashAndShortTermInvestments": "143472300000",
            "totalCurrentLiabilities": "117006700000",
            "currentDebt": "None",
            "netIncome": "31578669000",
            "capitalExpenditures": "29771461000",
            "operatingCashflow": "72836607000",
            "grossProfit": "47642449000",
            "totalRevenue": "105581704000",
            "sentiment": 0,
            "surprise": "0.03",
            "closePrice": "11.5151684191706"
        },
        {
            "fiscalDateEnding": "2011-12-31",
            "totalCurrentAssets": "225260400000",
            "cashAndShortTermInvestments": "143472300000",
            "totalCurrentLiabilities": "117006700000",
            "currentDebt": "None",
            "netIncome": "31578669000",
            "capitalExpenditures": "29771461000",
            "operatingCashflow": "72836607000",
            "grossProfit": "46771867000",
            "totalRevenue": "104711122000",
            "sentiment": 0,
            "surprise": "0",
            "closePrice": "10.0666737823723"
        },
        {
            "fiscalDateEnding": "2011-09-30",
            "totalCurrentAssets": "196936561000",
            "cashAndShortTermInvestments": "114836459000",
            "totalCurrentLiabilities": "108364557000",
            "currentDebt": "None",
            "netIncome": "30394524000",
            "capitalExpenditures": "38048184000",
            "operatingCashflow": "55208959000",
            "grossProfit": "44770662000",
            "totalRevenue": "106483616000",
            "sentiment": 0,
            "surprise": "0",
            "closePrice": "9.42613344047151"
        },
        {
            "fiscalDateEnding": "2011-06-30",
            "totalCurrentAssets": "242551808000",
            "cashAndShortTermInvestments": "150978778000",
            "totalCurrentLiabilities": "205488601000",
            "currentDebt": "None",
            "netIncome": "35950334000",
            "capitalExpenditures": "64692278000",
            "operatingCashflow": "63063355000",
            "grossProfit": "50855959000",
            "totalRevenue": "110508367000",
            "sentiment": 0,
            "surprise": "-0.01",
            "closePrice": "8.96028591908913"
        },
        {
            "fiscalDateEnding": "2011-03-31",
            "totalCurrentAssets": "261519300000",
            "cashAndShortTermInvestments": "147887000000",
            "totalCurrentLiabilities": "123191100000",
            "currentDebt": "None",
            "netIncome": "40720440000",
            "capitalExpenditures": "44522008000",
            "operatingCashflow": "70563933000",
            "grossProfit": "50052522000",
            "totalRevenue": "105377495000",
            "sentiment": 0,
            "surprise": "0",
            "closePrice": "9.50728905866954"
        },
        {
            "fiscalDateEnding": "2010-12-31",
            "totalCurrentAssets": "261519300000",
            "cashAndShortTermInvestments": "147887000000",
            "totalCurrentLiabilities": "123191100000",
            "currentDebt": "None",
            "netIncome": "40720440000",
            "capitalExpenditures": "44522008000",
            "operatingCashflow": "70563933000",
            "grossProfit": "54817225000",
            "totalRevenue": "110142198000",
            "sentiment": 0,
            "surprise": "0",
            "closePrice": "9.40869494991296"
        },
        {
            "fiscalDateEnding": "2010-09-30",
            "totalCurrentAssets": "246637178000",
            "cashAndShortTermInvestments": "132268758000",
            "totalCurrentLiabilities": "109235939000",
            "currentDebt": "None",
            "netIncome": "46939527000",
            "capitalExpenditures": "42763655000",
            "operatingCashflow": "63951929000",
            "grossProfit": "56124775000",
            "totalRevenue": "112246699000",
            "sentiment": 0,
            "surprise": "0.04",
            "closePrice": "7.57766150157661"
        },
        {
            "fiscalDateEnding": "2010-06-30",
            "totalCurrentAssets": "286614852000",
            "cashAndShortTermInvestments": "172486218000",
            "totalCurrentLiabilities": "166265301000",
            "currentDebt": "None",
            "netIncome": "40281916000",
            "capitalExpenditures": "53522758000",
            "operatingCashflow": "48925669000",
            "grossProfit": "51926109000",
            "totalRevenue": "104962317000",
            "sentiment": 0,
            "surprise": "0.01",
            "closePrice": "7.11286070315276"
        },
        {
            "fiscalDateEnding": "2010-03-31",
            "totalCurrentAssets": "259803700000",
            "cashAndShortTermInvestments": "171276300000",
            "totalCurrentLiabilities": "79133300000",
            "currentDebt": "None",
            "netIncome": "32666013000",
            "capitalExpenditures": "42714530000",
            "operatingCashflow": "61999356000",
            "grossProfit": "44786966000",
            "totalRevenue": "92186686000",
            "sentiment": 0,
            "surprise": "0.01",
            "closePrice": "7.12467028824067"
        },
        {
            "fiscalDateEnding": "2009-12-31",
            "totalCurrentAssets": "259803700000",
            "cashAndShortTermInvestments": "171276300000",
            "totalCurrentLiabilities": "79133300000",
            "currentDebt": "None",
            "netIncome": "32666013000",
            "capitalExpenditures": "42714530000",
            "operatingCashflow": "61999356000",
            "grossProfit": "44694689000",
            "totalRevenue": "92094409000",
            "sentiment": 0,
            "surprise": "0",
            "closePrice": "6.81932727588749"
        },
        {
            "fiscalDateEnding": "2009-09-30",
            "totalCurrentAssets": "244240939000",
            "cashAndShortTermInvestments": "156935077000",
            "totalCurrentLiabilities": "55008722000",
            "currentDebt": "None",
            "netIncome": "30550787000",
            "capitalExpenditures": "32038370000",
            "operatingCashflow": "46655044000",
            "grossProfit": "42857911000",
            "totalRevenue": "89935791000",
            "sentiment": 0,
            "surprise": "0",
            "closePrice": "6.72433167204429"
        },
        {
            "fiscalDateEnding": "2009-06-30",
            "totalCurrentAssets": "309419000000",
            "cashAndShortTermInvestments": "239517000000",
            "totalCurrentLiabilities": "129630000000",
            "currentDebt": "None",
            "netIncome": "24442127000",
            "capitalExpenditures": "7362677000",
            "operatingCashflow": "24523667000",
            "grossProfit": "34295714000",
            "totalRevenue": "74211714000",
            "sentiment": 0,
            "surprise": "0.01",
            "closePrice": "7.30787609565257"
        },
        {
            "fiscalDateEnding": "2009-03-31",
            "totalCurrentAssets": "253307907720",
            "cashAndShortTermInvestments": "195144848610",
            "totalCurrentLiabilities": "56960772900",
            "currentDebt": "None",
            "netIncome": "12947547209",
            "capitalExpenditures": "11545051720",
            "operatingCashflow": "64260525873",
            "grossProfit": "20898429195",
            "totalRevenue": "66169450938",
            "sentiment": 0,
            "surprise": "None",
            "closePrice": "6.880691200756"
        },
        {
            "fiscalDateEnding": "2008-12-31",
            "totalCurrentAssets": "253307907720",
            "cashAndShortTermInvestments": "195144848610",
            "totalCurrentLiabilities": "56960772900",
            "currentDebt": "None",
            "netIncome": "12947547209",
            "capitalExpenditures": "11545051720",
            "operatingCashflow": "64260525873",
            "grossProfit": "20898429195",
            "totalRevenue": "66169450938",
            "sentiment": 0,
            "surprise": "0",
            "closePrice": "4.84968301283181"
        },
        {
            "fiscalDateEnding": "2008-09-30",
            "totalCurrentAssets": "231743659376",
            "cashAndShortTermInvestments": "112152483114",
            "totalCurrentLiabilities": "61972690102",
            "currentDebt": "None",
            "netIncome": "30493841546",
            "capitalExpenditures": "11800969012.36",
            "operatingCashflow": "61437865777.36",
            "grossProfit": "42981246600",
            "totalRevenue": "92736246290",
            "sentiment": 0,
            "surprise": "-0.01",
            "closePrice": "5.14912652771807"
        },
        {
            "fiscalDateEnding": "2008-06-30",
            "totalCurrentAssets": "229103159609.16",
            "cashAndShortTermInvestments": "146554157419.64",
            "totalCurrentLiabilities": "142271487701",
            "currentDebt": "None",
            "netIncome": "29793680819",
            "capitalExpenditures": "21330917917.64",
            "operatingCashflow": "41335078594",
            "grossProfit": "39298664203.62",
            "totalRevenue": "85482402066.62",
            "sentiment": 0,
            "surprise": "0",
            "closePrice": "6.18415954656405"
        },
        {
            "fiscalDateEnding": "2008-03-31",
            "totalCurrentAssets": "249834588882",
            "cashAndShortTermInvestments": "94992537170",
            "totalCurrentLiabilities": "48709215287",
            "currentDebt": "None",
            "netIncome": "35388625685",
            "capitalExpenditures": "20576762506",
            "operatingCashflow": "61256832808",
            "grossProfit": "46008001222",
            "totalRevenue": "96640339245",
            "sentiment": 0,
            "surprise": "0.01",
            "closePrice": "6.74732257904563"
        },
        {
            "fiscalDateEnding": "2007-12-31",
            "totalCurrentAssets": "249834588882",
            "cashAndShortTermInvestments": "94992537170",
            "totalCurrentLiabilities": "48709215287",
            "currentDebt": "None",
            "netIncome": "35388625685",
            "capitalExpenditures": "20576762506",
            "operatingCashflow": "61256832808",
            "grossProfit": "46008001222",
            "totalRevenue": "96640339245",
            "sentiment": 0,
            "surprise": "0.01",
            "closePrice": "5.76294864784599"
        },
        {
            "fiscalDateEnding": "2007-09-30",
            "totalCurrentAssets": "249506993450",
            "cashAndShortTermInvestments": "98107909900",
            "totalCurrentLiabilities": "50781436420",
            "currentDebt": "None",
            "netIncome": "29398887262",
            "capitalExpenditures": "24061418929.64",
            "operatingCashflow": "49514413612",
            "grossProfit": "40286171640",
            "totalRevenue": "88003773000",
            "sentiment": 0,
            "surprise": "-0.01",
            "closePrice": "6.09315002983068"
        },
        {
            "fiscalDateEnding": "2007-06-30",
            "totalCurrentAssets": "305129022465.40",
            "cashAndShortTermInvestments": "163654211363.40",
            "totalCurrentLiabilities": "132625743188.68",
            "currentDebt": "None",
            "netIncome": "25429187577",
            "capitalExpenditures": "25333255850.36",
            "operatingCashflow": "34613596397",
            "grossProfit": "32232172339.28",
            "totalRevenue": "75038872956.76",
            "sentiment": 0,
            "surprise": "0.01",
            "closePrice": "6.36727947902552"
        },
        {
            "fiscalDateEnding": "2007-03-31",
            "totalCurrentAssets": "260275706372",
            "cashAndShortTermInvestments": "117817476029",
            "totalCurrentLiabilities": "46853928363",
            "currentDebt": "None",
            "netIncome": "27931461857",
            "capitalExpenditures": "18803304126.91",
            "operatingCashflow": "58826632736",
            "grossProfit": "-27156920105.08",
            "totalRevenue": "11308579547.19",
            "sentiment": 0,
            "surprise": "0",
            "closePrice": "6.64295478116612"
        },
        {
            "fiscalDateEnding": "2006-12-31",
            "totalCurrentAssets": "260275706372",
            "cashAndShortTermInvestments": "117817476029",
            "totalCurrentLiabilities": "46853928363",
            "currentDebt": "None",
            "netIncome": "27931461857.77",
            "capitalExpenditures": "18803304126.91",
            "operatingCashflow": "58826632736.34",
            "grossProfit": "-27156920105.08",
            "totalRevenue": "11308579547.19",
            "sentiment": 0,
            "surprise": "0.01",
            "closePrice": "6.4803439207024"
        },
        {
            "fiscalDateEnding": "2006-09-30",
            "totalCurrentAssets": "178659436234.37",
            "cashAndShortTermInvestments": "77754863995.90",
            "totalCurrentLiabilities": "42790777606.85",
            "currentDebt": "None",
            "netIncome": "32322617921",
            "capitalExpenditures": "27689662936.6",
            "operatingCashflow": "51178871323",
            "grossProfit": "39245630057.27",
            "totalRevenue": "81392921645.49",
            "sentiment": 0,
            "surprise": "0",
            "closePrice": "6.01057921269609"
        },
        {
            "fiscalDateEnding": "2006-06-30",
            "totalCurrentAssets": "280225380443.47",
            "cashAndShortTermInvestments": "141722317009.46",
            "totalCurrentLiabilities": "110511688451.67",
            "currentDebt": "None",
            "netIncome": "34096431775",
            "capitalExpenditures": "21106513297.29",
            "operatingCashflow": "47164191279",
            "grossProfit": "40189325703.23",
            "totalRevenue": "80137089849.96",
            "sentiment": 0,
            "surprise": "0.01",
            "closePrice": "5.04093667437538"
        },
        {
            "fiscalDateEnding": "2006-03-31",
            "totalCurrentAssets": "212890386840",
            "cashAndShortTermInvestments": "96772432405",
            "totalCurrentLiabilities": "35227299895",
            "currentDebt": "None",
            "netIncome": "34049431719",
            "capitalExpenditures": "19649079092.18",
            "operatingCashflow": "55636579690",
            "grossProfit": "43012131124.62",
            "totalRevenue": "83533993570.33",
            "sentiment": 0,
            "surprise": "0.02",
            "closePrice": "6.02981994417919"
        },
        {
            "fiscalDateEnding": "2005-12-31",
            "totalCurrentAssets": "212890386840",
            "cashAndShortTermInvestments": "96772432405",
            "totalCurrentLiabilities": "35227299895",
            "currentDebt": "None",
            "netIncome": "34049431719.98",
            "capitalExpenditures": "19649079092.18",
            "operatingCashflow": "55636579690.71",
            "grossProfit": "43012131124.62",
            "totalRevenue": "83533993570.33",
            "sentiment": 0,
            "surprise": "0.01",
            "closePrice": "5.91690196769643"
        },
        {
            "fiscalDateEnding": "2005-09-30",
            "totalCurrentAssets": "165415561229.52",
            "cashAndShortTermInvestments": "58595380133.43",
            "totalCurrentLiabilities": "42998079767.44",
            "currentDebt": "None",
            "netIncome": "24618265715",
            "capitalExpenditures": "9274247059.31",
            "operatingCashflow": "38170415032",
            "grossProfit": "28508365632.81",
            "totalRevenue": "64105103946.73",
            "sentiment": 0,
            "surprise": "0",
            "closePrice": "4.36992568988267"
        },
        {
            "fiscalDateEnding": "2005-06-30",
            "totalCurrentAssets": "181826869270.53",
            "cashAndShortTermInvestments": "78597374360.89",
            "totalCurrentLiabilities": "86724209901.45",
            "currentDebt": "None",
            "netIncome": "18342461904",
            "capitalExpenditures": "12972922664.59",
            "operatingCashflow": "27663292284",
            "grossProfit": "22966076224.96",
            "totalRevenue": "58417880447.85",
            "sentiment": 0,
            "surprise": "0",
            "closePrice": "4.90628607817576"
        },
        {
            "fiscalDateEnding": "2005-03-31",
            "totalCurrentAssets": "184754351880",
            "cashAndShortTermInvestments": "74421550560",
            "totalCurrentLiabilities": "64025354400",
            "currentDebt": "None",
            "netIncome": "22443506623",
            "capitalExpenditures": "39245081026",
            "operatingCashflow": "46642624626",
            "grossProfit": "33139435780.20",
            "totalRevenue": "65831490091.56",
            "sentiment": 0,
            "surprise": "0",
            "closePrice": "4.48057808365972"
        },
        {
            "fiscalDateEnding": "2004-12-31",
            "totalCurrentAssets": "184754351880",
            "cashAndShortTermInvestments": "74421550560",
            "totalCurrentLiabilities": "64025354400",
            "currentDebt": "None",
            "netIncome": "22443506623.20",
            "capitalExpenditures": "2554963000",
            "operatingCashflow": "46642624626.66",
            "grossProfit": "33139435780.20",
            "totalRevenue": "65831490091.56",
            "sentiment": 0,
            "surprise": "0.02",
            "closePrice": "4.27144958500582"
        },
        {
            "fiscalDateEnding": "2004-09-30",
            "totalCurrentAssets": "177380285305.14",
            "cashAndShortTermInvestments": "78156983946.78",
            "totalCurrentLiabilities": "44157252975.66",
            "currentDebt": "None",
            "netIncome": "27743188519",
            "capitalExpenditures": "1656000000",
            "operatingCashflow": "37861591875",
            "grossProfit": "31393958274.72",
            "totalRevenue": "67954402516.02",
            "sentiment": 0,
            "surprise": "0.02",
            "closePrice": "3.69634621370761"
        },
        {
            "fiscalDateEnding": "2004-06-30",
            "totalCurrentAssets": "174107486124.65",
            "cashAndShortTermInvestments": "82280481901.80",
            "totalCurrentLiabilities": "49129183225.85",
            "currentDebt": "None",
            "netIncome": "23521778927",
            "capitalExpenditures": "22935360676.45",
            "operatingCashflow": "36250678667",
            "grossProfit": "25476911066.10",
            "totalRevenue": "61294058848.10",
            "sentiment": 0,
            "surprise": "0.02",
            "closePrice": "3.66497693890953"
        },
        {
            "fiscalDateEnding": "2004-03-31",
            "totalCurrentAssets": "166247890560",
            "cashAndShortTermInvestments": "102818344080",
            "totalCurrentLiabilities": "31103567760",
            "currentDebt": "None",
            "netIncome": "16675653300",
            "capitalExpenditures": "16309720350",
            "operatingCashflow": "40511471730",
            "grossProfit": "25765519740",
            "totalRevenue": "62007774780",
            "sentiment": 0,
            "surprise": "0.01",
            "closePrice": "5.45351418280172"
        },
        {
            "fiscalDateEnding": "2003-12-31",
            "totalCurrentAssets": "166247890560",
            "cashAndShortTermInvestments": "102818344080",
            "totalCurrentLiabilities": "31103567760",
            "currentDebt": "None",
            "netIncome": "16675653300",
            "capitalExpenditures": "1114178000",
            "operatingCashflow": "40511471730",
            "grossProfit": "25765519740",
            "totalRevenue": "62007774780",
            "sentiment": 0,
            "surprise": "0.01",
            "closePrice": "5.67621229283066"
        }
    ]
}