{
    "TTD": [
        {
            "fiscalDateEnding": "2023-12-31",
            "totalCurrentAssets": "4313954000",
            "cashAndShortTermInvestments": "1380288000",
            "totalCurrentLiabilities": "2510838000",
            "currentDebt": "None",
            "netIncome": "97323000",
            "capitalExpenditures": "27329000",
            "operatingCashflow": "91120000",
            "grossProfit": "201119000",
            "totalRevenue": "622474000",
            "sentiment": 0.2691626253053989,
            "surprise": "-0.02",
            "closePrice": "75.71"
        },
        {
            "fiscalDateEnding": "2023-09-30",
            "totalCurrentAssets": "4013806000",
            "cashAndShortTermInvestments": "1521881000",
            "totalCurrentLiabilities": "2147155000",
            "currentDebt": "None",
            "netIncome": "39352000",
            "capitalExpenditures": "7720000",
            "operatingCashflow": "191540000",
            "grossProfit": "175391000",
            "totalRevenue": "513208000",
            "sentiment": 0.29197663392665313,
            "surprise": "0.04",
            "closePrice": "76.81"
        },
        {
            "fiscalDateEnding": "2023-06-30",
            "totalCurrentAssets": "3831763000",
            "cashAndShortTermInvestments": "1430944000",
            "totalCurrentLiabilities": "2050984000",
            "currentDebt": "None",
            "netIncome": "32939000",
            "capitalExpenditures": "9348000",
            "operatingCashflow": "128089000",
            "grossProfit": "158839000",
            "totalRevenue": "483112000",
            "sentiment": 0.3317580371110281,
            "surprise": "0.02",
            "closePrice": "80.93"
        },
        {
            "fiscalDateEnding": "2023-03-31",
            "totalCurrentAssets": "3475865000",
            "cashAndShortTermInvestments": "1330432000",
            "totalCurrentLiabilities": "1830354000",
            "currentDebt": "None",
            "netIncome": "9326000",
            "capitalExpenditures": "10623000",
            "operatingCashflow": "187573000",
            "grossProfit": "84648000",
            "totalRevenue": "397049000",
            "sentiment": 0.3257270370553912,
            "surprise": "0.11",
            "closePrice": "64.97"
        },
        {
            "fiscalDateEnding": "2022-12-31",
            "totalCurrentAssets": "3845617000",
            "cashAndShortTermInvestments": "1446586000",
            "totalCurrentLiabilities": "2029323000",
            "currentDebt": "None",
            "netIncome": "71187000",
            "capitalExpenditures": "50658000",
            "operatingCashflow": "173480000",
            "grossProfit": "155207000",
            "totalRevenue": "503305000",
            "sentiment": 0.27120911594095515,
            "surprise": "0.02",
            "closePrice": "66.3"
        },
        {
            "fiscalDateEnding": "2022-09-30",
            "totalCurrentAssets": "3415363000",
            "cashAndShortTermInvestments": "1321401000",
            "totalCurrentLiabilities": "1785240000",
            "currentDebt": "None",
            "netIncome": "15869000",
            "capitalExpenditures": "25460000",
            "operatingCashflow": "137296000",
            "grossProfit": "111052000",
            "totalRevenue": "397106000",
            "sentiment": 0.21471128773906276,
            "surprise": "0.04",
            "closePrice": "39.89"
        },
        {
            "fiscalDateEnding": "2022-06-30",
            "totalCurrentAssets": "3196177000",
            "cashAndShortTermInvestments": "1213142000",
            "totalCurrentLiabilities": "1665074000",
            "currentDebt": "None",
            "netIncome": "-19073000",
            "capitalExpenditures": "5752000",
            "operatingCashflow": "91766000",
            "grossProfit": "86186000",
            "totalRevenue": "377922000",
            "sentiment": -0.008392173856175158,
            "surprise": "0",
            "closePrice": "54.5"
        },
        {
            "fiscalDateEnding": "2022-03-31",
            "totalCurrentAssets": "2955339000",
            "cashAndShortTermInvestments": "1104570000",
            "totalCurrentLiabilities": "1545802000",
            "currentDebt": "None",
            "netIncome": "-14598000",
            "capitalExpenditures": "10015000",
            "operatingCashflow": "146192000",
            "grossProfit": "55291000",
            "totalRevenue": "315668000",
            "sentiment": 0.04309427671670882,
            "surprise": "0.06",
            "closePrice": "43.75"
        },
        {
            "fiscalDateEnding": "2021-12-31",
            "totalCurrentAssets": "3091649000",
            "cashAndShortTermInvestments": "958779000",
            "totalCurrentLiabilities": "1803305000",
            "currentDebt": "None",
            "netIncome": "8039000",
            "capitalExpenditures": "12369000",
            "operatingCashflow": "163394000",
            "grossProfit": "2674000",
            "totalRevenue": "394997000",
            "sentiment": 0,
            "surprise": "0.14",
            "closePrice": "80.91"
        },
        {
            "fiscalDateEnding": "2021-09-30",
            "totalCurrentAssets": "2515917000",
            "cashAndShortTermInvestments": "798601000",
            "totalCurrentLiabilities": "1427897000",
            "currentDebt": "None",
            "netIncome": "59384000",
            "capitalExpenditures": "26430000",
            "operatingCashflow": "129678000",
            "grossProfit": "135574000",
            "totalRevenue": "300372000",
            "sentiment": 0,
            "surprise": "0.03",
            "closePrice": "88.75"
        },
        {
            "fiscalDateEnding": "2021-06-30",
            "totalCurrentAssets": "2347266000",
            "cashAndShortTermInvestments": "705057000",
            "totalCurrentLiabilities": "1328573000",
            "currentDebt": "None",
            "netIncome": "47697000",
            "capitalExpenditures": "6992000",
            "operatingCashflow": "10371000",
            "grossProfit": "115799000",
            "totalRevenue": "280282000",
            "sentiment": 0,
            "surprise": "0.05",
            "closePrice": "81.32"
        },
        {
            "fiscalDateEnding": "2021-03-31",
            "totalCurrentAssets": "2170149000",
            "cashAndShortTermInvestments": "680083000",
            "totalCurrentLiabilities": "1263476000",
            "currentDebt": "None",
            "netIncome": "22642000",
            "capitalExpenditures": "14182000",
            "operatingCashflow": "75070000",
            "grossProfit": "62660000",
            "totalRevenue": "220769000",
            "sentiment": 0,
            "surprise": "0.07",
            "closePrice": "48.96"
        },
        {
            "fiscalDateEnding": "2020-12-31",
            "totalCurrentAssets": "2310317000",
            "cashAndShortTermInvestments": "624038000",
            "totalCurrentLiabilities": "1474683000",
            "currentDebt": "None",
            "netIncome": "151902000",
            "capitalExpenditures": "18147000",
            "operatingCashflow": "167557000",
            "grossProfit": "135301000",
            "totalRevenue": "321251000",
            "sentiment": 0,
            "surprise": "0.18",
            "closePrice": "84.65"
        },
        {
            "fiscalDateEnding": "2020-09-30",
            "totalCurrentAssets": "1755987000",
            "cashAndShortTermInvestments": "557280000",
            "totalCurrentLiabilities": "1012153000",
            "currentDebt": "None",
            "netIncome": "41247000",
            "capitalExpenditures": "21930000",
            "operatingCashflow": "88385000",
            "grossProfit": "84574000",
            "totalRevenue": "216826000",
            "sentiment": 0,
            "surprise": "0.09",
            "closePrice": "64.73"
        },
        {
            "fiscalDateEnding": "2020-06-30",
            "totalCurrentAssets": "1491819000",
            "cashAndShortTermInvestments": "555318000",
            "totalCurrentLiabilities": "730700000",
            "currentDebt": "31385000",
            "netIncome": "25111000",
            "capitalExpenditures": "20762000",
            "operatingCashflow": "96351000",
            "grossProfit": "24693000",
            "totalRevenue": "139762000",
            "sentiment": 0,
            "surprise": "0.07",
            "closePrice": "48.075"
        },
        {
            "fiscalDateEnding": "2020-03-31",
            "totalCurrentAssets": "1441811000",
            "cashAndShortTermInvestments": "445836000",
            "totalCurrentLiabilities": "734374000",
            "currentDebt": "22527000",
            "netIncome": "24057000",
            "capitalExpenditures": "19275000",
            "operatingCashflow": "52776000",
            "grossProfit": "48408000",
            "totalRevenue": "161508000",
            "sentiment": 0,
            "surprise": "0.05",
            "closePrice": "32.25"
        },
        {
            "fiscalDateEnding": "2019-12-31",
            "totalCurrentAssets": "1449221000",
            "cashAndShortTermInvestments": "254988000",
            "totalCurrentLiabilities": "930373000",
            "currentDebt": "14577000",
            "netIncome": "50945000",
            "capitalExpenditures": "15096000",
            "operatingCashflow": "-28068000",
            "grossProfit": "72032000",
            "totalRevenue": "217423000",
            "sentiment": 0,
            "surprise": "0.03",
            "closePrice": "25.001"
        },
        {
            "fiscalDateEnding": "2019-09-30",
            "totalCurrentAssets": "1159127000",
            "cashAndShortTermInvestments": "296528000",
            "totalCurrentLiabilities": "704038000",
            "currentDebt": "15938000",
            "netIncome": "19422000",
            "capitalExpenditures": "6086000",
            "operatingCashflow": "44482000",
            "grossProfit": "53275000",
            "totalRevenue": "166366000",
            "sentiment": 0,
            "surprise": "0.01",
            "closePrice": "19.275"
        },
        {
            "fiscalDateEnding": "2019-06-30",
            "totalCurrentAssets": "1084016000",
            "cashAndShortTermInvestments": "254036000",
            "totalCurrentLiabilities": "670473000",
            "currentDebt": "16822000",
            "netIncome": "27800000",
            "capitalExpenditures": "11920000",
            "operatingCashflow": "34080000",
            "grossProfit": "63075000",
            "totalRevenue": "161598000",
            "sentiment": 0,
            "surprise": "0.03",
            "closePrice": "27.367"
        },
        {
            "fiscalDateEnding": "2019-03-31",
            "totalCurrentAssets": "944609000",
            "cashAndShortTermInvestments": "217942000",
            "totalCurrentLiabilities": "583260000",
            "currentDebt": "None",
            "netIncome": "10151000",
            "capitalExpenditures": "7502000",
            "operatingCashflow": "9711000",
            "grossProfit": "30649000",
            "totalRevenue": "120654000",
            "sentiment": 0,
            "surprise": "0.03",
            "closePrice": "18.992"
        },
        {
            "fiscalDateEnding": "2018-12-31",
            "totalCurrentAssets": "1056523000",
            "cashAndShortTermInvestments": "207232000",
            "totalCurrentLiabilities": "713991000",
            "currentDebt": "None",
            "netIncome": "39435000",
            "capitalExpenditures": "10468000",
            "operatingCashflow": "48058000",
            "grossProfit": "63407000",
            "totalRevenue": "158921000",
            "sentiment": 0,
            "surprise": "0.03",
            "closePrice": "15.049"
        },
        {
            "fiscalDateEnding": "2018-09-30",
            "totalCurrentAssets": "825061000",
            "cashAndShortTermInvestments": "166349000",
            "totalCurrentLiabilities": "529211000",
            "currentDebt": "None",
            "netIncome": "20292000",
            "capitalExpenditures": "5366000",
            "operatingCashflow": "26136000",
            "grossProfit": "44726000",
            "totalRevenue": "118667000",
            "sentiment": 0,
            "surprise": "0.02",
            "closePrice": "12.22"
        },
        {
            "fiscalDateEnding": "2018-06-30",
            "totalCurrentAssets": "800406000",
            "cashAndShortTermInvestments": "141681000",
            "totalCurrentLiabilities": "531584000",
            "currentDebt": "None",
            "netIncome": "19343000",
            "capitalExpenditures": "6701000",
            "operatingCashflow": "602000",
            "grossProfit": "44582000",
            "totalRevenue": "111269000",
            "sentiment": 0,
            "surprise": "0.02",
            "closePrice": "9.329"
        },
        {
            "fiscalDateEnding": "2018-03-31",
            "totalCurrentAssets": "706522000",
            "cashAndShortTermInvestments": "138952000",
            "totalCurrentLiabilities": "469741000",
            "currentDebt": "None",
            "netIncome": "9070000",
            "capitalExpenditures": "2656000",
            "operatingCashflow": "11807000",
            "grossProfit": "26931000",
            "totalRevenue": "84968000",
            "sentiment": 0,
            "surprise": "0.02",
            "closePrice": "5.273"
        },
        {
            "fiscalDateEnding": "2017-12-31",
            "totalCurrentAssets": "765813000",
            "cashAndShortTermInvestments": "155950000",
            "totalCurrentLiabilities": "518532000",
            "currentDebt": "None",
            "netIncome": "16811000",
            "capitalExpenditures": "2228000",
            "operatingCashflow": "24193000",
            "grossProfit": "39765000",
            "totalRevenue": "101366000",
            "sentiment": 0,
            "surprise": "0.01",
            "closePrice": "4.84"
        },
        {
            "fiscalDateEnding": "2017-09-30",
            "totalCurrentAssets": "615962000",
            "cashAndShortTermInvestments": "132798000",
            "totalCurrentLiabilities": "395937000",
            "currentDebt": "None",
            "netIncome": "10229000",
            "capitalExpenditures": "2318000",
            "operatingCashflow": "19002000",
            "grossProfit": "29235000",
            "totalRevenue": "77059000",
            "sentiment": 0,
            "surprise": "0.01",
            "closePrice": "5.928"
        },
        {
            "fiscalDateEnding": "2017-06-30",
            "totalCurrentAssets": "515318000",
            "cashAndShortTermInvestments": "115859000",
            "totalCurrentLiabilities": "311509000",
            "currentDebt": "None",
            "netIncome": "18849000",
            "capitalExpenditures": "4269000",
            "operatingCashflow": "36856000",
            "grossProfit": "30526000",
            "totalRevenue": "71501000",
            "sentiment": 0,
            "surprise": "0.03",
            "closePrice": "5.006"
        },
        {
            "fiscalDateEnding": "2017-03-31",
            "totalCurrentAssets": "432681000",
            "cashAndShortTermInvestments": "106573000",
            "totalCurrentLiabilities": "252895000",
            "currentDebt": "None",
            "netIncome": "4909000",
            "capitalExpenditures": "4249000",
            "operatingCashflow": "-30820000",
            "grossProfit": "11605000",
            "totalRevenue": "52560000",
            "sentiment": 0,
            "surprise": "0.0186",
            "closePrice": "3.989"
        },
        {
            "fiscalDateEnding": "2016-12-31",
            "totalCurrentAssets": "516403000",
            "cashAndShortTermInvestments": "133400000",
            "totalCurrentLiabilities": "344136000",
            "currentDebt": "None",
            "netIncome": "10280000",
            "capitalExpenditures": "3909000",
            "operatingCashflow": "-2943000",
            "grossProfit": "30183000",
            "totalRevenue": "71337000",
            "sentiment": 0,
            "surprise": "0.01",
            "closePrice": "3.336"
        },
        {
            "fiscalDateEnding": "2016-09-30",
            "totalCurrentAssets": "403512000",
            "cashAndShortTermInvestments": "123968000",
            "totalCurrentLiabilities": "220922000",
            "currentDebt": "721000",
            "netIncome": "3644000",
            "capitalExpenditures": "2184000",
            "operatingCashflow": "8297000",
            "grossProfit": "20909000",
            "totalRevenue": "51522000",
            "sentiment": 0,
            "surprise": "0",
            "closePrice": "2.343"
        }
    ]
}