{
    "TTMI": [
        {
            "fiscalDateEnding": "2023-12-31",
            "totalCurrentAssets": "1429687000",
            "cashAndShortTermInvestments": "450208000",
            "totalCurrentLiabilities": "703984000",
            "currentDebt": "3500000",
            "netIncome": "17338000",
            "capitalExpenditures": "46075000",
            "operatingCashflow": "47470000",
            "grossProfit": "115368000",
            "totalRevenue": "2793562000",
            "sentiment": 0.39003466026627764,
            "surprise": "0.05",
            "closePrice": "14.46"
        },
        {
            "fiscalDateEnding": "2023-09-30",
            "totalCurrentAssets": "1353236000",
            "cashAndShortTermInvestments": "408331000",
            "totalCurrentLiabilities": "688286000",
            "currentDebt": "2625000",
            "netIncome": "-37066000",
            "capitalExpenditures": "33700000",
            "operatingCashflow": "58852000",
            "grossProfit": "113270000",
            "totalRevenue": "562481000",
            "sentiment": 0.3431513340692701,
            "surprise": "0.16",
            "closePrice": "12.92"
        },
        {
            "fiscalDateEnding": "2023-06-30",
            "totalCurrentAssets": "1336054000",
            "cashAndShortTermInvestments": "398716000",
            "totalCurrentLiabilities": "602384000",
            "currentDebt": "3500000",
            "netIncome": "6824000",
            "capitalExpenditures": "49465000",
            "operatingCashflow": "25884000",
            "grossProfit": "98507000",
            "totalRevenue": "533443000",
            "sentiment": 0.2763613548970152,
            "surprise": "0.12",
            "closePrice": "14.66"
        },
        {
            "fiscalDateEnding": "2023-03-31",
            "totalCurrentAssets": "1378103000",
            "cashAndShortTermInvestments": "417452000",
            "totalCurrentLiabilities": "627751000",
            "currentDebt": "None",
            "netIncome": "-5814000",
            "capitalExpenditures": "31002000",
            "operatingCashflow": "55078000",
            "grossProfit": "86123000",
            "totalRevenue": "544437000",
            "sentiment": 0.2663533059370521,
            "surprise": "-0.01",
            "closePrice": "11.42"
        },
        {
            "fiscalDateEnding": "2022-12-31",
            "totalCurrentAssets": "1493056000",
            "cashAndShortTermInvestments": "402749000",
            "totalCurrentLiabilities": "761325000",
            "currentDebt": "50000000",
            "netIncome": "6017000",
            "capitalExpenditures": "26639000",
            "operatingCashflow": "77559000",
            "grossProfit": "121402000",
            "totalRevenue": "3164307804",
            "sentiment": 0.26646761033957767,
            "surprise": "0.03",
            "closePrice": "15.8"
        },
        {
            "fiscalDateEnding": "2022-09-30",
            "totalCurrentAssets": "1439228000",
            "cashAndShortTermInvestments": "335625000",
            "totalCurrentLiabilities": "742890000",
            "currentDebt": "None",
            "netIncome": "43528000",
            "capitalExpenditures": "26318000",
            "operatingCashflow": "80006000",
            "grossProfit": "128567000",
            "totalRevenue": "660141000",
            "sentiment": 0.36507857877899497,
            "surprise": "0.13",
            "closePrice": "15.0"
        },
        {
            "fiscalDateEnding": "2022-06-30",
            "totalCurrentAssets": "1380883000",
            "cashAndShortTermInvestments": "266546000",
            "totalCurrentLiabilities": "722309000",
            "currentDebt": "None",
            "netIncome": "27792000",
            "capitalExpenditures": "26482000",
            "operatingCashflow": "79317000",
            "grossProfit": "117073000",
            "totalRevenue": "614839000",
            "sentiment": -0.000929936297363737,
            "surprise": "0.21",
            "closePrice": "13.51"
        },
        {
            "fiscalDateEnding": "2022-03-31",
            "totalCurrentAssets": "1434183000",
            "cashAndShortTermInvestments": "519079000",
            "totalCurrentLiabilities": "586566000",
            "currentDebt": "None",
            "netIncome": "17246000",
            "capitalExpenditures": "23445000",
            "operatingCashflow": "35991000",
            "grossProfit": "90923000",
            "totalRevenue": "569899000",
            "sentiment": 0.02725,
            "surprise": "0.01",
            "closePrice": "14.52"
        },
        {
            "fiscalDateEnding": "2021-12-31",
            "totalCurrentAssets": "1407413000",
            "cashAndShortTermInvestments": "537678000",
            "totalCurrentLiabilities": "558148000",
            "currentDebt": "698000",
            "netIncome": "8387000",
            "capitalExpenditures": "19865000",
            "operatingCashflow": "62369000",
            "grossProfit": "97322000",
            "totalRevenue": "2829988000",
            "sentiment": 0,
            "surprise": "0.03",
            "closePrice": "14.33"
        },
        {
            "fiscalDateEnding": "2021-09-30",
            "totalCurrentAssets": "1423348000",
            "cashAndShortTermInvestments": "529816000",
            "totalCurrentLiabilities": "567442000",
            "currentDebt": "639000",
            "netIncome": "20958000",
            "capitalExpenditures": "17450000",
            "operatingCashflow": "16209000",
            "grossProfit": "93179000",
            "totalRevenue": "545637000",
            "sentiment": 0,
            "surprise": "0",
            "closePrice": "13.6"
        },
        {
            "fiscalDateEnding": "2021-06-30",
            "totalCurrentAssets": "1404515000",
            "cashAndShortTermInvestments": "558291000",
            "totalCurrentLiabilities": "554750000",
            "currentDebt": "None",
            "netIncome": "28261000",
            "capitalExpenditures": "22839000",
            "operatingCashflow": "56909000",
            "grossProfit": "99910000",
            "totalRevenue": "556304000",
            "sentiment": 0,
            "surprise": "0.06",
            "closePrice": "13.81"
        },
        {
            "fiscalDateEnding": "2021-03-31",
            "totalCurrentAssets": "1332639000",
            "cashAndShortTermInvestments": "539648000",
            "totalCurrentLiabilities": "509154000",
            "currentDebt": "None",
            "netIncome": "-3192000",
            "capitalExpenditures": "21797000",
            "operatingCashflow": "41145000",
            "grossProfit": "81600000",
            "totalRevenue": "499826000",
            "sentiment": 0,
            "surprise": "0",
            "closePrice": "15.21"
        },
        {
            "fiscalDateEnding": "2020-12-31",
            "totalCurrentAssets": "1248758000",
            "cashAndShortTermInvestments": "451565000",
            "totalCurrentLiabilities": "518046000",
            "currentDebt": "None",
            "netIncome": "38960000",
            "capitalExpenditures": "19247000",
            "operatingCashflow": "55491000",
            "grossProfit": "87973000",
            "totalRevenue": "2604082000",
            "sentiment": 0,
            "surprise": "0.12",
            "closePrice": "13.63"
        },
        {
            "fiscalDateEnding": "2020-09-30",
            "totalCurrentAssets": "1486177000",
            "cashAndShortTermInvestments": "413310000",
            "totalCurrentLiabilities": "787322000",
            "currentDebt": "249975000",
            "netIncome": "-41451000",
            "capitalExpenditures": "29143000",
            "operatingCashflow": "84776000",
            "grossProfit": "89278000",
            "totalRevenue": "493372000",
            "sentiment": 0,
            "surprise": "0.06",
            "closePrice": "11.795"
        },
        {
            "fiscalDateEnding": "2020-06-30",
            "totalCurrentAssets": "1871912000",
            "cashAndShortTermInvestments": "694668000",
            "totalCurrentLiabilities": "1197457000",
            "currentDebt": "649975000",
            "netIncome": "181200000",
            "capitalExpenditures": "22448000",
            "operatingCashflow": "118996000",
            "grossProfit": "100430000",
            "totalRevenue": "551726000",
            "sentiment": 0,
            "surprise": "0.17",
            "closePrice": "12.43"
        },
        {
            "fiscalDateEnding": "2020-03-31",
            "totalCurrentAssets": "1751787000",
            "cashAndShortTermInvestments": "361992000",
            "totalCurrentLiabilities": "904363000",
            "currentDebt": "249975000",
            "netIncome": "-1174000",
            "capitalExpenditures": "32451000",
            "operatingCashflow": "27913000",
            "grossProfit": "81342000",
            "totalRevenue": "477865000",
            "sentiment": 0,
            "surprise": "0.12",
            "closePrice": "11.63"
        },
        {
            "fiscalDateEnding": "2019-12-31",
            "totalCurrentAssets": "1342684000",
            "cashAndShortTermInvestments": "400154000",
            "totalCurrentLiabilities": "946666000",
            "currentDebt": "249975000",
            "netIncome": "25259000",
            "capitalExpenditures": "47204000",
            "operatingCashflow": "130148000",
            "grossProfit": "100245000",
            "totalRevenue": "3387274000",
            "sentiment": 0,
            "surprise": "0.14",
            "closePrice": "15.08"
        },
        {
            "fiscalDateEnding": "2019-09-30",
            "totalCurrentAssets": "1277835000",
            "cashAndShortTermInvestments": "316589000",
            "totalCurrentLiabilities": "666673000",
            "currentDebt": "None",
            "netIncome": "15870000",
            "capitalExpenditures": "26273000",
            "operatingCashflow": "58742000",
            "grossProfit": "85258000",
            "totalRevenue": "696249000",
            "sentiment": 0,
            "surprise": "-0.01",
            "closePrice": "13.16"
        },
        {
            "fiscalDateEnding": "2019-06-30",
            "totalCurrentAssets": "1189686000",
            "cashAndShortTermInvestments": "284466000",
            "totalCurrentLiabilities": "623955000",
            "currentDebt": "None",
            "netIncome": "3424000",
            "capitalExpenditures": "35616000",
            "operatingCashflow": "86123000",
            "grossProfit": "92848000",
            "totalRevenue": "506324000",
            "sentiment": 0,
            "surprise": "0.03",
            "closePrice": "10.46"
        },
        {
            "fiscalDateEnding": "2019-03-31",
            "totalCurrentAssets": "1169549000",
            "cashAndShortTermInvestments": "235219000",
            "totalCurrentLiabilities": "607732000",
            "currentDebt": "None",
            "netIncome": "-3252000",
            "capitalExpenditures": "33483000",
            "operatingCashflow": "36924000",
            "grossProfit": "98826000",
            "totalRevenue": "515310000",
            "sentiment": 0,
            "surprise": "0.02",
            "closePrice": "13.14"
        },
        {
            "fiscalDateEnding": "2018-12-31",
            "totalCurrentAssets": "1206914000",
            "cashAndShortTermInvestments": "256360000",
            "totalCurrentLiabilities": "673214000",
            "currentDebt": "30000000",
            "netIncome": "52482000",
            "capitalExpenditures": "33740000",
            "operatingCashflow": "151768000",
            "grossProfit": "68267000",
            "totalRevenue": "3539220000",
            "sentiment": 0,
            "surprise": "0.05",
            "closePrice": "12.09"
        },
        {
            "fiscalDateEnding": "2018-09-30",
            "totalCurrentAssets": "1233008000",
            "cashAndShortTermInvestments": "207952000",
            "totalCurrentLiabilities": "695276000",
            "currentDebt": "40000000",
            "netIncome": "27001000",
            "capitalExpenditures": "35049000",
            "operatingCashflow": "79992000",
            "grossProfit": "129584000",
            "totalRevenue": "733612000",
            "sentiment": 0,
            "surprise": "0.05",
            "closePrice": "13.53"
        },
        {
            "fiscalDateEnding": "2018-06-30",
            "totalCurrentAssets": "1202639000",
            "cashAndShortTermInvestments": "204100000",
            "totalCurrentLiabilities": "689276000",
            "currentDebt": "40729000",
            "netIncome": "84004000",
            "capitalExpenditures": "39146000",
            "operatingCashflow": "55639000",
            "grossProfit": "116140000",
            "totalRevenue": "696434000",
            "sentiment": 0,
            "surprise": "0.11",
            "closePrice": "17.52"
        },
        {
            "fiscalDateEnding": "2018-03-31",
            "totalCurrentAssets": "1247594000",
            "cashAndShortTermInvestments": "352576000",
            "totalCurrentLiabilities": "677528000",
            "currentDebt": "4616000",
            "netIncome": "10097000",
            "capitalExpenditures": "42192000",
            "operatingCashflow": "-14261000",
            "grossProfit": "88678000",
            "totalRevenue": "649835000",
            "sentiment": 0,
            "surprise": "0",
            "closePrice": "14.54"
        },
        {
            "fiscalDateEnding": "2017-12-31",
            "totalCurrentAssets": "1221307000",
            "cashAndShortTermInvestments": "409326000",
            "totalCurrentLiabilities": "720356000",
            "currentDebt": "4578000",
            "netIncome": "49211000",
            "capitalExpenditures": "32412000",
            "operatingCashflow": "152691000",
            "grossProfit": "131861000",
            "totalRevenue": "3361435000",
            "sentiment": 0,
            "surprise": "0.05",
            "closePrice": "15.48"
        },
        {
            "fiscalDateEnding": "2017-09-30",
            "totalCurrentAssets": "1110961000",
            "cashAndShortTermInvestments": "301934000",
            "totalCurrentLiabilities": "672783000",
            "currentDebt": "4184000",
            "netIncome": "21453000",
            "capitalExpenditures": "31827000",
            "operatingCashflow": "71366000",
            "grossProfit": "96834000",
            "totalRevenue": "652448000",
            "sentiment": 0,
            "surprise": "0.01",
            "closePrice": "15.8"
        },
        {
            "fiscalDateEnding": "2017-06-30",
            "totalCurrentAssets": "1025261000",
            "cashAndShortTermInvestments": "246947000",
            "totalCurrentLiabilities": "722675000",
            "currentDebt": "110669000",
            "netIncome": "20591000",
            "capitalExpenditures": "53847000",
            "operatingCashflow": "15442000",
            "grossProfit": "95867000",
            "totalRevenue": "614260000",
            "sentiment": 0,
            "surprise": "-0.04",
            "closePrice": "17.21"
        },
        {
            "fiscalDateEnding": "2017-03-31",
            "totalCurrentAssets": "1027291000",
            "cashAndShortTermInvestments": "282871000",
            "totalCurrentLiabilities": "721580000",
            "currentDebt": "160658000",
            "netIncome": "32959000",
            "capitalExpenditures": "33259000",
            "operatingCashflow": "82947000",
            "grossProfit": "105019000",
            "totalRevenue": "611651000",
            "sentiment": 0,
            "surprise": "0.09",
            "closePrice": "16.06"
        },
        {
            "fiscalDateEnding": "2016-12-31",
            "totalCurrentAssets": "1012841000",
            "cashAndShortTermInvestments": "256277000",
            "totalCurrentLiabilities": "689065000",
            "currentDebt": "110652000",
            "netIncome": "-2005000",
            "capitalExpenditures": "22619000",
            "operatingCashflow": "-69545000",
            "grossProfit": "132845000",
            "totalRevenue": "658029000",
            "sentiment": 0,
            "surprise": "0.13",
            "closePrice": "15.57"
        },
        {
            "fiscalDateEnding": "2016-09-30",
            "totalCurrentAssets": "1055988000",
            "cashAndShortTermInvestments": "291783000",
            "totalCurrentLiabilities": "746867000",
            "currentDebt": "146473000",
            "netIncome": "25582000",
            "capitalExpenditures": "24221000",
            "operatingCashflow": "28569000",
            "grossProfit": "109562000",
            "totalRevenue": "622847000",
            "sentiment": 0,
            "surprise": "0.07",
            "closePrice": "11.36"
        },
        {
            "fiscalDateEnding": "2016-06-30",
            "totalCurrentAssets": "941975000",
            "cashAndShortTermInvestments": "216151000",
            "totalCurrentLiabilities": "622489000",
            "currentDebt": "80358000",
            "netIncome": "18548000",
            "capitalExpenditures": "18183000",
            "operatingCashflow": "21610000",
            "grossProfit": "97645000",
            "totalRevenue": "581763000",
            "sentiment": 0,
            "surprise": "0.1",
            "closePrice": "8.5"
        },
        {
            "fiscalDateEnding": "2016-03-31",
            "totalCurrentAssets": "908210000",
            "cashAndShortTermInvestments": "183678000",
            "totalCurrentLiabilities": "598406000",
            "currentDebt": "80358000",
            "netIncome": "-7264000",
            "capitalExpenditures": "20116000",
            "operatingCashflow": "22156000",
            "grossProfit": "83563000",
            "totalRevenue": "561474000",
            "sentiment": 0,
            "surprise": "0.05",
            "closePrice": "6.6"
        },
        {
            "fiscalDateEnding": "2015-12-31",
            "totalCurrentAssets": "1022520000",
            "cashAndShortTermInvestments": "262630000",
            "totalCurrentLiabilities": "744994000",
            "currentDebt": "157375000",
            "netIncome": "9521000",
            "capitalExpenditures": "23049000",
            "operatingCashflow": "272175000",
            "grossProfit": "108270000",
            "totalRevenue": "654204000",
            "sentiment": 0,
            "surprise": "0.07",
            "closePrice": "5.34"
        },
        {
            "fiscalDateEnding": "2015-09-30",
            "totalCurrentAssets": "980733000",
            "cashAndShortTermInvestments": "150118000",
            "totalCurrentLiabilities": "660018000",
            "currentDebt": "89500000",
            "netIncome": "-2237000",
            "capitalExpenditures": "30413000",
            "operatingCashflow": "534000",
            "grossProfit": "89118000",
            "totalRevenue": "631003000",
            "sentiment": 0,
            "surprise": "0.07",
            "closePrice": "7.19"
        },
        {
            "fiscalDateEnding": "2015-06-30",
            "totalCurrentAssets": "982609000",
            "cashAndShortTermInvestments": "170969000",
            "totalCurrentLiabilities": "671565000",
            "currentDebt": "87126000",
            "netIncome": "-36612000",
            "capitalExpenditures": "23687000",
            "operatingCashflow": "-34269000",
            "grossProfit": "61190000",
            "totalRevenue": "431865000",
            "sentiment": 0,
            "surprise": "0.03",
            "closePrice": "9.04"
        },
        {
            "fiscalDateEnding": "2015-03-31",
            "totalCurrentAssets": "730453000",
            "cashAndShortTermInvestments": "282968000",
            "totalCurrentLiabilities": "456608000",
            "currentDebt": "96202000",
            "netIncome": "3446000",
            "capitalExpenditures": "22776000",
            "operatingCashflow": "135338000",
            "grossProfit": "51559000",
            "totalRevenue": "323399000",
            "sentiment": 0,
            "surprise": "0.01",
            "closePrice": "9.21"
        },
        {
            "fiscalDateEnding": "2014-12-31",
            "totalCurrentAssets": "798123000",
            "cashAndShortTermInvestments": "279042000",
            "totalCurrentLiabilities": "496012000",
            "currentDebt": "128045000",
            "netIncome": "13938000",
            "capitalExpenditures": "26227000",
            "operatingCashflow": "102879000",
            "grossProfit": "68475000",
            "totalRevenue": "385065000",
            "sentiment": 0,
            "surprise": "0.03",
            "closePrice": "7.07"
        },
        {
            "fiscalDateEnding": "2014-09-30",
            "totalCurrentAssets": "718081000",
            "cashAndShortTermInvestments": "248708000",
            "totalCurrentLiabilities": "466747000",
            "currentDebt": "96205000",
            "netIncome": "7658000",
            "capitalExpenditures": "29485000",
            "operatingCashflow": "9612000",
            "grossProfit": "49108000",
            "totalRevenue": "337044000",
            "sentiment": 0,
            "surprise": "-0.01",
            "closePrice": "6.01"
        },
        {
            "fiscalDateEnding": "2014-06-30",
            "totalCurrentAssets": "707223000",
            "cashAndShortTermInvestments": "282043000",
            "totalCurrentLiabilities": "403341000",
            "currentDebt": "96205000",
            "netIncome": "-3104000",
            "capitalExpenditures": "24998000",
            "operatingCashflow": "923000",
            "grossProfit": "38600000",
            "totalRevenue": "292152000",
            "sentiment": 0,
            "surprise": "0",
            "closePrice": "8.0"
        },
        {
            "fiscalDateEnding": "2014-03-31",
            "totalCurrentAssets": "719366000",
            "cashAndShortTermInvestments": "317993000",
            "totalCurrentLiabilities": "392485000",
            "currentDebt": "96205000",
            "netIncome": "-3799000",
            "capitalExpenditures": "28914000",
            "operatingCashflow": "45376000",
            "grossProfit": "38506000",
            "totalRevenue": "285705000",
            "sentiment": 0,
            "surprise": "0",
            "closePrice": "7.89"
        },
        {
            "fiscalDateEnding": "2013-12-31",
            "totalCurrentAssets": "804991000",
            "cashAndShortTermInvestments": "330554000",
            "totalCurrentLiabilities": "458003000",
            "currentDebt": "96204000",
            "netIncome": "11296000",
            "capitalExpenditures": "48062000",
            "operatingCashflow": "11940000",
            "grossProfit": "70217000",
            "totalRevenue": "353587000",
            "sentiment": 0,
            "surprise": "0.05",
            "closePrice": "7.92"
        },
        {
            "fiscalDateEnding": "2013-09-30",
            "totalCurrentAssets": "718955000",
            "cashAndShortTermInvestments": "270534000",
            "totalCurrentLiabilities": "452141000",
            "currentDebt": "96204000",
            "netIncome": "-7708000",
            "capitalExpenditures": "33603000",
            "operatingCashflow": "-9582000",
            "grossProfit": "48439000",
            "totalRevenue": "333196000",
            "sentiment": 0,
            "surprise": "-0.03",
            "closePrice": "9.82"
        },
        {
            "fiscalDateEnding": "2013-06-30",
            "totalCurrentAssets": "729573000",
            "cashAndShortTermInvestments": "230503000",
            "totalCurrentLiabilities": "405171000",
            "currentDebt": "48104000",
            "netIncome": "13137000",
            "capitalExpenditures": "34937000",
            "operatingCashflow": "58663000",
            "grossProfit": "48457000",
            "totalRevenue": "332107000",
            "sentiment": 0,
            "surprise": "-0.02",
            "closePrice": "9.23"
        },
        {
            "fiscalDateEnding": "2013-03-31",
            "totalCurrentAssets": "760412000",
            "cashAndShortTermInvestments": "284091000",
            "totalCurrentLiabilities": "399374000",
            "currentDebt": "78104000",
            "netIncome": "5152000",
            "capitalExpenditures": "11669000",
            "operatingCashflow": "10367000",
            "grossProfit": "50730000",
            "totalRevenue": "319060000",
            "sentiment": 0,
            "surprise": "0.04",
            "closePrice": "7.09"
        },
        {
            "fiscalDateEnding": "2012-12-31",
            "totalCurrentAssets": "765612000",
            "cashAndShortTermInvestments": "285433000",
            "totalCurrentLiabilities": "369880000",
            "currentDebt": "30004000",
            "netIncome": "13742000",
            "capitalExpenditures": "70648000",
            "operatingCashflow": "66749000",
            "grossProfit": "61514000",
            "totalRevenue": "378535000",
            "sentiment": 0,
            "surprise": "0.05",
            "closePrice": "8.13"
        },
        {
            "fiscalDateEnding": "2012-09-30",
            "totalCurrentAssets": "780483000",
            "cashAndShortTermInvestments": "280796000",
            "totalCurrentLiabilities": "395043000",
            "currentDebt": "41215000",
            "netIncome": "-208342000",
            "capitalExpenditures": "30206000",
            "operatingCashflow": "43507000",
            "grossProfit": "52316000",
            "totalRevenue": "327055000",
            "sentiment": 0,
            "surprise": "0.1",
            "closePrice": "9.3"
        },
        {
            "fiscalDateEnding": "2012-06-30",
            "totalCurrentAssets": "723975000",
            "cashAndShortTermInvestments": "248486000",
            "totalCurrentLiabilities": "441585000",
            "currentDebt": "111760000",
            "netIncome": "7410000",
            "capitalExpenditures": "32999000",
            "operatingCashflow": "38805000",
            "grossProfit": "54691000",
            "totalRevenue": "321043000",
            "sentiment": 0,
            "surprise": "-0.06",
            "closePrice": "10.94"
        },
        {
            "fiscalDateEnding": "2012-03-31",
            "totalCurrentAssets": "681300000",
            "cashAndShortTermInvestments": "223764000",
            "totalCurrentLiabilities": "417237000",
            "currentDebt": "120952000",
            "netIncome": "12595000",
            "capitalExpenditures": "26701000",
            "operatingCashflow": "33504000",
            "grossProfit": "56478000",
            "totalRevenue": "294045000",
            "sentiment": 0,
            "surprise": "0",
            "closePrice": "10.35"
        },
        {
            "fiscalDateEnding": "2011-12-31",
            "totalCurrentAssets": "671534000",
            "cashAndShortTermInvestments": "196052000",
            "totalCurrentLiabilities": "437140000",
            "currentDebt": "120882000",
            "netIncome": "11170000",
            "capitalExpenditures": "21806000",
            "operatingCashflow": "31897000",
            "grossProfit": "71378000",
            "totalRevenue": "359248000",
            "sentiment": 0,
            "surprise": "0.04",
            "closePrice": "13.46"
        },
        {
            "fiscalDateEnding": "2011-09-30",
            "totalCurrentAssets": "696681000",
            "cashAndShortTermInvestments": "207666000",
            "totalCurrentLiabilities": "486020000",
            "currentDebt": "120777000",
            "netIncome": "24478000",
            "capitalExpenditures": "28321000",
            "operatingCashflow": "42593000",
            "grossProfit": "70674000",
            "totalRevenue": "351527000",
            "sentiment": 0,
            "surprise": "0",
            "closePrice": "10.86"
        },
        {
            "fiscalDateEnding": "2011-06-30",
            "totalCurrentAssets": "715866000",
            "cashAndShortTermInvestments": "235898000",
            "totalCurrentLiabilities": "487160000",
            "currentDebt": "123171000",
            "netIncome": "-20903000",
            "capitalExpenditures": "44483000",
            "operatingCashflow": "67770000",
            "grossProfit": "77335000",
            "totalRevenue": "366117000",
            "sentiment": 0,
            "surprise": "0",
            "closePrice": "12.34"
        }
    ]
}