{
    "TXN": [
        {
            "fiscalDateEnding": "2023-12-31",
            "totalCurrentAssets": "15122000000",
            "cashAndShortTermInvestments": "8575000000",
            "totalCurrentLiabilities": "3320000000",
            "currentDebt": "599000000",
            "netIncome": "1371000000",
            "capitalExpenditures": "1148000000",
            "operatingCashflow": "1924000000",
            "grossProfit": "2431000000",
            "totalRevenue": "4066000000",
            "sentiment": 0.15623649596960457,
            "surprise": "0.02",
            "closePrice": "159.69"
        },
        {
            "fiscalDateEnding": "2023-09-30",
            "totalCurrentAssets": "15097000000",
            "cashAndShortTermInvestments": "8948000000",
            "totalCurrentLiabilities": "2652000000",
            "currentDebt": "300000000",
            "netIncome": "1709000000",
            "capitalExpenditures": "1495000000",
            "operatingCashflow": "1937000000",
            "grossProfit": "2815000000",
            "totalRevenue": "4532000000",
            "sentiment": 0.12970419447051662,
            "surprise": "0.03",
            "closePrice": "144.414536137975"
        },
        {
            "fiscalDateEnding": "2023-06-30",
            "totalCurrentAssets": "15514000000",
            "cashAndShortTermInvestments": "9552000000",
            "totalCurrentLiabilities": "2711000000",
            "currentDebt": "299000000",
            "netIncome": "1722000000",
            "capitalExpenditures": "1446000000",
            "operatingCashflow": "1399000000",
            "grossProfit": "2910000000",
            "totalRevenue": "4531000000",
            "sentiment": 0.20097445527486066,
            "surprise": "0.11",
            "closePrice": "181.643970643247"
        },
        {
            "fiscalDateEnding": "2023-03-31",
            "totalCurrentAssets": "15023000000",
            "cashAndShortTermInvestments": "9545000000",
            "totalCurrentLiabilities": "2904000000",
            "currentDebt": "500000000",
            "netIncome": "1708000000",
            "capitalExpenditures": "982000000",
            "operatingCashflow": "1160000000",
            "grossProfit": "2863000000",
            "totalRevenue": "4379000000",
            "sentiment": 0.20223810994956382,
            "surprise": "0.07",
            "closePrice": "164.124528390237"
        },
        {
            "fiscalDateEnding": "2022-12-31",
            "totalCurrentAssets": "14021000000",
            "cashAndShortTermInvestments": "9067000000",
            "totalCurrentLiabilities": "2985000000",
            "currentDebt": "500000000",
            "netIncome": "1962000000",
            "capitalExpenditures": "967000000",
            "operatingCashflow": "2042000000",
            "grossProfit": "3087000000",
            "totalRevenue": "4670000000",
            "sentiment": 0.21938041086127708,
            "surprise": "0.15",
            "closePrice": "170.316877170647"
        },
        {
            "fiscalDateEnding": "2022-09-30",
            "totalCurrentAssets": "13772000000",
            "cashAndShortTermInvestments": "9090000000",
            "totalCurrentLiabilities": "2798000000",
            "currentDebt": "499000000",
            "netIncome": "2295000000",
            "capitalExpenditures": "790000000",
            "operatingCashflow": "2766000000",
            "grossProfit": "3617000000",
            "totalRevenue": "5241000000",
            "sentiment": 0.2295141657119439,
            "surprise": "0.06",
            "closePrice": "154.812264844542"
        },
        {
            "fiscalDateEnding": "2022-06-30",
            "totalCurrentAssets": "13043000000",
            "cashAndShortTermInvestments": "8387000000",
            "totalCurrentLiabilities": "2560000000",
            "currentDebt": "499000000",
            "netIncome": "2291000000",
            "capitalExpenditures": "597000000",
            "operatingCashflow": "1768000000",
            "grossProfit": "3625000000",
            "totalRevenue": "5212000000",
            "sentiment": 0.022147068303399686,
            "surprise": "0.33",
            "closePrice": "152.571267010252"
        },
        {
            "fiscalDateEnding": "2022-03-31",
            "totalCurrentAssets": "14010000000",
            "cashAndShortTermInvestments": "9825000000",
            "totalCurrentLiabilities": "2528000000",
            "currentDebt": "500000000",
            "netIncome": "2201000000",
            "capitalExpenditures": "443000000",
            "operatingCashflow": "2144000000",
            "grossProfit": "3442000000",
            "totalRevenue": "4905000000",
            "sentiment": 0.0335894156499898,
            "surprise": "0.17",
            "closePrice": "158.690709806891"
        },
        {
            "fiscalDateEnding": "2021-12-31",
            "totalCurrentAssets": "13685000000",
            "cashAndShortTermInvestments": "9739000000",
            "totalCurrentLiabilities": "2569000000",
            "currentDebt": "500000000",
            "netIncome": "2138000000",
            "capitalExpenditures": "1282000000",
            "operatingCashflow": "2357000000",
            "grossProfit": "3350000000",
            "totalRevenue": "4832000000",
            "sentiment": 0,
            "surprise": "0.33",
            "closePrice": "162.834975963743"
        },
        {
            "fiscalDateEnding": "2021-09-30",
            "totalCurrentAssets": "13585000000",
            "cashAndShortTermInvestments": "9782000000",
            "totalCurrentLiabilities": "2413000000",
            "currentDebt": "500000000",
            "netIncome": "1947000000",
            "capitalExpenditures": "486000000",
            "operatingCashflow": "2428000000",
            "grossProfit": "3152000000",
            "totalRevenue": "4643000000",
            "sentiment": 0,
            "surprise": "0.02",
            "closePrice": "183.258703025495"
        },
        {
            "fiscalDateEnding": "2021-06-30",
            "totalCurrentAssets": "11177000000",
            "cashAndShortTermInvestments": "7390000000",
            "totalCurrentLiabilities": "2201000000",
            "currentDebt": "499000000",
            "netIncome": "1931000000",
            "capitalExpenditures": "386000000",
            "operatingCashflow": "2121000000",
            "grossProfit": "3077000000",
            "totalRevenue": "4580000000",
            "sentiment": 0,
            "surprise": "0.22",
            "closePrice": "179.728442878624"
        },
        {
            "fiscalDateEnding": "2021-03-31",
            "totalCurrentAssets": "10405000000",
            "cashAndShortTermInvestments": "6686000000",
            "totalCurrentLiabilities": "1700000000",
            "currentDebt": "None",
            "netIncome": "1753000000",
            "capitalExpenditures": "308000000",
            "operatingCashflow": "1850000000",
            "grossProfit": "2797000000",
            "totalRevenue": "4289000000",
            "sentiment": 0,
            "surprise": "0.27",
            "closePrice": "175.010597065166"
        },
        {
            "fiscalDateEnding": "2020-12-31",
            "totalCurrentAssets": "10239000000",
            "cashAndShortTermInvestments": "6568000000",
            "totalCurrentLiabilities": "2390000000",
            "currentDebt": "550000000",
            "netIncome": "1688000000",
            "capitalExpenditures": "212000000",
            "operatingCashflow": "2125000000",
            "grossProfit": "2646000000",
            "totalRevenue": "4076000000",
            "sentiment": 0,
            "surprise": "0.3",
            "closePrice": "156.802793366582"
        },
        {
            "fiscalDateEnding": "2020-09-30",
            "totalCurrentAssets": "9259000000",
            "cashAndShortTermInvestments": "5518000000",
            "totalCurrentLiabilities": "2185000000",
            "currentDebt": "550000000",
            "netIncome": "1353000000",
            "capitalExpenditures": "146000000",
            "operatingCashflow": "1443000000",
            "grossProfit": "2453000000",
            "totalRevenue": "3817000000",
            "sentiment": 0,
            "surprise": "0.17",
            "closePrice": "136.97261015146"
        },
        {
            "fiscalDateEnding": "2020-06-30",
            "totalCurrentAssets": "8488000000",
            "cashAndShortTermInvestments": "4960000000",
            "totalCurrentLiabilities": "2163000000",
            "currentDebt": "551000000",
            "netIncome": "1380000000",
            "capitalExpenditures": "130000000",
            "operatingCashflow": "1720000000",
            "grossProfit": "2082000000",
            "totalRevenue": "3239000000",
            "sentiment": 0,
            "surprise": "0.6",
            "closePrice": "122.179735309942"
        },
        {
            "fiscalDateEnding": "2020-03-31",
            "totalCurrentAssets": "8310000000",
            "cashAndShortTermInvestments": "4742000000",
            "totalCurrentLiabilities": "2381000000",
            "currentDebt": "1051000000",
            "netIncome": "1174000000",
            "capitalExpenditures": "161000000",
            "operatingCashflow": "851000000",
            "grossProfit": "2088000000",
            "totalRevenue": "3329000000",
            "sentiment": 0,
            "surprise": "0.24",
            "closePrice": "95.5673831146061"
        },
        {
            "fiscalDateEnding": "2019-12-31",
            "totalCurrentAssets": "8761000000",
            "cashAndShortTermInvestments": "5387000000",
            "totalCurrentLiabilities": "2123000000",
            "currentDebt": "573000000",
            "netIncome": "1070000000",
            "capitalExpenditures": "163000000",
            "operatingCashflow": "1754000000",
            "grossProfit": "2097000000",
            "totalRevenue": "3350000000",
            "sentiment": 0,
            "surprise": "0.1",
            "closePrice": "118.414824671177"
        },
        {
            "fiscalDateEnding": "2019-09-30",
            "totalCurrentAssets": "8713000000",
            "cashAndShortTermInvestments": "5067000000",
            "totalCurrentLiabilities": "2007000000",
            "currentDebt": "573000000",
            "netIncome": "1425000000",
            "capitalExpenditures": "149000000",
            "operatingCashflow": "1992000000",
            "grossProfit": "2446000000",
            "totalRevenue": "3771000000",
            "sentiment": 0,
            "surprise": "0.07",
            "closePrice": "113.312953962157"
        },
        {
            "fiscalDateEnding": "2019-06-30",
            "totalCurrentAssets": "7956000000",
            "cashAndShortTermInvestments": "4218000000",
            "totalCurrentLiabilities": "2646000000",
            "currentDebt": "1249000000",
            "netIncome": "1305000000",
            "capitalExpenditures": "284000000",
            "operatingCashflow": "1796000000",
            "grossProfit": "2360000000",
            "totalRevenue": "3668000000",
            "sentiment": 0,
            "surprise": "0.14",
            "closePrice": "105.191491249502"
        },
        {
            "fiscalDateEnding": "2019-03-31",
            "totalCurrentAssets": "7951000000",
            "cashAndShortTermInvestments": "4086000000",
            "totalCurrentLiabilities": "2159000000",
            "currentDebt": "750000000",
            "netIncome": "1217000000",
            "capitalExpenditures": "251000000",
            "operatingCashflow": "1107000000",
            "grossProfit": "2261000000",
            "totalRevenue": "3594000000",
            "sentiment": 0,
            "surprise": "0.09",
            "closePrice": "101.294765147883"
        },
        {
            "fiscalDateEnding": "2018-12-31",
            "totalCurrentAssets": "8097000000",
            "cashAndShortTermInvestments": "4233000000",
            "totalCurrentLiabilities": "2474000000",
            "currentDebt": "749000000",
            "netIncome": "1239000000",
            "capitalExpenditures": "323000000",
            "operatingCashflow": "2145000000",
            "grossProfit": "2407000000",
            "totalRevenue": "3717000000",
            "sentiment": 0,
            "surprise": "0.03",
            "closePrice": "82.490667464599"
        },
        {
            "fiscalDateEnding": "2018-09-30",
            "totalCurrentAssets": "9468000000",
            "cashAndShortTermInvestments": "5113000000",
            "totalCurrentLiabilities": "2382000000",
            "currentDebt": "749000000",
            "netIncome": "1570000000",
            "capitalExpenditures": "370000000",
            "operatingCashflow": "2106000000",
            "grossProfit": "2804000000",
            "totalRevenue": "4261000000",
            "sentiment": 0,
            "surprise": "0.05",
            "closePrice": "85.891453993314"
        },
        {
            "fiscalDateEnding": "2018-06-30",
            "totalCurrentAssets": "9592000000",
            "cashAndShortTermInvestments": "5130000000",
            "totalCurrentLiabilities": "1466000000",
            "currentDebt": "None",
            "netIncome": "1405000000",
            "capitalExpenditures": "249000000",
            "operatingCashflow": "1826000000",
            "grossProfit": "2619000000",
            "totalRevenue": "4017000000",
            "sentiment": 0,
            "surprise": "0.08",
            "closePrice": "96.9587121840288"
        },
        {
            "fiscalDateEnding": "2018-03-31",
            "totalCurrentAssets": "8590000000",
            "cashAndShortTermInvestments": "4079000000",
            "totalCurrentLiabilities": "1860000000",
            "currentDebt": "500000000",
            "netIncome": "1366000000",
            "capitalExpenditures": "189000000",
            "operatingCashflow": "1112000000",
            "grossProfit": "2447000000",
            "totalRevenue": "3789000000",
            "sentiment": 0,
            "surprise": "0.24",
            "closePrice": "83.3611167798756"
        },
        {
            "fiscalDateEnding": "2017-12-31",
            "totalCurrentAssets": "8734000000",
            "cashAndShortTermInvestments": "4469000000",
            "totalCurrentLiabilities": "2258000000",
            "currentDebt": "500000000",
            "netIncome": "344000000",
            "capitalExpenditures": "231000000",
            "operatingCashflow": "1929000000",
            "grossProfit": "2440000000",
            "totalRevenue": "3750000000",
            "sentiment": 0,
            "surprise": "0",
            "closePrice": "100.976361624456"
        },
        {
            "fiscalDateEnding": "2017-09-30",
            "totalCurrentAssets": "7991000000",
            "cashAndShortTermInvestments": "3444000000",
            "totalCurrentLiabilities": "2055000000",
            "currentDebt": "499000000",
            "netIncome": "1285000000",
            "capitalExpenditures": "186000000",
            "operatingCashflow": "1722000000",
            "grossProfit": "2656000000",
            "totalRevenue": "4116000000",
            "sentiment": 0,
            "surprise": "0.14",
            "closePrice": "80.7048993525502"
        },
        {
            "fiscalDateEnding": "2017-06-30",
            "totalCurrentAssets": "7511000000",
            "cashAndShortTermInvestments": "2984000000",
            "totalCurrentLiabilities": "1877000000",
            "currentDebt": "499000000",
            "netIncome": "1056000000",
            "capitalExpenditures": "151000000",
            "operatingCashflow": "-144000000",
            "grossProfit": "2374000000",
            "totalRevenue": "3693000000",
            "sentiment": 0,
            "surprise": "0.07",
            "closePrice": "67.6924402009538"
        },
        {
            "fiscalDateEnding": "2017-03-31",
            "totalCurrentAssets": "7040000000",
            "cashAndShortTermInvestments": "3049000000",
            "totalCurrentLiabilities": "1602000000",
            "currentDebt": "378000000",
            "netIncome": "997000000",
            "capitalExpenditures": "127000000",
            "operatingCashflow": "656000000",
            "grossProfit": "2144000000",
            "totalRevenue": "3402000000",
            "sentiment": 0,
            "surprise": "0.02",
            "closePrice": "68.0779194424315"
        },
        {
            "fiscalDateEnding": "2016-12-31",
            "totalCurrentAssets": "7457000000",
            "cashAndShortTermInvestments": "3490000000",
            "totalCurrentLiabilities": "2264000000",
            "currentDebt": "631000000",
            "netIncome": "1047000000",
            "capitalExpenditures": "110000000",
            "operatingCashflow": "-1302000000",
            "grossProfit": "2137000000",
            "totalRevenue": "3414000000",
            "sentiment": 0,
            "surprise": "0.05",
            "closePrice": "63.307862746774"
        },
        {
            "fiscalDateEnding": "2016-09-30",
            "totalCurrentAssets": "7181000000",
            "cashAndShortTermInvestments": "3137000000",
            "totalCurrentLiabilities": "2170000000",
            "currentDebt": "634000000",
            "netIncome": "1018000000",
            "capitalExpenditures": "139000000",
            "operatingCashflow": "968000000",
            "grossProfit": "2284000000",
            "totalRevenue": "3675000000",
            "sentiment": 0,
            "surprise": "0.08",
            "closePrice": "58.4668022194382"
        },
        {
            "fiscalDateEnding": "2016-06-30",
            "totalCurrentAssets": "6689000000",
            "cashAndShortTermInvestments": "2539000000",
            "totalCurrentLiabilities": "1991000000",
            "currentDebt": "637000000",
            "netIncome": "819000000",
            "capitalExpenditures": "158000000",
            "operatingCashflow": "779000000",
            "grossProfit": "2007000000",
            "totalRevenue": "3273000000",
            "sentiment": 0,
            "surprise": "0.04",
            "closePrice": "53.7001194870477"
        },
        {
            "fiscalDateEnding": "2016-03-31",
            "totalCurrentAssets": "6659000000",
            "cashAndShortTermInvestments": "2800000000",
            "totalCurrentLiabilities": "2420000000",
            "currentDebt": "1249000000",
            "netIncome": "711000000",
            "capitalExpenditures": "124000000",
            "operatingCashflow": "1283000000",
            "grossProfit": "1829000000",
            "totalRevenue": "3008000000",
            "sentiment": 0,
            "surprise": "0.03",
            "closePrice": "48.2786390401966"
        },
        {
            "fiscalDateEnding": "2015-12-31",
            "totalCurrentAssets": "7074000000",
            "cashAndShortTermInvestments": "3218000000",
            "totalCurrentLiabilities": "2555000000",
            "currentDebt": "1000000000",
            "netIncome": "836000000",
            "capitalExpenditures": "164000000",
            "operatingCashflow": "1142000000",
            "grossProfit": "1866000000",
            "totalRevenue": "3174000000",
            "sentiment": 0,
            "surprise": "0.02",
            "closePrice": "40.5245649708984"
        },
        {
            "fiscalDateEnding": "2015-09-30",
            "totalCurrentAssets": "7289000000",
            "cashAndShortTermInvestments": "1133000000",
            "totalCurrentLiabilities": "2500000000",
            "currentDebt": "1000000000",
            "netIncome": "798000000",
            "capitalExpenditures": "139000000",
            "operatingCashflow": "798000000",
            "grossProfit": "1997000000",
            "totalRevenue": "3429000000",
            "sentiment": 0,
            "surprise": "0.08",
            "closePrice": "41.2411722455527"
        },
        {
            "fiscalDateEnding": "2015-06-30",
            "totalCurrentAssets": "8060000000",
            "cashAndShortTermInvestments": "3306000000",
            "totalCurrentLiabilities": "3193000000",
            "currentDebt": "1750000000",
            "netIncome": "696000000",
            "capitalExpenditures": "125000000",
            "operatingCashflow": "998000000",
            "grossProfit": "1881000000",
            "totalRevenue": "3232000000",
            "sentiment": 0,
            "surprise": "0",
            "closePrice": "38.9103383527809"
        },
        {
            "fiscalDateEnding": "2015-03-31",
            "totalCurrentAssets": "7692000000",
            "cashAndShortTermInvestments": "3304000000",
            "totalCurrentLiabilities": "2286000000",
            "currentDebt": "1000000000",
            "netIncome": "656000000",
            "capitalExpenditures": "123000000",
            "operatingCashflow": "1687000000",
            "grossProfit": "1816000000",
            "totalRevenue": "3150000000",
            "sentiment": 0,
            "surprise": "-0.01",
            "closePrice": "46.0687027022246"
        },
        {
            "fiscalDateEnding": "2014-12-31",
            "totalCurrentAssets": "7421000000",
            "cashAndShortTermInvestments": "3541000000",
            "totalCurrentLiabilities": "2658000000",
            "currentDebt": "1001000000",
            "netIncome": "825000000",
            "capitalExpenditures": "125000000",
            "operatingCashflow": "1100000000",
            "grossProfit": "1895000000",
            "totalRevenue": "3269000000",
            "sentiment": 0,
            "surprise": "0",
            "closePrice": "42.9115454731347"
        },
        {
            "fiscalDateEnding": "2014-09-30",
            "totalCurrentAssets": "7756000000",
            "cashAndShortTermInvestments": "3186000000",
            "totalCurrentLiabilities": "2643000000",
            "currentDebt": "1002000000",
            "netIncome": "826000000",
            "capitalExpenditures": "103000000",
            "operatingCashflow": "826000000",
            "grossProfit": "2044000000",
            "totalRevenue": "3501000000",
            "sentiment": 0,
            "surprise": "0.05",
            "closePrice": "34.3758190675022"
        },
        {
            "fiscalDateEnding": "2014-06-30",
            "totalCurrentAssets": "7456000000",
            "cashAndShortTermInvestments": "2804000000",
            "totalCurrentLiabilities": "1803000000",
            "currentDebt": "254000000",
            "netIncome": "683000000",
            "capitalExpenditures": "80000000",
            "operatingCashflow": "683000000",
            "grossProfit": "1881000000",
            "totalRevenue": "3292000000",
            "sentiment": 0,
            "surprise": "0.03",
            "closePrice": "37.8177478231053"
        },
        {
            "fiscalDateEnding": "2014-03-31",
            "totalCurrentAssets": "8360000000",
            "cashAndShortTermInvestments": "4032000000",
            "totalCurrentLiabilities": "2471000000",
            "currentDebt": "1000000000",
            "netIncome": "487000000",
            "capitalExpenditures": "77000000",
            "operatingCashflow": "462000000",
            "grossProfit": "1607000000",
            "totalRevenue": "2983000000",
            "sentiment": 0,
            "surprise": "0.01",
            "closePrice": "35.4991086028083"
        },
        {
            "fiscalDateEnding": "2013-12-31",
            "totalCurrentAssets": "8019000000",
            "cashAndShortTermInvestments": "3829000000",
            "totalCurrentLiabilities": "2747000000",
            "currentDebt": "1000000000",
            "netIncome": "511000000",
            "capitalExpenditures": "107000000",
            "operatingCashflow": "687000000",
            "grossProfit": "1640000000",
            "totalRevenue": "3028000000",
            "sentiment": 0,
            "surprise": "0",
            "closePrice": "33.2694653499046"
        },
        {
            "fiscalDateEnding": "2013-09-30",
            "totalCurrentAssets": "8101000000",
            "cashAndShortTermInvestments": "3593000000",
            "totalCurrentLiabilities": "2723000000",
            "currentDebt": "1000000000",
            "netIncome": "629000000",
            "capitalExpenditures": "123000000",
            "operatingCashflow": "629000000",
            "grossProfit": "1779000000",
            "totalRevenue": "3244000000",
            "sentiment": 0,
            "surprise": "0.03",
            "closePrice": "30.8777299003067"
        },
        {
            "fiscalDateEnding": "2013-06-30",
            "totalCurrentAssets": "8038000000",
            "cashAndShortTermInvestments": "3244000000",
            "totalCurrentLiabilities": "2802000000",
            "currentDebt": "1000000000",
            "netIncome": "660000000",
            "capitalExpenditures": "98000000",
            "operatingCashflow": "660000000",
            "grossProfit": "1570000000",
            "totalRevenue": "3047000000",
            "sentiment": 0,
            "surprise": "0.17",
            "closePrice": "27.9853966491875"
        },
        {
            "fiscalDateEnding": "2013-03-31",
            "totalCurrentAssets": "8205000000",
            "cashAndShortTermInvestments": "3862000000",
            "totalCurrentLiabilities": "3110000000",
            "currentDebt": "1500000000",
            "netIncome": "362000000",
            "capitalExpenditures": "84000000",
            "operatingCashflow": "360000000",
            "grossProfit": "1374000000",
            "totalRevenue": "2885000000",
            "sentiment": 0,
            "surprise": "0.02",
            "closePrice": "25.8310789346962"
        },
        {
            "fiscalDateEnding": "2012-12-31",
            "totalCurrentAssets": "8230000000",
            "cashAndShortTermInvestments": "3965000000",
            "totalCurrentLiabilities": "3430000000",
            "currentDebt": "1500000000",
            "netIncome": "264000000",
            "capitalExpenditures": "96000000",
            "operatingCashflow": "1088000000",
            "grossProfit": "1446000000",
            "totalRevenue": "2979000000",
            "sentiment": 0,
            "surprise": "0.02",
            "closePrice": "24.6707177953972"
        },
        {
            "fiscalDateEnding": "2012-09-30",
            "totalCurrentAssets": "8584000000",
            "cashAndShortTermInvestments": "3661000000",
            "totalCurrentLiabilities": "3425000000",
            "currentDebt": "1500000000",
            "netIncome": "784000000",
            "capitalExpenditures": "150000000",
            "operatingCashflow": "784000000",
            "grossProfit": "1740000000",
            "totalRevenue": "3390000000",
            "sentiment": 0,
            "surprise": "0.06",
            "closePrice": "20.4901149890642"
        },
        {
            "fiscalDateEnding": "2012-06-30",
            "totalCurrentAssets": "7353000000",
            "cashAndShortTermInvestments": "2333000000",
            "totalCurrentLiabilities": "3821000000",
            "currentDebt": "2000000000",
            "netIncome": "446000000",
            "capitalExpenditures": "146000000",
            "operatingCashflow": "446000000",
            "grossProfit": "1651000000",
            "totalRevenue": "3335000000",
            "sentiment": 0,
            "surprise": "0.03",
            "closePrice": "19.6527143700086"
        },
        {
            "fiscalDateEnding": "2012-03-31",
            "totalCurrentAssets": "7591000000",
            "cashAndShortTermInvestments": "2765000000",
            "totalCurrentLiabilities": "2909000000",
            "currentDebt": "1078000000",
            "netIncome": "265000000",
            "capitalExpenditures": "103000000",
            "operatingCashflow": "449000000",
            "grossProfit": "1531000000",
            "totalRevenue": "3121000000",
            "sentiment": 0,
            "surprise": "0.03",
            "closePrice": "23.2441470269991"
        },
        {
            "fiscalDateEnding": "2011-12-31",
            "totalCurrentAssets": "7828000000",
            "cashAndShortTermInvestments": "2935000000",
            "totalCurrentLiabilities": "3499000000",
            "currentDebt": "1381000000",
            "netIncome": "298000000",
            "capitalExpenditures": "153000000",
            "operatingCashflow": "971000000",
            "grossProfit": "1548000000",
            "totalRevenue": "3420000000",
            "sentiment": 0,
            "surprise": "0.09",
            "closePrice": "24.0662374061625"
        },
        {
            "fiscalDateEnding": "2011-09-30",
            "totalCurrentAssets": "7716000000",
            "cashAndShortTermInvestments": "2618000000",
            "totalCurrentLiabilities": "3668000000",
            "currentDebt": "1586000000",
            "netIncome": "601000000",
            "capitalExpenditures": "193000000",
            "operatingCashflow": "601000000",
            "grossProfit": "1744000000",
            "totalRevenue": "3466000000",
            "sentiment": 0,
            "surprise": "-0.06",
            "closePrice": "22.856810513201"
        },
        {
            "fiscalDateEnding": "2011-06-30",
            "totalCurrentAssets": "10860000000",
            "cashAndShortTermInvestments": "6400000000",
            "totalCurrentLiabilities": "1753000000",
            "currentDebt": "None",
            "netIncome": "672000000",
            "capitalExpenditures": "276000000",
            "operatingCashflow": "672000000",
            "grossProfit": "1753000000",
            "totalRevenue": "3458000000",
            "sentiment": 0,
            "surprise": "0.03",
            "closePrice": "22.6005870556294"
        },
        {
            "fiscalDateEnding": "2011-03-31",
            "totalCurrentAssets": "7044000000",
            "cashAndShortTermInvestments": "2857000000",
            "totalCurrentLiabilities": "1793000000",
            "currentDebt": "None",
            "netIncome": "666000000",
            "capitalExpenditures": "194000000",
            "operatingCashflow": "516000000",
            "grossProfit": "1728000000",
            "totalRevenue": "3392000000",
            "sentiment": 0,
            "surprise": "-0.03",
            "closePrice": "24.8938555629383"
        },
        {
            "fiscalDateEnding": "2010-12-31",
            "totalCurrentAssets": "7060000000",
            "cashAndShortTermInvestments": "3072000000",
            "totalCurrentLiabilities": "1981000000",
            "currentDebt": "0",
            "netIncome": "942000000",
            "capitalExpenditures": "301000000",
            "operatingCashflow": "1230000000",
            "grossProfit": "1870000000",
            "totalRevenue": "3525000000",
            "sentiment": 0,
            "surprise": "0.01",
            "closePrice": "24.7009524339104"
        },
        {
            "fiscalDateEnding": "2010-09-30",
            "totalCurrentAssets": "6468000000",
            "cashAndShortTermInvestments": "2510000000",
            "totalCurrentLiabilities": "1838000000",
            "currentDebt": "None",
            "netIncome": "859000000",
            "capitalExpenditures": "396000000",
            "operatingCashflow": "859000000",
            "grossProfit": "2039000000",
            "totalRevenue": "3740000000",
            "sentiment": 0,
            "surprise": "0.02",
            "closePrice": "20.567535866349"
        },
        {
            "fiscalDateEnding": "2010-06-30",
            "totalCurrentAssets": "6130000000",
            "cashAndShortTermInvestments": "2305000000",
            "totalCurrentLiabilities": "1538000000",
            "currentDebt": "None",
            "netIncome": "769000000",
            "capitalExpenditures": "283000000",
            "operatingCashflow": "769000000",
            "grossProfit": "1894000000",
            "totalRevenue": "3496000000",
            "sentiment": 0,
            "surprise": "0",
            "closePrice": "18.0473424147061"
        },
        {
            "fiscalDateEnding": "2010-03-31",
            "totalCurrentAssets": "6323000000",
            "cashAndShortTermInvestments": "2791000000",
            "totalCurrentLiabilities": "1719000000",
            "currentDebt": "None",
            "netIncome": "658000000",
            "capitalExpenditures": "219000000",
            "operatingCashflow": "710000000",
            "grossProfit": "1689000000",
            "totalRevenue": "3205000000",
            "sentiment": 0,
            "surprise": "0.01",
            "closePrice": "19.0977641916484"
        },
        {
            "fiscalDateEnding": "2009-12-31",
            "totalCurrentAssets": "6114000000",
            "cashAndShortTermInvestments": "2925000000",
            "totalCurrentLiabilities": "1587000000",
            "currentDebt": "None",
            "netIncome": "655000000",
            "capitalExpenditures": "1070000000",
            "operatingCashflow": "1001000000",
            "grossProfit": "1589000000",
            "totalRevenue": "3005000000",
            "sentiment": 0,
            "surprise": "0.03",
            "closePrice": "16.5715342079838"
        },
        {
            "fiscalDateEnding": "2009-09-30",
            "totalCurrentAssets": "6138000000",
            "cashAndShortTermInvestments": "2827000000",
            "totalCurrentLiabilities": "1662000000",
            "currentDebt": "None",
            "netIncome": "538000000",
            "capitalExpenditures": "-226000000",
            "operatingCashflow": "834000000",
            "grossProfit": "1481000000",
            "totalRevenue": "2880000000",
            "sentiment": 0,
            "surprise": "0.03",
            "closePrice": "16.3688170819221"
        },
        {
            "fiscalDateEnding": "2009-06-30",
            "totalCurrentAssets": "5740000000",
            "cashAndShortTermInvestments": "2557000000",
            "totalCurrentLiabilities": "1468000000",
            "currentDebt": "None",
            "netIncome": "260000000",
            "capitalExpenditures": "48000000",
            "operatingCashflow": "260000000",
            "grossProfit": "1124000000",
            "totalRevenue": "2457000000",
            "sentiment": 0,
            "surprise": "0.01",
            "closePrice": "16.3569184362209"
        }
    ]
}