{
    "TYL": [
        {
            "fiscalDateEnding": "2023-12-31",
            "totalCurrentAssets": "860585000",
            "cashAndShortTermInvestments": "175878000",
            "totalCurrentLiabilities": "1001138000",
            "currentDebt": "49801000",
            "netIncome": "38903000",
            "capitalExpenditures": "13056000",
            "operatingCashflow": "147419000",
            "grossProfit": "212925000",
            "totalRevenue": "477184000",
            "sentiment": 0.25093294128181953,
            "surprise": "0.03",
            "closePrice": "441.11"
        },
        {
            "fiscalDateEnding": "2023-09-30",
            "totalCurrentAssets": "841991000",
            "cashAndShortTermInvestments": "143109000",
            "totalCurrentLiabilities": "909034000",
            "currentDebt": "30000000",
            "netIncome": "47011000",
            "capitalExpenditures": "14830000",
            "operatingCashflow": "177496000",
            "grossProfit": "225160000",
            "totalRevenue": "488876000",
            "sentiment": 0.24470117473644443,
            "surprise": "0.15",
            "closePrice": "370.7"
        },
        {
            "fiscalDateEnding": "2023-06-30",
            "totalCurrentAssets": "856880000",
            "cashAndShortTermInvestments": "137864000",
            "totalCurrentLiabilities": "854217000",
            "currentDebt": "30000000",
            "netIncome": "49130000",
            "capitalExpenditures": "14024000",
            "operatingCashflow": "-19184000",
            "grossProfit": "223177000",
            "totalRevenue": "497892000",
            "sentiment": 0.24103067467363185,
            "surprise": "0.12",
            "closePrice": "408.42"
        },
        {
            "fiscalDateEnding": "2023-03-31",
            "totalCurrentAssets": "745663000",
            "cashAndShortTermInvestments": "159655000",
            "totalCurrentLiabilities": "835028000",
            "currentDebt": "30000000",
            "netIncome": "30875000",
            "capitalExpenditures": "11099000",
            "operatingCashflow": "74709000",
            "grossProfit": "199837000",
            "totalRevenue": "464169000",
            "sentiment": 0.1700266251655175,
            "surprise": "0.07",
            "closePrice": "367.08"
        },
        {
            "fiscalDateEnding": "2022-12-31",
            "totalCurrentAssets": "847242000",
            "cashAndShortTermInvestments": "210887000",
            "totalCurrentLiabilities": "889695000",
            "currentDebt": "30000000",
            "netIncome": "31077000",
            "capitalExpenditures": "7153000",
            "operatingCashflow": "121857000",
            "grossProfit": "193333000",
            "totalRevenue": "444118000",
            "sentiment": 0.2702351667457168,
            "surprise": "-0.09",
            "closePrice": "332.77"
        },
        {
            "fiscalDateEnding": "2022-09-30",
            "totalCurrentAssets": "860150000",
            "cashAndShortTermInvestments": "225287000",
            "totalCurrentLiabilities": "812248000",
            "currentDebt": "30000000",
            "netIncome": "53233000",
            "capitalExpenditures": "13778000",
            "operatingCashflow": "129378000",
            "grossProfit": "204663000",
            "totalRevenue": "463933000",
            "sentiment": 0.22567652608589386,
            "surprise": "0.2",
            "closePrice": "343.42"
        },
        {
            "fiscalDateEnding": "2022-06-30",
            "totalCurrentAssets": "957287000",
            "cashAndShortTermInvestments": "287528000",
            "totalCurrentLiabilities": "833859000",
            "currentDebt": "30000000",
            "netIncome": "39946000",
            "capitalExpenditures": "16694000",
            "operatingCashflow": "76679000",
            "grossProfit": "193448000",
            "totalRevenue": "462471000",
            "sentiment": 0.07131252159317461,
            "surprise": "0.06",
            "closePrice": "374.34"
        },
        {
            "fiscalDateEnding": "2022-03-31",
            "totalCurrentAssets": "859899000",
            "cashAndShortTermInvestments": "288235000",
            "totalCurrentLiabilities": "766460000",
            "currentDebt": "30000000",
            "netIncome": "39984000",
            "capitalExpenditures": "12526000",
            "operatingCashflow": "53541000",
            "grossProfit": "192418000",
            "totalRevenue": "451304000",
            "sentiment": -0.046374942655314506,
            "surprise": "0.19",
            "closePrice": "370.5"
        },
        {
            "fiscalDateEnding": "2021-12-31",
            "totalCurrentAssets": "964331000",
            "cashAndShortTermInvestments": "407800000",
            "totalCurrentLiabilities": "829501000",
            "currentDebt": "30000000",
            "netIncome": "54782000",
            "capitalExpenditures": "19876000",
            "operatingCashflow": "115010000",
            "grossProfit": "187160000",
            "totalRevenue": "428550000",
            "sentiment": 0,
            "surprise": "0.01",
            "closePrice": "469.74"
        },
        {
            "fiscalDateEnding": "2021-09-30",
            "totalCurrentAssets": "878256000",
            "cashAndShortTermInvestments": "348400000",
            "totalCurrentLiabilities": "816225000",
            "currentDebt": "30000000",
            "netIncome": "44170000",
            "capitalExpenditures": "12566000",
            "operatingCashflow": "205387000",
            "grossProfit": "196216000",
            "totalRevenue": "454477000",
            "sentiment": 0,
            "surprise": "0.25",
            "closePrice": "525.36"
        },
        {
            "fiscalDateEnding": "2021-06-30",
            "totalCurrentAssets": "928928000",
            "cashAndShortTermInvestments": "347100000",
            "totalCurrentLiabilities": "765779000",
            "currentDebt": "30000000",
            "netIncome": "25530000",
            "capitalExpenditures": "13130000",
            "operatingCashflow": "-20347000",
            "grossProfit": "182061000",
            "totalRevenue": "391637000",
            "sentiment": 0,
            "surprise": "0.2",
            "closePrice": "495.67"
        },
        {
            "fiscalDateEnding": "2021-03-31",
            "totalCurrentAssets": "1700352000",
            "cashAndShortTermInvestments": "1400000000",
            "totalCurrentLiabilities": "525356000",
            "currentDebt": "None",
            "netIncome": "36976000",
            "capitalExpenditures": "10040000",
            "operatingCashflow": "71703000",
            "grossProfit": "144207000",
            "totalRevenue": "294719000",
            "sentiment": 0,
            "surprise": "0.11",
            "closePrice": "440.8"
        },
        {
            "fiscalDateEnding": "2020-12-31",
            "totalCurrentAssets": "1113070000",
            "cashAndShortTermInvestments": "758500000",
            "totalCurrentLiabilities": "564277000",
            "currentDebt": "None",
            "netIncome": "54094000",
            "capitalExpenditures": "5086000",
            "operatingCashflow": "88761000",
            "grossProfit": "138669000",
            "totalRevenue": "283285000",
            "sentiment": 0,
            "surprise": "-0.03",
            "closePrice": "450.62"
        },
        {
            "fiscalDateEnding": "2020-09-30",
            "totalCurrentAssets": "990599000",
            "cashAndShortTermInvestments": "649600000",
            "totalCurrentLiabilities": "535045000",
            "currentDebt": "None",
            "netIncome": "39284000",
            "capitalExpenditures": "4417000",
            "operatingCashflow": "169808000",
            "grossProfit": "143509000",
            "totalRevenue": "285746000",
            "sentiment": 0,
            "surprise": "0.17",
            "closePrice": "405.98"
        },
        {
            "fiscalDateEnding": "2020-06-30",
            "totalCurrentAssets": "873942000",
            "cashAndShortTermInvestments": "472500000",
            "totalCurrentLiabilities": "494262000",
            "currentDebt": "None",
            "netIncome": "53892000",
            "capitalExpenditures": "8299000",
            "operatingCashflow": "39814000",
            "grossProfit": "131203000",
            "totalRevenue": "271091000",
            "sentiment": 0,
            "surprise": "0.18",
            "closePrice": "350.77"
        },
        {
            "fiscalDateEnding": "2020-03-31",
            "totalCurrentAssets": "712220000",
            "cashAndShortTermInvestments": "392600000",
            "totalCurrentLiabilities": "445055000",
            "currentDebt": "6373000",
            "netIncome": "47550000",
            "capitalExpenditures": "10664000",
            "operatingCashflow": "56706000",
            "grossProfit": "129131000",
            "totalRevenue": "276541000",
            "sentiment": 0,
            "surprise": "0",
            "closePrice": "320.99"
        },
        {
            "fiscalDateEnding": "2019-12-31",
            "totalCurrentAssets": "679697000",
            "cashAndShortTermInvestments": "272081000",
            "totalCurrentLiabilities": "509093000",
            "currentDebt": "6387000",
            "netIncome": "46790000",
            "capitalExpenditures": "9667000",
            "operatingCashflow": "76193000",
            "grossProfit": "142275000",
            "totalRevenue": "288837000",
            "sentiment": 0,
            "surprise": "0",
            "closePrice": "338.43"
        },
        {
            "fiscalDateEnding": "2019-09-30",
            "totalCurrentAssets": "569806000",
            "cashAndShortTermInvestments": "194369000",
            "totalCurrentLiabilities": "476814000",
            "currentDebt": "6413000",
            "netIncome": "40390000",
            "capitalExpenditures": "6089000",
            "operatingCashflow": "130073000",
            "grossProfit": "130717000",
            "totalRevenue": "275400000",
            "sentiment": 0,
            "surprise": "-0.01",
            "closePrice": "269.14"
        },
        {
            "fiscalDateEnding": "2019-06-30",
            "totalCurrentAssets": "453570000",
            "cashAndShortTermInvestments": "42371000",
            "totalCurrentLiabilities": "453732000",
            "currentDebt": "6039000",
            "netIncome": "31999000",
            "capitalExpenditures": "13274000",
            "operatingCashflow": "24497000",
            "grossProfit": "127860000",
            "totalRevenue": "275124000",
            "sentiment": 0,
            "surprise": "0.01",
            "closePrice": "233.35"
        },
        {
            "fiscalDateEnding": "2019-03-31",
            "totalCurrentAssets": "402274000",
            "cashAndShortTermInvestments": "76395000",
            "totalCurrentLiabilities": "403380000",
            "currentDebt": "None",
            "netIncome": "27348000",
            "capitalExpenditures": "13010000",
            "operatingCashflow": "23957000",
            "grossProfit": "116048000",
            "totalRevenue": "247066000",
            "sentiment": 0,
            "surprise": "0",
            "closePrice": "225.91"
        },
        {
            "fiscalDateEnding": "2018-12-31",
            "totalCurrentAssets": "518858000",
            "cashAndShortTermInvestments": "178585000",
            "totalCurrentLiabilities": "423902000",
            "currentDebt": "None",
            "netIncome": "31552000",
            "capitalExpenditures": "3964000",
            "operatingCashflow": "70850000",
            "grossProfit": "115871000",
            "totalRevenue": "241981000",
            "sentiment": 0,
            "surprise": "0",
            "closePrice": "213.19"
        },
        {
            "fiscalDateEnding": "2018-09-30",
            "totalCurrentAssets": "601694000",
            "cashAndShortTermInvestments": "271801000",
            "totalCurrentLiabilities": "397038000",
            "currentDebt": "None",
            "netIncome": "38924000",
            "capitalExpenditures": "8508000",
            "operatingCashflow": "112123000",
            "grossProfit": "111626000",
            "totalRevenue": "236067000",
            "sentiment": 0,
            "surprise": "0",
            "closePrice": "211.66"
        },
        {
            "fiscalDateEnding": "2018-06-30",
            "totalCurrentAssets": "501988000",
            "cashAndShortTermInvestments": "152706000",
            "totalCurrentLiabilities": "373882000",
            "currentDebt": "None",
            "netIncome": "39161000",
            "capitalExpenditures": "6057000",
            "operatingCashflow": "22599000",
            "grossProfit": "109276000",
            "totalRevenue": "236060000",
            "sentiment": 0,
            "surprise": "0.05",
            "closePrice": "237.84"
        },
        {
            "fiscalDateEnding": "2018-03-31",
            "totalCurrentAssets": "532636000",
            "cashAndShortTermInvestments": "276474000",
            "totalCurrentLiabilities": "319549000",
            "currentDebt": "None",
            "netIncome": "37825000",
            "capitalExpenditures": "8895000",
            "operatingCashflow": "44631000",
            "grossProfit": "102805000",
            "totalRevenue": "442348000",
            "sentiment": 0,
            "surprise": "0.01",
            "closePrice": "219.18"
        },
        {
            "fiscalDateEnding": "2017-12-31",
            "totalCurrentAssets": "520815000",
            "cashAndShortTermInvestments": "229085000",
            "totalCurrentLiabilities": "371462000",
            "currentDebt": "None",
            "netIncome": "66196000",
            "capitalExpenditures": "5323000",
            "operatingCashflow": "53374000",
            "grossProfit": "105350000",
            "totalRevenue": "217851000",
            "sentiment": 0,
            "surprise": "0.03",
            "closePrice": "205.14"
        },
        {
            "fiscalDateEnding": "2017-09-30",
            "totalCurrentAssets": "399721000",
            "cashAndShortTermInvestments": "164514000",
            "totalCurrentLiabilities": "359309000",
            "currentDebt": "None",
            "netIncome": "38836000",
            "capitalExpenditures": "7611000",
            "operatingCashflow": "92806000",
            "grossProfit": "103989000",
            "totalRevenue": "214146000",
            "sentiment": 0,
            "surprise": "0.03",
            "closePrice": "170.51"
        },
        {
            "fiscalDateEnding": "2017-06-30",
            "totalCurrentAssets": "352278000",
            "cashAndShortTermInvestments": "79781000",
            "totalCurrentLiabilities": "359582000",
            "currentDebt": "None",
            "netIncome": "31770000",
            "capitalExpenditures": "10303000",
            "operatingCashflow": "1396000",
            "grossProfit": "95503000",
            "totalRevenue": "209123000",
            "sentiment": 0,
            "surprise": "-0.03",
            "closePrice": "181.33"
        },
        {
            "fiscalDateEnding": "2017-03-31",
            "totalCurrentAssets": "271575000",
            "cashAndShortTermInvestments": "83787000",
            "totalCurrentLiabilities": "322245000",
            "currentDebt": "None",
            "netIncome": "32769000",
            "capitalExpenditures": "19820000",
            "operatingCashflow": "48179000",
            "grossProfit": "94535000",
            "totalRevenue": "199542000",
            "sentiment": 0,
            "surprise": "0.02",
            "closePrice": "162.05"
        },
        {
            "fiscalDateEnding": "2016-12-31",
            "totalCurrentAssets": "282960000",
            "cashAndShortTermInvestments": "56424000",
            "totalCurrentLiabilities": "361501000",
            "currentDebt": "None",
            "netIncome": "31196000",
            "capitalExpenditures": "8197000",
            "operatingCashflow": "51805000",
            "grossProfit": "92817000",
            "totalRevenue": "193281000",
            "sentiment": 0,
            "surprise": "0.02",
            "closePrice": "145.99"
        },
        {
            "fiscalDateEnding": "2016-09-30",
            "totalCurrentAssets": "277327000",
            "cashAndShortTermInvestments": "47078000",
            "totalCurrentLiabilities": "348492000",
            "currentDebt": "None",
            "netIncome": "35430000",
            "capitalExpenditures": "7570000",
            "operatingCashflow": "79213000",
            "grossProfit": "93480000",
            "totalRevenue": "194497000",
            "sentiment": 0,
            "surprise": "0.04",
            "closePrice": "166.23"
        },
        {
            "fiscalDateEnding": "2016-06-30",
            "totalCurrentAssets": "323951000",
            "cashAndShortTermInvestments": "63969000",
            "totalCurrentLiabilities": "352930000",
            "currentDebt": "None",
            "netIncome": "25007000",
            "capitalExpenditures": "5237000",
            "operatingCashflow": "19520000",
            "grossProfit": "86936000",
            "totalRevenue": "188972000",
            "sentiment": 0,
            "surprise": "0.04",
            "closePrice": "165.5"
        },
        {
            "fiscalDateEnding": "2016-03-31",
            "totalCurrentAssets": "225536000",
            "cashAndShortTermInvestments": "53673000",
            "totalCurrentLiabilities": "289684000",
            "currentDebt": "None",
            "netIncome": "18224000",
            "capitalExpenditures": "16722000",
            "operatingCashflow": "41321000",
            "grossProfit": "82118000",
            "totalRevenue": "179293000",
            "sentiment": 0,
            "surprise": "0.04",
            "closePrice": "141.79"
        },
        {
            "fiscalDateEnding": "2015-12-31",
            "totalCurrentAssets": "268215000",
            "cashAndShortTermInvestments": "46510000",
            "totalCurrentLiabilities": "337572000",
            "currentDebt": "None",
            "netIncome": "8618000",
            "capitalExpenditures": "3976000",
            "operatingCashflow": "-16300000",
            "grossProfit": "73222000",
            "totalRevenue": "82222000",
            "sentiment": 0,
            "surprise": "-0.07",
            "closePrice": "146.74"
        },
        {
            "fiscalDateEnding": "2015-09-30",
            "totalCurrentAssets": "411505000",
            "cashAndShortTermInvestments": "247738000",
            "totalCurrentLiabilities": "242474000",
            "currentDebt": "None",
            "netIncome": "20142000",
            "capitalExpenditures": "2399000",
            "operatingCashflow": "25740000",
            "grossProfit": "71833000",
            "totalRevenue": "135289000",
            "sentiment": 0,
            "surprise": "0.05",
            "closePrice": "167.12"
        },
        {
            "fiscalDateEnding": "2015-06-30",
            "totalCurrentAssets": "395524000",
            "cashAndShortTermInvestments": "204103000",
            "totalCurrentLiabilities": "240744000",
            "currentDebt": "None",
            "netIncome": "18836000",
            "capitalExpenditures": "4217000",
            "operatingCashflow": "18836000",
            "grossProfit": "68253000",
            "totalRevenue": "128416000",
            "sentiment": 0,
            "surprise": "0.04",
            "closePrice": "139.39"
        },
        {
            "fiscalDateEnding": "2015-03-31",
            "totalCurrentAssets": "327775000",
            "cashAndShortTermInvestments": "194721000",
            "totalCurrentLiabilities": "197654000",
            "currentDebt": "None",
            "netIncome": "17273000",
            "capitalExpenditures": "1909000",
            "operatingCashflow": "-632000",
            "grossProfit": "63879000",
            "totalRevenue": "134966000",
            "sentiment": 0,
            "surprise": "0.04",
            "closePrice": "127.6"
        },
        {
            "fiscalDateEnding": "2014-12-31",
            "totalCurrentAssets": "337036000",
            "cashAndShortTermInvestments": "206167000",
            "totalCurrentLiabilities": "232839000",
            "currentDebt": "None",
            "netIncome": "15317000",
            "capitalExpenditures": "1306000",
            "operatingCashflow": "24760000",
            "grossProfit": "60491000",
            "totalRevenue": "127440000",
            "sentiment": 0,
            "surprise": "0",
            "closePrice": "110.03"
        },
        {
            "fiscalDateEnding": "2014-09-30",
            "totalCurrentAssets": "293000000",
            "cashAndShortTermInvestments": "157431000",
            "totalCurrentLiabilities": "221361000",
            "currentDebt": "None",
            "netIncome": "17000000",
            "capitalExpenditures": "1560000",
            "operatingCashflow": "20885000",
            "grossProfit": "61792000",
            "totalRevenue": "128664000",
            "sentiment": 0,
            "surprise": "0.08",
            "closePrice": "92.23"
        },
        {
            "fiscalDateEnding": "2014-06-30",
            "totalCurrentAssets": "261032000",
            "cashAndShortTermInvestments": "88892000",
            "totalCurrentLiabilities": "215764000",
            "currentDebt": "None",
            "netIncome": "14740000",
            "capitalExpenditures": "2847000",
            "operatingCashflow": "18279000",
            "grossProfit": "58558000",
            "totalRevenue": "124371000",
            "sentiment": 0,
            "surprise": "0.07",
            "closePrice": "87.88"
        },
        {
            "fiscalDateEnding": "2014-03-31",
            "totalCurrentAssets": "207619000",
            "cashAndShortTermInvestments": "97145000",
            "totalCurrentLiabilities": "161382000",
            "currentDebt": "None",
            "netIncome": "11883000",
            "capitalExpenditures": "3630000",
            "operatingCashflow": "16560000",
            "grossProfit": "52530000",
            "totalRevenue": "100760000",
            "sentiment": 0,
            "surprise": "0.02",
            "closePrice": "78.43"
        },
        {
            "fiscalDateEnding": "2013-12-31",
            "totalCurrentAssets": "217235000",
            "cashAndShortTermInvestments": "78876000",
            "totalCurrentLiabilities": "192110000",
            "currentDebt": "None",
            "netIncome": "10512000",
            "capitalExpenditures": "6596000",
            "operatingCashflow": "19062000",
            "grossProfit": "52767000",
            "totalRevenue": "110735000",
            "sentiment": 0,
            "surprise": "-0.01",
            "closePrice": "102.55"
        },
        {
            "fiscalDateEnding": "2013-09-30",
            "totalCurrentAssets": "164765000",
            "cashAndShortTermInvestments": "52121000",
            "totalCurrentLiabilities": "181646000",
            "currentDebt": "None",
            "netIncome": "11049000",
            "capitalExpenditures": "6423000",
            "operatingCashflow": "11049000",
            "grossProfit": "49549000",
            "totalRevenue": "107021000",
            "sentiment": 0,
            "surprise": "0.03",
            "closePrice": "91.83"
        },
        {
            "fiscalDateEnding": "2013-06-30",
            "totalCurrentAssets": "146552000",
            "cashAndShortTermInvestments": "3068000",
            "totalCurrentLiabilities": "183262000",
            "currentDebt": "None",
            "netIncome": "9047000",
            "capitalExpenditures": "8750000",
            "operatingCashflow": "-498000",
            "grossProfit": "47042000",
            "totalRevenue": "103088000",
            "sentiment": 0,
            "surprise": "0",
            "closePrice": "76.55"
        },
        {
            "fiscalDateEnding": "2013-03-31",
            "totalCurrentAssets": "97549000",
            "cashAndShortTermInvestments": "4495000",
            "totalCurrentLiabilities": "149813000",
            "currentDebt": "None",
            "netIncome": "8493000",
            "capitalExpenditures": "5089000",
            "operatingCashflow": "17084000",
            "grossProfit": "43845000",
            "totalRevenue": "95799000",
            "sentiment": 0,
            "surprise": "0.03",
            "closePrice": "58.87"
        },
        {
            "fiscalDateEnding": "2012-12-31",
            "totalCurrentAssets": "122053000",
            "cashAndShortTermInvestments": "6406000",
            "totalCurrentLiabilities": "169735000",
            "currentDebt": "None",
            "netIncome": "9376000",
            "capitalExpenditures": "2751000",
            "operatingCashflow": "16414000",
            "grossProfit": "44640000",
            "totalRevenue": "95368000",
            "sentiment": 0,
            "surprise": "0",
            "closePrice": "54.22"
        },
        {
            "fiscalDateEnding": "2012-09-30",
            "totalCurrentAssets": "94064000",
            "cashAndShortTermInvestments": "103000",
            "totalCurrentLiabilities": "144654000",
            "currentDebt": "None",
            "netIncome": "10832000",
            "capitalExpenditures": "2017000",
            "operatingCashflow": "33829000",
            "grossProfit": "44944000",
            "totalRevenue": "93845000",
            "sentiment": 0,
            "surprise": "0.05",
            "closePrice": "43.47"
        },
        {
            "fiscalDateEnding": "2012-06-30",
            "totalCurrentAssets": "117260000",
            "cashAndShortTermInvestments": "362000",
            "totalCurrentLiabilities": "150012000",
            "currentDebt": "None",
            "netIncome": "7105000",
            "capitalExpenditures": "3286000",
            "operatingCashflow": "-9659000",
            "grossProfit": "40699000",
            "totalRevenue": "91368000",
            "sentiment": 0,
            "surprise": "0",
            "closePrice": "39.69"
        },
        {
            "fiscalDateEnding": "2012-03-31",
            "totalCurrentAssets": "83679000",
            "cashAndShortTermInvestments": "9932000",
            "totalCurrentLiabilities": "129022000",
            "currentDebt": "None",
            "netIncome": "5681000",
            "capitalExpenditures": "1048000",
            "operatingCashflow": "18084000",
            "grossProfit": "37419000",
            "totalRevenue": "82723000",
            "sentiment": 0,
            "surprise": "-0.02",
            "closePrice": "40.81"
        },
        {
            "fiscalDateEnding": "2011-12-31",
            "totalCurrentAssets": "107092000",
            "cashAndShortTermInvestments": "1351000",
            "totalCurrentLiabilities": "151640000",
            "currentDebt": "None",
            "netIncome": "8699000",
            "capitalExpenditures": "2352000",
            "operatingCashflow": "11330000",
            "grossProfit": "39020000",
            "totalRevenue": "82079000",
            "sentiment": 0,
            "surprise": "0.02",
            "closePrice": "36.58"
        },
        {
            "fiscalDateEnding": "2011-09-30",
            "totalCurrentAssets": "94333000",
            "cashAndShortTermInvestments": "5280000",
            "totalCurrentLiabilities": "133052000",
            "currentDebt": "None",
            "netIncome": "7506000",
            "capitalExpenditures": "1510000",
            "operatingCashflow": "25778000",
            "grossProfit": "36132000",
            "totalRevenue": "77184000",
            "sentiment": 0,
            "surprise": "0.03",
            "closePrice": "28.48"
        },
        {
            "fiscalDateEnding": "2011-06-30",
            "totalCurrentAssets": "107334000",
            "cashAndShortTermInvestments": "1437000",
            "totalCurrentLiabilities": "133252000",
            "currentDebt": "None",
            "netIncome": "5624000",
            "capitalExpenditures": "612000",
            "operatingCashflow": "1860000",
            "grossProfit": "34137000",
            "totalRevenue": "76735000",
            "sentiment": 0,
            "surprise": "-0.01",
            "closePrice": "25.38"
        }
    ]
}