{
    "U": [
        {
            "fiscalDateEnding": "2023-12-31",
            "totalCurrentAssets": "2324891000",
            "cashAndShortTermInvestments": "1590325000",
            "totalCurrentLiabilities": "894103000",
            "currentDebt": "None",
            "netIncome": "-252749000",
            "capitalExpenditures": "11361000",
            "operatingCashflow": "72103000",
            "grossProfit": "347686000",
            "totalRevenue": "603286000",
            "sentiment": 0.21156972003306773,
            "surprise": "-0.17",
            "closePrice": "33.04"
        },
        {
            "fiscalDateEnding": "2023-09-30",
            "totalCurrentAssets": "2232665000",
            "cashAndShortTermInvestments": "1507164000",
            "totalCurrentLiabilities": "950350000",
            "currentDebt": "None",
            "netIncome": "-124071000",
            "capitalExpenditures": "16092000",
            "operatingCashflow": "120053000",
            "grossProfit": "392861000",
            "totalRevenue": "538549000",
            "sentiment": 0.26009190098751706,
            "surprise": "0.18",
            "closePrice": "25.24"
        },
        {
            "fiscalDateEnding": "2023-06-30",
            "totalCurrentAssets": "2394364000",
            "cashAndShortTermInvestments": "1640926000",
            "totalCurrentLiabilities": "975066000",
            "currentDebt": "None",
            "netIncome": "-192160000",
            "capitalExpenditures": "14118000",
            "operatingCashflow": "47643000",
            "grossProfit": "374651000",
            "totalRevenue": "527776000",
            "sentiment": 0.31496413473079465,
            "surprise": "0.17",
            "closePrice": "41.45"
        },
        {
            "fiscalDateEnding": "2023-03-31",
            "totalCurrentAssets": "2343362000",
            "cashAndShortTermInvestments": "1593946000",
            "totalCurrentLiabilities": "980247000",
            "currentDebt": "None",
            "netIncome": "-253031000",
            "capitalExpenditures": "14350000",
            "operatingCashflow": "-5099000",
            "grossProfit": "338397000",
            "totalRevenue": "494616000",
            "sentiment": 0.14984349615581152,
            "surprise": "0.12",
            "closePrice": "28.74"
        },
        {
            "fiscalDateEnding": "2022-12-31",
            "totalCurrentAssets": "2364640000",
            "cashAndShortTermInvestments": "1586795000",
            "totalCurrentLiabilities": "1010284000",
            "currentDebt": "None",
            "netIncome": "-289328000",
            "capitalExpenditures": "14794000",
            "operatingCashflow": "-49061000",
            "grossProfit": "311046000",
            "totalRevenue": "447160000",
            "sentiment": 0.20782896518639818,
            "surprise": "-0.03",
            "closePrice": "37.85"
        },
        {
            "fiscalDateEnding": "2022-09-30",
            "totalCurrentAssets": "2084400000",
            "cashAndShortTermInvestments": "1239337000",
            "totalCurrentLiabilities": "611743000",
            "currentDebt": "None",
            "netIncome": "-250021000",
            "capitalExpenditures": "11987000",
            "operatingCashflow": "-68800000",
            "grossProfit": "210978000",
            "totalRevenue": "321746000",
            "sentiment": 0.1722556775591301,
            "surprise": "0.01",
            "closePrice": "21.5"
        },
        {
            "fiscalDateEnding": "2022-06-30",
            "totalCurrentAssets": "2157751000",
            "cashAndShortTermInvestments": "1162385000",
            "totalCurrentLiabilities": "626471000",
            "currentDebt": "None",
            "netIncome": "-204158000",
            "capitalExpenditures": "15428000",
            "operatingCashflow": "-42870000",
            "grossProfit": "200207000",
            "totalRevenue": "295920000",
            "sentiment": -0.07228570439986975,
            "surprise": "0.03",
            "closePrice": "50.35"
        },
        {
            "fiscalDateEnding": "2022-03-31",
            "totalCurrentAssets": "2224197000",
            "cashAndShortTermInvestments": "1339669000",
            "totalCurrentLiabilities": "630260000",
            "currentDebt": "None",
            "netIncome": "-177555000",
            "capitalExpenditures": "14929000",
            "operatingCashflow": "101300000",
            "grossProfit": "226293000",
            "totalRevenue": "319015000",
            "sentiment": -0.026728179695411303,
            "surprise": "0",
            "closePrice": "48.13"
        },
        {
            "fiscalDateEnding": "2021-12-31",
            "totalCurrentAssets": "2151110000",
            "cashAndShortTermInvestments": "1737099000",
            "totalCurrentLiabilities": "626150000",
            "currentDebt": "None",
            "netIncome": "-161653000",
            "capitalExpenditures": "13979000",
            "operatingCashflow": "-39509000",
            "grossProfit": "242210000",
            "totalRevenue": "315379000",
            "sentiment": 0,
            "surprise": "0.02",
            "closePrice": "92.54"
        },
        {
            "fiscalDateEnding": "2021-09-30",
            "totalCurrentAssets": "1636970000",
            "cashAndShortTermInvestments": "755429000",
            "totalCurrentLiabilities": "578962000",
            "currentDebt": "None",
            "netIncome": "-115152000",
            "capitalExpenditures": "9408000",
            "operatingCashflow": "43623000",
            "grossProfit": "222811000",
            "totalRevenue": "286421000",
            "sentiment": 0,
            "surprise": "0.01",
            "closePrice": "171.63"
        },
        {
            "fiscalDateEnding": "2021-06-30",
            "totalCurrentAssets": "1995169000",
            "cashAndShortTermInvestments": "1001944000",
            "totalCurrentLiabilities": "556396000",
            "currentDebt": "None",
            "netIncome": "-148342000",
            "capitalExpenditures": "6807000",
            "operatingCashflow": "-26681000",
            "grossProfit": "215837000",
            "totalRevenue": "273170000",
            "sentiment": 0,
            "surprise": "0.11",
            "closePrice": "107.15"
        },
        {
            "fiscalDateEnding": "2021-03-31",
            "totalCurrentAssets": "2010187000",
            "cashAndShortTermInvestments": "1119935000",
            "totalCurrentLiabilities": "490592000",
            "currentDebt": "None",
            "netIncome": "-107460000",
            "capitalExpenditures": "11744000",
            "operatingCashflow": "-88882000",
            "grossProfit": "176038000",
            "totalRevenue": "234750000",
            "sentiment": 0,
            "surprise": "0.02",
            "closePrice": "84.54"
        },
        {
            "fiscalDateEnding": "2020-12-31",
            "totalCurrentAssets": "2080660000",
            "cashAndShortTermInvestments": "1272578000",
            "totalCurrentLiabilities": "503222000",
            "currentDebt": "None",
            "netIncome": "-83502000",
            "capitalExpenditures": "11200000",
            "operatingCashflow": "14765000",
            "grossProfit": "167829000",
            "totalRevenue": "220873000",
            "sentiment": 0,
            "surprise": "0.04",
            "closePrice": "149.81"
        },
        {
            "fiscalDateEnding": "2020-09-30",
            "totalCurrentAssets": "2030976000",
            "cashAndShortTermInvestments": "1759415000",
            "totalCurrentLiabilities": "409813000",
            "currentDebt": "None",
            "netIncome": "-144719000",
            "capitalExpenditures": "9681000",
            "operatingCashflow": "20567000",
            "grossProfit": "153244000",
            "totalRevenue": "200177000",
            "sentiment": 0,
            "surprise": "0.06",
            "closePrice": "101.74"
        }
    ]
}