{
    "UBER": [
        {
            "fiscalDateEnding": "2023-12-31",
            "totalCurrentAssets": "11297000000",
            "cashAndShortTermInvestments": "5407000000",
            "totalCurrentLiabilities": "9454000000",
            "currentDebt": "181000000",
            "netIncome": "1429000000",
            "capitalExpenditures": "55000000",
            "operatingCashflow": "823000000",
            "grossProfit": "2065000000",
            "totalRevenue": "9936000000",
            "sentiment": 0.15622921993305156,
            "surprise": "0.49",
            "closePrice": "79.15"
        },
        {
            "fiscalDateEnding": "2023-09-30",
            "totalCurrentAssets": "10679000000",
            "cashAndShortTermInvestments": "5173000000",
            "totalCurrentLiabilities": "9405000000",
            "currentDebt": "25000000",
            "netIncome": "221000000",
            "capitalExpenditures": "61000000",
            "operatingCashflow": "966000000",
            "grossProfit": "1990000000",
            "totalRevenue": "9292000000",
            "sentiment": 0.1780563758054237,
            "surprise": "-0.02",
            "closePrice": "49.92"
        },
        {
            "fiscalDateEnding": "2023-06-30",
            "totalCurrentAssets": "10664000000",
            "cashAndShortTermInvestments": "5533000000",
            "totalCurrentLiabilities": "8635000000",
            "currentDebt": "25000000",
            "netIncome": "394000000",
            "capitalExpenditures": "50000000",
            "operatingCashflow": "1190000000",
            "grossProfit": "1915000000",
            "totalRevenue": "9230000000",
            "sentiment": 0.17121090074603612,
            "surprise": "0.19",
            "closePrice": "46.65"
        },
        {
            "fiscalDateEnding": "2023-03-31",
            "totalCurrentAssets": "9196000000",
            "cashAndShortTermInvestments": "4166000000",
            "totalCurrentLiabilities": "8683000000",
            "currentDebt": "25000000",
            "netIncome": "-157000000",
            "capitalExpenditures": "57000000",
            "operatingCashflow": "606000000",
            "grossProfit": "1266000000",
            "totalRevenue": "8823000000",
            "sentiment": 0.1538078493729204,
            "surprise": "0.01",
            "closePrice": "36.52"
        },
        {
            "fiscalDateEnding": "2022-12-31",
            "totalCurrentAssets": "9249000000",
            "cashAndShortTermInvestments": "4311000000",
            "totalCurrentLiabilities": "8853000000",
            "currentDebt": "142000000",
            "netIncome": "595000000",
            "capitalExpenditures": "59000000",
            "operatingCashflow": "-244000000",
            "grossProfit": "1105000000",
            "totalRevenue": "8607000000",
            "sentiment": 0.10612772894814954,
            "surprise": "0.47",
            "closePrice": "36.83"
        },
        {
            "fiscalDateEnding": "2022-09-30",
            "totalCurrentAssets": "9368000000",
            "cashAndShortTermInvestments": "4865000000",
            "totalCurrentLiabilities": "9020000000",
            "currentDebt": "27000000",
            "netIncome": "-1206000000",
            "capitalExpenditures": "74000000",
            "operatingCashflow": "432000000",
            "grossProfit": "983000000",
            "totalRevenue": "8343000000",
            "sentiment": 0.044060723128774786,
            "surprise": "-0.39",
            "closePrice": "29.75"
        },
        {
            "fiscalDateEnding": "2022-06-30",
            "totalCurrentAssets": "8751000000",
            "cashAndShortTermInvestments": "4397000000",
            "totalCurrentLiabilities": "8945000000",
            "currentDebt": "27000000",
            "netIncome": "-2601000000",
            "capitalExpenditures": "57000000",
            "operatingCashflow": "439000000",
            "grossProfit": "712000000",
            "totalRevenue": "8073000000",
            "sentiment": -0.055608626593582296,
            "surprise": "-1.07",
            "closePrice": "29.25"
        },
        {
            "fiscalDateEnding": "2022-03-31",
            "totalCurrentAssets": "8665000000",
            "cashAndShortTermInvestments": "4184000000",
            "totalCurrentLiabilities": "8652000000",
            "currentDebt": "27000000",
            "netIncome": "-5930000000",
            "capitalExpenditures": "62000000",
            "operatingCashflow": "15000000",
            "grossProfit": "607000000",
            "totalRevenue": "6854000000",
            "sentiment": -0.002301519614098398,
            "surprise": "0.06",
            "closePrice": "28.1"
        },
        {
            "fiscalDateEnding": "2021-12-31",
            "totalCurrentAssets": "8819000000",
            "cashAndShortTermInvestments": "4295000000",
            "totalCurrentLiabilities": "9024000000",
            "currentDebt": "218000000",
            "netIncome": "892000000",
            "capitalExpenditures": "80000000",
            "operatingCashflow": "-107000000",
            "grossProfit": "512000000",
            "totalRevenue": "5778000000",
            "sentiment": 0,
            "surprise": "0.09",
            "closePrice": "40.19"
        },
        {
            "fiscalDateEnding": "2021-09-30",
            "totalCurrentAssets": "9684000000",
            "cashAndShortTermInvestments": "6482000000",
            "totalCurrentLiabilities": "8126000000",
            "currentDebt": "27000000",
            "netIncome": "-2424000000",
            "capitalExpenditures": "90000000",
            "operatingCashflow": "614000000",
            "grossProfit": "456000000",
            "totalRevenue": "4845000000",
            "sentiment": 0,
            "surprise": "0.08",
            "closePrice": "45.27"
        },
        {
            "fiscalDateEnding": "2021-06-30",
            "totalCurrentAssets": "7783000000",
            "cashAndShortTermInvestments": "5003000000",
            "totalCurrentLiabilities": "7684000000",
            "currentDebt": "27000000",
            "netIncome": "1144000000",
            "capitalExpenditures": "57000000",
            "operatingCashflow": "-341000000",
            "grossProfit": "-207000000",
            "totalRevenue": "3929000000",
            "sentiment": 0,
            "surprise": "0.32",
            "closePrice": "41.81"
        },
        {
            "fiscalDateEnding": "2021-03-31",
            "totalCurrentAssets": "8295000000",
            "cashAndShortTermInvestments": "5655000000",
            "totalCurrentLiabilities": "7288000000",
            "currentDebt": "27000000",
            "netIncome": "-108000000",
            "capitalExpenditures": "71000000",
            "operatingCashflow": "-611000000",
            "grossProfit": "-534000000",
            "totalRevenue": "2903000000",
            "sentiment": 0,
            "surprise": "0.8",
            "closePrice": "51.18"
        },
        {
            "fiscalDateEnding": "2020-12-31",
            "totalCurrentAssets": "9882000000",
            "cashAndShortTermInvestments": "6827000000",
            "totalCurrentLiabilities": "6865000000",
            "currentDebt": "204000000",
            "netIncome": "-969000000",
            "capitalExpenditures": "123000000",
            "operatingCashflow": "-805000000",
            "grossProfit": "14000000",
            "totalRevenue": "3165000000",
            "sentiment": 0,
            "surprise": "0.02",
            "closePrice": "63.18"
        },
        {
            "fiscalDateEnding": "2020-09-30",
            "totalCurrentAssets": "9412000000",
            "cashAndShortTermInvestments": "7286000000",
            "totalCurrentLiabilities": "6921000000",
            "currentDebt": "708000000",
            "netIncome": "-1089000000",
            "capitalExpenditures": "131000000",
            "operatingCashflow": "-406000000",
            "grossProfit": "-205000000",
            "totalRevenue": "2813000000",
            "sentiment": 0,
            "surprise": "0.03",
            "closePrice": "41.96"
        },
        {
            "fiscalDateEnding": "2020-06-30",
            "totalCurrentAssets": "9662000000",
            "cashAndShortTermInvestments": "7787000000",
            "totalCurrentLiabilities": "5891000000",
            "currentDebt": "193000000",
            "netIncome": "-1775000000",
            "capitalExpenditures": "164000000",
            "operatingCashflow": "-1071000000",
            "grossProfit": "-768000000",
            "totalRevenue": "1913000000",
            "sentiment": 0,
            "surprise": "0.06",
            "closePrice": "34.71"
        },
        {
            "fiscalDateEnding": "2020-03-31",
            "totalCurrentAssets": "11114000000",
            "cashAndShortTermInvestments": "8996000000",
            "totalCurrentLiabilities": "6631000000",
            "currentDebt": "399000000",
            "netIncome": "-2936000000",
            "capitalExpenditures": "198000000",
            "operatingCashflow": "-463000000",
            "grossProfit": "-252000000",
            "totalRevenue": "3248000000",
            "sentiment": 0,
            "surprise": "0.24",
            "closePrice": "30.93"
        },
        {
            "fiscalDateEnding": "2019-12-31",
            "totalCurrentAssets": "13925000000",
            "cashAndShortTermInvestments": "11313000000",
            "totalCurrentLiabilities": "5639000000",
            "currentDebt": "388000000",
            "netIncome": "-1096000000",
            "capitalExpenditures": "182000000",
            "operatingCashflow": "-1799000000",
            "grossProfit": "233000000",
            "totalRevenue": "2922000000",
            "sentiment": 0,
            "surprise": "0.04",
            "closePrice": "37.09"
        },
        {
            "fiscalDateEnding": "2019-09-30",
            "totalCurrentAssets": "15153000000",
            "cashAndShortTermInvestments": "12650000000",
            "totalCurrentLiabilities": "5372000000",
            "currentDebt": "354000000",
            "netIncome": "-1162000000",
            "capitalExpenditures": "129000000",
            "operatingCashflow": "-878000000",
            "grossProfit": "165000000",
            "totalRevenue": "3813000000",
            "sentiment": 0,
            "surprise": "0.13",
            "closePrice": "31.08"
        },
        {
            "fiscalDateEnding": "2019-06-30",
            "totalCurrentAssets": "14300000000",
            "cashAndShortTermInvestments": "11744000000",
            "totalCurrentLiabilities": "5570000000",
            "currentDebt": "340000000",
            "netIncome": "-5236000000",
            "capitalExpenditures": "148000000",
            "operatingCashflow": "-922000000",
            "grossProfit": "-1469000000",
            "totalRevenue": "3166000000",
            "sentiment": 0,
            "surprise": "-1.58",
            "closePrice": "42.97"
        },
        {
            "fiscalDateEnding": "2019-03-31",
            "totalCurrentAssets": "7930000000",
            "cashAndShortTermInvestments": "5745000000",
            "totalCurrentLiabilities": "4714000000",
            "currentDebt": "320000000",
            "netIncome": "-1012000000",
            "capitalExpenditures": "129000000",
            "operatingCashflow": "-722000000",
            "grossProfit": "-81000000",
            "totalRevenue": "3099000000",
            "sentiment": 0,
            "surprise": "0.03",
            "closePrice": "39.8"
        }
    ]
}