{
    "UCTT": [
        {
            "fiscalDateEnding": "2023-12-31",
            "totalCurrentAssets": "893200000",
            "cashAndShortTermInvestments": "307000000",
            "totalCurrentLiabilities": "310000000",
            "currentDebt": "17600000",
            "netIncome": "-3800000",
            "capitalExpenditures": "16600000",
            "operatingCashflow": "35300000",
            "grossProfit": "71000000",
            "totalRevenue": "444700000",
            "sentiment": 0,
            "surprise": "0.07",
            "closePrice": "42.21"
        },
        {
            "fiscalDateEnding": "2023-09-30",
            "totalCurrentAssets": "925800000",
            "cashAndShortTermInvestments": "342000000",
            "totalCurrentLiabilities": "293600000",
            "currentDebt": "17600000",
            "netIncome": "-14500000",
            "capitalExpenditures": "12200000",
            "operatingCashflow": "36200000",
            "grossProfit": "65200000",
            "totalRevenue": "435000000",
            "sentiment": 0,
            "surprise": "-0.06",
            "closePrice": "23.29"
        },
        {
            "fiscalDateEnding": "2023-06-30",
            "totalCurrentAssets": "935400000",
            "cashAndShortTermInvestments": "320800000",
            "totalCurrentLiabilities": "294300000",
            "currentDebt": "17800000",
            "netIncome": "-9400000",
            "capitalExpenditures": "19700000",
            "operatingCashflow": "36400000",
            "grossProfit": "68100000",
            "totalRevenue": "421500000",
            "sentiment": 0.290171,
            "surprise": "-0.09",
            "closePrice": "36.15"
        },
        {
            "fiscalDateEnding": "2023-03-31",
            "totalCurrentAssets": "981200000",
            "cashAndShortTermInvestments": "322100000",
            "totalCurrentLiabilities": "313700000",
            "currentDebt": "22700000",
            "netIncome": "-3400000",
            "capitalExpenditures": "27300000",
            "operatingCashflow": "28000000",
            "grossProfit": "73000000",
            "totalRevenue": "433300000",
            "sentiment": 0,
            "surprise": "-0.06",
            "closePrice": "28.46"
        },
        {
            "fiscalDateEnding": "2022-12-31",
            "totalCurrentAssets": "1098800000",
            "cashAndShortTermInvestments": "358800000",
            "totalCurrentLiabilities": "389200000",
            "currentDebt": "20800000",
            "netIncome": "27900000",
            "capitalExpenditures": "32200000",
            "operatingCashflow": "-38800000",
            "grossProfit": "108400000",
            "totalRevenue": "566400000",
            "sentiment": 0,
            "surprise": "0.16",
            "closePrice": "33.81"
        },
        {
            "fiscalDateEnding": "2022-09-30",
            "totalCurrentAssets": "1136100000",
            "cashAndShortTermInvestments": "453500000",
            "totalCurrentLiabilities": "407400000",
            "currentDebt": "20100000",
            "netIncome": "9700000",
            "capitalExpenditures": "21400000",
            "operatingCashflow": "71700000",
            "grossProfit": "124400000",
            "totalRevenue": "635000000",
            "sentiment": 0,
            "surprise": "0",
            "closePrice": "28.95"
        },
        {
            "fiscalDateEnding": "2022-06-30",
            "totalCurrentAssets": "1111800000",
            "cashAndShortTermInvestments": "421364000",
            "totalCurrentLiabilities": "395400000",
            "currentDebt": "None",
            "netIncome": "-25100000",
            "capitalExpenditures": "18100000",
            "operatingCashflow": "81700000",
            "grossProfit": "118400000",
            "totalRevenue": "608700000",
            "sentiment": 0,
            "surprise": "0.01",
            "closePrice": "36.09"
        },
        {
            "fiscalDateEnding": "2022-03-31",
            "totalCurrentAssets": "1122700000",
            "cashAndShortTermInvestments": "367004000",
            "totalCurrentLiabilities": "417600000",
            "currentDebt": "None",
            "netIncome": "27900000",
            "capitalExpenditures": "28400000",
            "operatingCashflow": "-67400000",
            "grossProfit": "113700000",
            "totalRevenue": "564100000",
            "sentiment": 0,
            "surprise": "-0.04",
            "closePrice": "32.84"
        },
        {
            "fiscalDateEnding": "2021-12-31",
            "totalCurrentAssets": "1137100000",
            "cashAndShortTermInvestments": "466500000",
            "totalCurrentLiabilities": "469100000",
            "currentDebt": "22100000",
            "netIncome": "45500000",
            "capitalExpenditures": "16600000",
            "operatingCashflow": "41600000",
            "grossProfit": "129100000",
            "totalRevenue": "615100000",
            "sentiment": 0,
            "surprise": "0.02",
            "closePrice": "44.64"
        },
        {
            "fiscalDateEnding": "2021-09-30",
            "totalCurrentAssets": "1052700000",
            "cashAndShortTermInvestments": "457000000",
            "totalCurrentLiabilities": "411000000",
            "currentDebt": "23200000",
            "netIncome": "31900000",
            "capitalExpenditures": "20000000",
            "operatingCashflow": "53300000",
            "grossProfit": "114100000",
            "totalRevenue": "553700000",
            "sentiment": 0,
            "surprise": "0.06",
            "closePrice": "42.84"
        },
        {
            "fiscalDateEnding": "2021-06-30",
            "totalCurrentAssets": "999300000",
            "cashAndShortTermInvestments": "451400000",
            "totalCurrentLiabilities": "355000000",
            "currentDebt": "21600000",
            "netIncome": "17100000",
            "capitalExpenditures": "16200000",
            "operatingCashflow": "51100000",
            "grossProfit": "99900000",
            "totalRevenue": "515200000",
            "sentiment": 0,
            "surprise": "0.02",
            "closePrice": "54.13"
        },
        {
            "fiscalDateEnding": "2021-03-31",
            "totalCurrentAssets": "636200000",
            "cashAndShortTermInvestments": "264300000",
            "totalCurrentLiabilities": "263100000",
            "currentDebt": "8000000",
            "netIncome": "25000000",
            "capitalExpenditures": "6500000",
            "operatingCashflow": "65600000",
            "grossProfit": "86900000",
            "totalRevenue": "417600000",
            "sentiment": 0,
            "surprise": "0.07",
            "closePrice": "54.69"
        },
        {
            "fiscalDateEnding": "2020-12-31",
            "totalCurrentAssets": "545100000",
            "cashAndShortTermInvestments": "200300000",
            "totalCurrentLiabilities": "201200000",
            "currentDebt": "7400000",
            "netIncome": "22500000",
            "capitalExpenditures": "9900000",
            "operatingCashflow": "44400000",
            "grossProfit": "77600000",
            "totalRevenue": "369600000",
            "sentiment": 0,
            "surprise": "0.1",
            "closePrice": "50.69"
        },
        {
            "fiscalDateEnding": "2020-09-30",
            "totalCurrentAssets": "514100000",
            "cashAndShortTermInvestments": "176100000",
            "totalCurrentLiabilities": "195300000",
            "currentDebt": "7500000",
            "netIncome": "24400000",
            "capitalExpenditures": "9500000",
            "operatingCashflow": "19700000",
            "grossProfit": "74600000",
            "totalRevenue": "363300000",
            "sentiment": 0,
            "surprise": "0.08",
            "closePrice": "21.64"
        },
        {
            "fiscalDateEnding": "2020-06-30",
            "totalCurrentAssets": "565800000",
            "cashAndShortTermInvestments": "214400000",
            "totalCurrentLiabilities": "226900000",
            "currentDebt": "19800000",
            "netIncome": "21300000",
            "capitalExpenditures": "10300000",
            "operatingCashflow": "17500000",
            "grossProfit": "73900000",
            "totalRevenue": "344800000",
            "sentiment": 0,
            "surprise": "0.28",
            "closePrice": "24.82"
        },
        {
            "fiscalDateEnding": "2020-03-31",
            "totalCurrentAssets": "527900000",
            "cashAndShortTermInvestments": "208100000",
            "totalCurrentLiabilities": "213000000",
            "currentDebt": "21700000",
            "netIncome": "9400000",
            "capitalExpenditures": "6700000",
            "operatingCashflow": "15700000",
            "grossProfit": "65700000",
            "totalRevenue": "320900000",
            "sentiment": 0,
            "surprise": "0.08",
            "closePrice": "18.85"
        },
        {
            "fiscalDateEnding": "2019-12-31",
            "totalCurrentAssets": "467000000",
            "cashAndShortTermInvestments": "162500000",
            "totalCurrentLiabilities": "210600000",
            "currentDebt": "22000000",
            "netIncome": "-10300000",
            "capitalExpenditures": "13635000",
            "operatingCashflow": "31900000",
            "grossProfit": "56300000",
            "totalRevenue": "286400000",
            "sentiment": 0,
            "surprise": "0.07",
            "closePrice": "26.225"
        },
        {
            "fiscalDateEnding": "2019-09-30",
            "totalCurrentAssets": "442910000",
            "cashAndShortTermInvestments": "158690000",
            "totalCurrentLiabilities": "162647000",
            "currentDebt": "21086000",
            "netIncome": "500000",
            "capitalExpenditures": "5915000",
            "operatingCashflow": "21100000",
            "grossProfit": "47500000",
            "totalRevenue": "254300000",
            "sentiment": 0,
            "surprise": "0.05",
            "closePrice": "18.1"
        },
        {
            "fiscalDateEnding": "2019-06-30",
            "totalCurrentAssets": "454591000",
            "cashAndShortTermInvestments": "168128000",
            "totalCurrentLiabilities": "154969000",
            "currentDebt": "7203000",
            "netIncome": "-200000",
            "capitalExpenditures": "1906000",
            "operatingCashflow": "49900000",
            "grossProfit": "48200000",
            "totalRevenue": "265400000",
            "sentiment": 0,
            "surprise": "0.03",
            "closePrice": "14.59"
        },
        {
            "fiscalDateEnding": "2019-03-31",
            "totalCurrentAssets": "474100000",
            "cashAndShortTermInvestments": "154774000",
            "totalCurrentLiabilities": "156693000",
            "currentDebt": "9686000",
            "netIncome": "600000",
            "capitalExpenditures": "4844000",
            "operatingCashflow": "18100000",
            "grossProfit": "44800000",
            "totalRevenue": "260100000",
            "sentiment": 0,
            "surprise": "0.08",
            "closePrice": "12.57"
        },
        {
            "fiscalDateEnding": "2018-12-31",
            "totalCurrentAssets": "462900000",
            "cashAndShortTermInvestments": "144145000",
            "totalCurrentLiabilities": "139300000",
            "currentDebt": "9671000",
            "netIncome": "-1100000",
            "capitalExpenditures": "10626000",
            "operatingCashflow": "26369000",
            "grossProfit": "45900000",
            "totalRevenue": "257400000",
            "sentiment": 0,
            "surprise": "-0.02",
            "closePrice": "12.61"
        },
        {
            "fiscalDateEnding": "2018-09-30",
            "totalCurrentAssets": "484847000",
            "cashAndShortTermInvestments": "160340000",
            "totalCurrentLiabilities": "175623000",
            "currentDebt": "42818000",
            "netIncome": "-6000000",
            "capitalExpenditures": "5860000",
            "operatingCashflow": "27377000",
            "grossProfit": "35000000",
            "totalRevenue": "234100000",
            "sentiment": 0,
            "surprise": "0",
            "closePrice": "11.52"
        },
        {
            "fiscalDateEnding": "2018-06-30",
            "totalCurrentAssets": "483439000",
            "cashAndShortTermInvestments": "141146000",
            "totalCurrentLiabilities": "188868000",
            "currentDebt": "54826000",
            "netIncome": "19000000",
            "capitalExpenditures": "3755000",
            "operatingCashflow": "-17125000",
            "grossProfit": "46100000",
            "totalRevenue": "290200000",
            "sentiment": 0,
            "surprise": "-0.02",
            "closePrice": "14.85"
        },
        {
            "fiscalDateEnding": "2018-03-31",
            "totalCurrentAssets": "521048000",
            "cashAndShortTermInvestments": "162365000",
            "totalCurrentLiabilities": "245492000",
            "currentDebt": "54779000",
            "netIncome": "24700000",
            "capitalExpenditures": "5911000",
            "operatingCashflow": "5079000",
            "grossProfit": "48800000",
            "totalRevenue": "314800000",
            "sentiment": 0,
            "surprise": "0.1",
            "closePrice": "15.83"
        },
        {
            "fiscalDateEnding": "2017-12-31",
            "totalCurrentAssets": "407448000",
            "cashAndShortTermInvestments": "68306000",
            "totalCurrentLiabilities": "207347000",
            "currentDebt": "12381000",
            "netIncome": "20864000",
            "capitalExpenditures": "3615000",
            "operatingCashflow": "11274000",
            "grossProfit": "44138000",
            "totalRevenue": "249122000",
            "sentiment": 0,
            "surprise": "-0.01",
            "closePrice": "19.96"
        },
        {
            "fiscalDateEnding": "2017-09-30",
            "totalCurrentAssets": "350364000",
            "cashAndShortTermInvestments": "65939000",
            "totalCurrentLiabilities": "170248000",
            "currentDebt": "15518000",
            "netIncome": "19716000",
            "capitalExpenditures": "6764000",
            "operatingCashflow": "17445000",
            "grossProfit": "42696000",
            "totalRevenue": "242610000",
            "sentiment": 0,
            "surprise": "-0.02",
            "closePrice": "32.69"
        },
        {
            "fiscalDateEnding": "2017-06-30",
            "totalCurrentAssets": "307890000",
            "cashAndShortTermInvestments": "59482000",
            "totalCurrentLiabilities": "142279000",
            "currentDebt": "16117000",
            "netIncome": "20179000",
            "capitalExpenditures": "2986000",
            "operatingCashflow": "4376000",
            "grossProfit": "43371000",
            "totalRevenue": "228261000",
            "sentiment": 0,
            "surprise": "0.11",
            "closePrice": "24.54"
        },
        {
            "fiscalDateEnding": "2017-03-31",
            "totalCurrentAssets": "279041000",
            "cashAndShortTermInvestments": "54935000",
            "totalCurrentLiabilities": "131132000",
            "currentDebt": "16108000",
            "netIncome": "14341000",
            "capitalExpenditures": "2784000",
            "operatingCashflow": "-1378000",
            "grossProfit": "37495000",
            "totalRevenue": "204556000",
            "sentiment": 0,
            "surprise": "0.05",
            "closePrice": "17.51"
        },
        {
            "fiscalDateEnding": "2016-12-31",
            "totalCurrentAssets": "237450000",
            "cashAndShortTermInvestments": "52465000",
            "totalCurrentLiabilities": "101061000",
            "currentDebt": "16819000",
            "netIncome": "9953000",
            "capitalExpenditures": "1818000",
            "operatingCashflow": "8258000",
            "grossProfit": "29701000",
            "totalRevenue": "174337000",
            "sentiment": 0,
            "surprise": "0.09",
            "closePrice": "12.58"
        },
        {
            "fiscalDateEnding": "2016-09-23",
            "totalCurrentAssets": "209031000",
            "cashAndShortTermInvestments": "47270000",
            "totalCurrentLiabilities": "85023000",
            "currentDebt": "15196000",
            "netIncome": "2614000",
            "capitalExpenditures": "1758000",
            "operatingCashflow": "4471000",
            "grossProfit": "23491000",
            "totalRevenue": "146154000",
            "sentiment": 0,
            "surprise": "0.05",
            "closePrice": "7.99"
        },
        {
            "fiscalDateEnding": "2016-06-30",
            "totalCurrentAssets": "214315000",
            "cashAndShortTermInvestments": "0",
            "totalCurrentLiabilities": "92892000",
            "currentDebt": "12992000",
            "netIncome": "723000",
            "capitalExpenditures": "1672000",
            "operatingCashflow": "913000",
            "grossProfit": "19021000",
            "totalRevenue": "1185000",
            "sentiment": 0,
            "surprise": "0.02",
            "closePrice": "6.18"
        },
        {
            "fiscalDateEnding": "2016-03-31",
            "totalCurrentAssets": "200720000",
            "cashAndShortTermInvestments": "45539000",
            "totalCurrentLiabilities": "79704000",
            "currentDebt": "13789000",
            "netIncome": "-3239000",
            "capitalExpenditures": "2030000",
            "operatingCashflow": "-3267000",
            "grossProfit": "14570000",
            "totalRevenue": "111591000",
            "sentiment": 0,
            "surprise": "-0.0726",
            "closePrice": "5.53"
        },
        {
            "fiscalDateEnding": "2015-12-31",
            "totalCurrentAssets": "190139000",
            "cashAndShortTermInvestments": "50103000",
            "totalCurrentLiabilities": "64204000",
            "currentDebt": "12744000",
            "netIncome": "-15788000",
            "capitalExpenditures": "4956000",
            "operatingCashflow": "-9792000",
            "grossProfit": "13341000",
            "totalRevenue": "103381000",
            "sentiment": 0,
            "surprise": "0.01",
            "closePrice": "4.75"
        },
        {
            "fiscalDateEnding": "2015-09-30",
            "totalCurrentAssets": "205379000",
            "cashAndShortTermInvestments": "59783000",
            "totalCurrentLiabilities": "70525000",
            "currentDebt": "11207000",
            "netIncome": "1676000",
            "capitalExpenditures": "1400000",
            "operatingCashflow": "2790000",
            "grossProfit": "18948000",
            "totalRevenue": "122816000",
            "sentiment": 0,
            "surprise": "-0.01",
            "closePrice": "5.3"
        },
        {
            "fiscalDateEnding": "2015-06-30",
            "totalCurrentAssets": "211185000",
            "cashAndShortTermInvestments": "76614000",
            "totalCurrentLiabilities": "62210000",
            "currentDebt": "6514000",
            "netIncome": "2207000",
            "capitalExpenditures": "1214000",
            "operatingCashflow": "3250000",
            "grossProfit": "18822000",
            "totalRevenue": "117549000",
            "sentiment": 0,
            "surprise": "0.05",
            "closePrice": "5.42"
        },
        {
            "fiscalDateEnding": "2015-03-31",
            "totalCurrentAssets": "211015000",
            "cashAndShortTermInvestments": "69607000",
            "totalCurrentLiabilities": "63465000",
            "currentDebt": "4847000",
            "netIncome": "1173000",
            "capitalExpenditures": "2582000",
            "operatingCashflow": "-14188000",
            "grossProfit": "19919000",
            "totalRevenue": "124004000",
            "sentiment": 0,
            "surprise": "0.01",
            "closePrice": "6.83"
        },
        {
            "fiscalDateEnding": "2014-12-31",
            "totalCurrentAssets": "208447000",
            "cashAndShortTermInvestments": "78997000",
            "totalCurrentLiabilities": "66168000",
            "currentDebt": "9541000",
            "netIncome": "3532000",
            "capitalExpenditures": "3268000",
            "operatingCashflow": "10504000",
            "grossProfit": "18363000",
            "totalRevenue": "121386000",
            "sentiment": 0,
            "surprise": "0.03",
            "closePrice": "9.75"
        },
        {
            "fiscalDateEnding": "2014-09-30",
            "totalCurrentAssets": "198074000",
            "cashAndShortTermInvestments": "75147000",
            "totalCurrentLiabilities": "88398000",
            "currentDebt": "None",
            "netIncome": "-5262000",
            "capitalExpenditures": "653000",
            "operatingCashflow": "-4105000",
            "grossProfit": "10307000",
            "totalRevenue": "117041000",
            "sentiment": 0,
            "surprise": "0.01",
            "closePrice": "8.26"
        },
        {
            "fiscalDateEnding": "2014-06-30",
            "totalCurrentAssets": "214703000",
            "cashAndShortTermInvestments": "69365000",
            "totalCurrentLiabilities": "99683000",
            "currentDebt": "None",
            "netIncome": "6032000",
            "capitalExpenditures": "901000",
            "operatingCashflow": "7025000",
            "grossProfit": "21152000",
            "totalRevenue": "132677000",
            "sentiment": 0,
            "surprise": "0.03",
            "closePrice": "9.16"
        },
        {
            "fiscalDateEnding": "2014-03-31",
            "totalCurrentAssets": "222730000",
            "cashAndShortTermInvestments": "74289000",
            "totalCurrentLiabilities": "113120000",
            "currentDebt": "None",
            "netIncome": "7056000",
            "capitalExpenditures": "512000",
            "operatingCashflow": "4016000",
            "grossProfit": "23311000",
            "totalRevenue": "142324000",
            "sentiment": 0,
            "surprise": "-0.03",
            "closePrice": "11.81"
        },
        {
            "fiscalDateEnding": "2013-12-31",
            "totalCurrentAssets": "200459000",
            "cashAndShortTermInvestments": "60415000",
            "totalCurrentLiabilities": "100044000",
            "currentDebt": "None",
            "netIncome": "6371000",
            "capitalExpenditures": "675000",
            "operatingCashflow": "-3808000",
            "grossProfit": "21570000",
            "totalRevenue": "126268000",
            "sentiment": 0,
            "surprise": "0.02",
            "closePrice": "11.94"
        },
        {
            "fiscalDateEnding": "2013-09-30",
            "totalCurrentAssets": "173027000",
            "cashAndShortTermInvestments": "65941000",
            "totalCurrentLiabilities": "80935000",
            "currentDebt": "None",
            "netIncome": "2048000",
            "capitalExpenditures": "1578000",
            "operatingCashflow": "8255000",
            "grossProfit": "15833000",
            "totalRevenue": "107183000",
            "sentiment": 0,
            "surprise": "0.03",
            "closePrice": "7.11"
        },
        {
            "fiscalDateEnding": "2013-06-30",
            "totalCurrentAssets": "173913000",
            "cashAndShortTermInvestments": "71333000",
            "totalCurrentLiabilities": "86657000",
            "currentDebt": "None",
            "netIncome": "2316000",
            "capitalExpenditures": "465000",
            "operatingCashflow": "9217000",
            "grossProfit": "16103000",
            "totalRevenue": "110107000",
            "sentiment": 0,
            "surprise": "0.03",
            "closePrice": "6.12"
        },
        {
            "fiscalDateEnding": "2013-03-31",
            "totalCurrentAssets": "172327000",
            "cashAndShortTermInvestments": "64943000",
            "totalCurrentLiabilities": "88778000",
            "currentDebt": "None",
            "netIncome": "-311000",
            "capitalExpenditures": "245000",
            "operatingCashflow": "16267000",
            "grossProfit": "13823000",
            "totalRevenue": "98564000",
            "sentiment": 0,
            "surprise": "0",
            "closePrice": "5.51"
        },
        {
            "fiscalDateEnding": "2012-12-31",
            "totalCurrentAssets": "165119000",
            "cashAndShortTermInvestments": "54311000",
            "totalCurrentLiabilities": "79236000",
            "currentDebt": "None",
            "netIncome": "-1729000",
            "capitalExpenditures": "200000",
            "operatingCashflow": "-1590000",
            "grossProfit": "11551000",
            "totalRevenue": "90067000",
            "sentiment": 0,
            "surprise": "None",
            "closePrice": "6.22"
        },
        {
            "fiscalDateEnding": "2012-09-30",
            "totalCurrentAssets": "176588000",
            "cashAndShortTermInvestments": "58329000",
            "totalCurrentLiabilities": "90085000",
            "currentDebt": "None",
            "netIncome": "-1123000",
            "capitalExpenditures": "193000",
            "operatingCashflow": "8610000",
            "grossProfit": "14323000",
            "totalRevenue": "100849000",
            "sentiment": 0,
            "surprise": "-0.02",
            "closePrice": "4.65"
        },
        {
            "fiscalDateEnding": "2012-06-30",
            "totalCurrentAssets": "143894000",
            "cashAndShortTermInvestments": "51137000",
            "totalCurrentLiabilities": "35616000",
            "currentDebt": "None",
            "netIncome": "2790000",
            "capitalExpenditures": "2000",
            "operatingCashflow": "16420000",
            "grossProfit": "14254000",
            "totalRevenue": "101949000",
            "sentiment": 0,
            "surprise": "0",
            "closePrice": "6.0"
        },
        {
            "fiscalDateEnding": "2012-03-31",
            "totalCurrentAssets": "169509000",
            "cashAndShortTermInvestments": "54770000",
            "totalCurrentLiabilities": "46976000",
            "currentDebt": "None",
            "netIncome": "4660000",
            "capitalExpenditures": "214000",
            "operatingCashflow": "3899000",
            "grossProfit": "15660000",
            "totalRevenue": "110565000",
            "sentiment": 0,
            "surprise": "0.03",
            "closePrice": "7.25"
        },
        {
            "fiscalDateEnding": "2011-12-31",
            "totalCurrentAssets": "154120000",
            "cashAndShortTermInvestments": "52155000",
            "totalCurrentLiabilities": "36742000",
            "currentDebt": "None",
            "netIncome": "7801000",
            "capitalExpenditures": "489000",
            "operatingCashflow": "15561000",
            "grossProfit": "9595000",
            "totalRevenue": "86873000",
            "sentiment": 0,
            "surprise": "0.03",
            "closePrice": "7.8"
        },
        {
            "fiscalDateEnding": "2011-09-30",
            "totalCurrentAssets": "155025000",
            "cashAndShortTermInvestments": "37872000",
            "totalCurrentLiabilities": "41508000",
            "currentDebt": "None",
            "netIncome": "3155000",
            "capitalExpenditures": "838000",
            "operatingCashflow": "1753000",
            "grossProfit": "12852000",
            "totalRevenue": "105306000",
            "sentiment": 0,
            "surprise": "-0.03",
            "closePrice": "4.97"
        },
        {
            "fiscalDateEnding": "2011-06-30",
            "totalCurrentAssets": "174144000",
            "cashAndShortTermInvestments": "37636000",
            "totalCurrentLiabilities": "64192000",
            "currentDebt": "None",
            "netIncome": "6958000",
            "capitalExpenditures": "1502000",
            "operatingCashflow": "4530000",
            "grossProfit": "18993000",
            "totalRevenue": "133741000",
            "sentiment": 0,
            "surprise": "0.02",
            "closePrice": "8.07"
        }
    ]
}