{
    "UI": [
        {
            "fiscalDateEnding": "2023-12-31",
            "totalCurrentAssets": "1105733000",
            "cashAndShortTermInvestments": "97662000",
            "totalCurrentLiabilities": "287787000",
            "currentDebt": "36508000",
            "netIncome": "82116000",
            "capitalExpenditures": "3852000",
            "operatingCashflow": "78581000",
            "grossProfit": "177647000",
            "totalRevenue": "464954000",
            "sentiment": 0.28889694666544624,
            "surprise": "-0.26",
            "closePrice": "116.747610077702"
        },
        {
            "fiscalDateEnding": "2023-09-30",
            "totalCurrentAssets": "1153686000",
            "cashAndShortTermInvestments": "108568000",
            "totalCurrentLiabilities": "338115000",
            "currentDebt": "36508000",
            "netIncome": "87750000",
            "capitalExpenditures": "3025000",
            "operatingCashflow": "67682000",
            "grossProfit": "183875000",
            "totalRevenue": "463078000",
            "sentiment": 0.31601612069459734,
            "surprise": "-0.43",
            "closePrice": "105.261614546155"
        },
        {
            "fiscalDateEnding": "2023-06-30",
            "totalCurrentAssets": "1167044000",
            "cashAndShortTermInvestments": "114935000",
            "totalCurrentLiabilities": "351819000",
            "currentDebt": "36508000",
            "netIncome": "103677000",
            "capitalExpenditures": "5284000",
            "operatingCashflow": "14444000",
            "grossProfit": "203327000",
            "totalRevenue": "492064000",
            "sentiment": 0.23740929310274828,
            "surprise": "-0.07",
            "closePrice": "175.179653259275"
        },
        {
            "fiscalDateEnding": "2023-03-31",
            "totalCurrentAssets": "1152392000",
            "cashAndShortTermInvestments": "152641000",
            "totalCurrentLiabilities": "362380000",
            "currentDebt": "24410000",
            "netIncome": "98577000",
            "capitalExpenditures": "2182000",
            "operatingCashflow": "-162205000",
            "grossProfit": "188476000",
            "totalRevenue": "457773000",
            "sentiment": 0.15122934961420847,
            "surprise": "-1.31",
            "closePrice": "198.156455549542"
        },
        {
            "fiscalDateEnding": "2022-12-31",
            "totalCurrentAssets": "1044659000",
            "cashAndShortTermInvestments": "159667000",
            "totalCurrentLiabilities": "514601000",
            "currentDebt": "24410000",
            "netIncome": "112205000",
            "capitalExpenditures": "4806000",
            "operatingCashflow": "-39651000",
            "grossProfit": "197561000",
            "totalRevenue": "493571000",
            "sentiment": 0.30742455297709054,
            "surprise": "0.58",
            "closePrice": "278.484200888447"
        },
        {
            "fiscalDateEnding": "2022-09-30",
            "totalCurrentAssets": "711562000",
            "cashAndShortTermInvestments": "136897000",
            "totalCurrentLiabilities": "361494000",
            "currentDebt": "24410000",
            "netIncome": "93182000",
            "capitalExpenditures": "8662000",
            "operatingCashflow": "41984000",
            "grossProfit": "171368000",
            "totalRevenue": "498083000",
            "sentiment": 0.20641798547907242,
            "surprise": "-0.25",
            "closePrice": "291.566323233111"
        },
        {
            "fiscalDateEnding": "2022-06-30",
            "totalCurrentAssets": "621573000",
            "cashAndShortTermInvestments": "136651000",
            "totalCurrentLiabilities": "310950000",
            "currentDebt": "23865000",
            "netIncome": "92504000",
            "capitalExpenditures": "2405000",
            "operatingCashflow": "69979000",
            "grossProfit": "169634000",
            "totalRevenue": "444170000",
            "sentiment": 0.010088180068568832,
            "surprise": "-0.25",
            "closePrice": "308.800248598509"
        },
        {
            "fiscalDateEnding": "2022-03-31",
            "totalCurrentAssets": "543272000",
            "cashAndShortTermInvestments": "146563000",
            "totalCurrentLiabilities": "241344000",
            "currentDebt": "23865000",
            "netIncome": "50354000",
            "capitalExpenditures": "4571000",
            "operatingCashflow": "104155000",
            "grossProfit": "116018000",
            "totalRevenue": "358068000",
            "sentiment": 0,
            "surprise": "-0.96",
            "closePrice": "226.875000755986"
        },
        {
            "fiscalDateEnding": "2021-12-31",
            "totalCurrentAssets": "672360000",
            "cashAndShortTermInvestments": "214365000",
            "totalCurrentLiabilities": "253627000",
            "currentDebt": "23865000",
            "netIncome": "103649000",
            "capitalExpenditures": "3521000",
            "operatingCashflow": "95187000",
            "grossProfit": "174698000",
            "totalRevenue": "431565000",
            "sentiment": 0,
            "surprise": "-0.63",
            "closePrice": "229.640691479064"
        },
        {
            "fiscalDateEnding": "2021-09-30",
            "totalCurrentAssets": "780334000",
            "cashAndShortTermInvestments": "267004000",
            "totalCurrentLiabilities": "322933000",
            "currentDebt": "23865000",
            "netIncome": "132150000",
            "capitalExpenditures": "2971000",
            "operatingCashflow": "100938000",
            "grossProfit": "209463000",
            "totalRevenue": "458570000",
            "sentiment": 0,
            "surprise": "-0.5",
            "closePrice": "299.669209876877"
        },
        {
            "fiscalDateEnding": "2021-06-30",
            "totalCurrentAssets": "694156000",
            "cashAndShortTermInvestments": "250738000",
            "totalCurrentLiabilities": "276412000",
            "currentDebt": "23865000",
            "netIncome": "154332000",
            "capitalExpenditures": "2323000",
            "operatingCashflow": "164249000",
            "grossProfit": "230748000",
            "totalRevenue": "479622000",
            "sentiment": 0,
            "surprise": "0.13",
            "closePrice": "311.727941110423"
        },
        {
            "fiscalDateEnding": "2021-03-31",
            "totalCurrentAssets": "697988000",
            "cashAndShortTermInvestments": "263804000",
            "totalCurrentLiabilities": "257641000",
            "currentDebt": "23865000",
            "netIncome": "146075000",
            "capitalExpenditures": "4132000",
            "operatingCashflow": "138824000",
            "grossProfit": "222738000",
            "totalRevenue": "467237000",
            "sentiment": 0,
            "surprise": "0.12",
            "closePrice": "271.172576559718"
        },
        {
            "fiscalDateEnding": "2020-12-31",
            "totalCurrentAssets": "610230000",
            "cashAndShortTermInvestments": "189622000",
            "totalCurrentLiabilities": "235563000",
            "currentDebt": "24067000",
            "netIncome": "159668000",
            "capitalExpenditures": "9034000",
            "operatingCashflow": "191988000",
            "grossProfit": "230674000",
            "totalRevenue": "479436000",
            "sentiment": 0,
            "surprise": "0.76",
            "closePrice": "327.48576328053"
        },
        {
            "fiscalDateEnding": "2020-09-30",
            "totalCurrentAssets": "601951000",
            "cashAndShortTermInvestments": "129440000",
            "totalCurrentLiabilities": "267050000",
            "currentDebt": "24067000",
            "netIncome": "156509000",
            "capitalExpenditures": "2836000",
            "operatingCashflow": "116961000",
            "grossProfit": "228116000",
            "totalRevenue": "473067000",
            "sentiment": 0,
            "surprise": "1.02",
            "closePrice": "236.517177578655"
        },
        {
            "fiscalDateEnding": "2020-06-30",
            "totalCurrentAssets": "586647000",
            "cashAndShortTermInvestments": "143542000",
            "totalCurrentLiabilities": "264297000",
            "currentDebt": "24067000",
            "netIncome": "92618000",
            "capitalExpenditures": "1833000",
            "operatingCashflow": "124954000",
            "grossProfit": "152060000",
            "totalRevenue": "315522000",
            "sentiment": 0,
            "surprise": "0.09",
            "closePrice": "178.652457554698"
        },
        {
            "fiscalDateEnding": "2020-03-31",
            "totalCurrentAssets": "482796000",
            "cashAndShortTermInvestments": "84713000",
            "totalCurrentLiabilities": "177749000",
            "currentDebt": "31381000",
            "netIncome": "103722000",
            "capitalExpenditures": "23601000",
            "operatingCashflow": "91992000",
            "grossProfit": "159635000",
            "totalRevenue": "337417000",
            "sentiment": 0,
            "surprise": "0.28",
            "closePrice": "181.21576661653"
        },
        {
            "fiscalDateEnding": "2019-12-31",
            "totalCurrentAssets": "529364000",
            "cashAndShortTermInvestments": "115890000",
            "totalCurrentLiabilities": "204686000",
            "currentDebt": "31366000",
            "netIncome": "85811000",
            "capitalExpenditures": "1852000",
            "operatingCashflow": "123688000",
            "grossProfit": "145086000",
            "totalRevenue": "308284000",
            "sentiment": 0,
            "surprise": "-0.08",
            "closePrice": "138.972056807321"
        },
        {
            "fiscalDateEnding": "2019-09-30",
            "totalCurrentAssets": "600782000",
            "cashAndShortTermInvestments": "152146000",
            "totalCurrentLiabilities": "227257000",
            "currentDebt": "30844000",
            "netIncome": "98146000",
            "capitalExpenditures": "3333000",
            "operatingCashflow": "119650000",
            "grossProfit": "151391000",
            "totalRevenue": "323277000",
            "sentiment": 0,
            "surprise": "0.15",
            "closePrice": "169.181466211431"
        },
        {
            "fiscalDateEnding": "2019-06-30",
            "totalCurrentAssets": "753811000",
            "cashAndShortTermInvestments": "308013000",
            "totalCurrentLiabilities": "179186000",
            "currentDebt": "30675000",
            "netIncome": "70895000",
            "capitalExpenditures": "1983000",
            "operatingCashflow": "101004000",
            "grossProfit": "132937000",
            "totalRevenue": "286641000",
            "sentiment": 0,
            "surprise": "0.03",
            "closePrice": "108.781140853058"
        },
        {
            "fiscalDateEnding": "2019-03-31",
            "totalCurrentAssets": "861147000",
            "cashAndShortTermInvestments": "371589000",
            "totalCurrentLiabilities": "171069000",
            "currentDebt": "27550000",
            "netIncome": "88300000",
            "capitalExpenditures": "2091000",
            "operatingCashflow": "13671000",
            "grossProfit": "132830000",
            "totalRevenue": "284911000",
            "sentiment": 0,
            "surprise": "0.16",
            "closePrice": "132.807934517691"
        },
        {
            "fiscalDateEnding": "2018-12-31",
            "totalCurrentAssets": "865917000",
            "cashAndShortTermInvestments": "396823000",
            "totalCurrentLiabilities": "232097000",
            "currentDebt": "24425000",
            "netIncome": "77796000",
            "capitalExpenditures": "1575000",
            "operatingCashflow": "50642000",
            "grossProfit": "140231000",
            "totalRevenue": "307276000",
            "sentiment": 0,
            "surprise": "0.24",
            "closePrice": "118.432228568014"
        },
        {
            "fiscalDateEnding": "2018-09-30",
            "totalCurrentAssets": "931746000",
            "cashAndShortTermInvestments": "577078000",
            "totalCurrentLiabilities": "152160000",
            "currentDebt": "24425000",
            "netIncome": "85703000",
            "capitalExpenditures": "4035000",
            "operatingCashflow": "93941000",
            "grossProfit": "131606000",
            "totalRevenue": "282905000",
            "sentiment": 0,
            "surprise": "0.12",
            "closePrice": "105.45178926315"
        },
        {
            "fiscalDateEnding": "2018-06-30",
            "totalCurrentAssets": "1001352000",
            "cashAndShortTermInvestments": "666681000",
            "totalCurrentLiabilities": "112916000",
            "currentDebt": "24425000",
            "netIncome": "70085000",
            "capitalExpenditures": "1797000",
            "operatingCashflow": "46938000",
            "grossProfit": "120540000",
            "totalRevenue": "269778000",
            "sentiment": 0,
            "surprise": "0",
            "closePrice": "78.5970010516338"
        },
        {
            "fiscalDateEnding": "2018-03-31",
            "totalCurrentAssets": "1019493000",
            "cashAndShortTermInvestments": "690806000",
            "totalCurrentLiabilities": "152476000",
            "currentDebt": "24425000",
            "netIncome": "102739000",
            "capitalExpenditures": "1123000",
            "operatingCashflow": "119443000",
            "grossProfit": "114476000",
            "totalRevenue": "250404000",
            "sentiment": 0,
            "surprise": "0.05",
            "closePrice": "77.0640472627625"
        },
        {
            "fiscalDateEnding": "2017-12-31",
            "totalCurrentAssets": "1147640000",
            "cashAndShortTermInvestments": "823776000",
            "totalCurrentLiabilities": "104878000",
            "currentDebt": "14743000",
            "netIncome": "-51459000",
            "capitalExpenditures": "3263000",
            "operatingCashflow": "68746000",
            "grossProfit": "96900000",
            "totalRevenue": "250811000",
            "sentiment": 0,
            "surprise": "-0.13",
            "closePrice": "63.8352238254661"
        },
        {
            "fiscalDateEnding": "2017-09-30",
            "totalCurrentAssets": "962658000",
            "cashAndShortTermInvestments": "631810000",
            "totalCurrentLiabilities": "106927000",
            "currentDebt": "14743000",
            "netIncome": "74925000",
            "capitalExpenditures": "2932000",
            "operatingCashflow": "96920000",
            "grossProfit": "111656000",
            "totalRevenue": "245868000",
            "sentiment": 0,
            "surprise": "0.06",
            "closePrice": "59.2647504919796"
        },
        {
            "fiscalDateEnding": "2017-06-30",
            "totalCurrentAssets": "952334000",
            "cashAndShortTermInvestments": "604198000",
            "totalCurrentLiabilities": "98488000",
            "currentDebt": "14743000",
            "netIncome": "60678000",
            "capitalExpenditures": "1528000",
            "operatingCashflow": "46141000",
            "grossProfit": "103179000",
            "totalRevenue": "228616000",
            "sentiment": 0,
            "surprise": "0.01",
            "closePrice": "59.4823920792885"
        },
        {
            "fiscalDateEnding": "2017-03-31",
            "totalCurrentAssets": "862711000",
            "cashAndShortTermInvestments": "533944000",
            "totalCurrentLiabilities": "99103000",
            "currentDebt": "14743000",
            "netIncome": "64432000",
            "capitalExpenditures": "2868000",
            "operatingCashflow": "-9776000",
            "grossProfit": "99086000",
            "totalRevenue": "218359000",
            "sentiment": 0,
            "surprise": "0.04",
            "closePrice": "47.4742540664636"
        },
        {
            "fiscalDateEnding": "2016-12-31",
            "totalCurrentAssets": "886592000",
            "cashAndShortTermInvestments": "612725000",
            "totalCurrentLiabilities": "119278000",
            "currentDebt": "13493000",
            "netIncome": "60608000",
            "capitalExpenditures": "1772000",
            "operatingCashflow": "42902000",
            "grossProfit": "95139000",
            "totalRevenue": "213536000",
            "sentiment": 0,
            "surprise": "-0.05",
            "closePrice": "60.6841521483418"
        },
        {
            "fiscalDateEnding": "2016-09-30",
            "totalCurrentAssets": "785602000",
            "cashAndShortTermInvestments": "573644000",
            "totalCurrentLiabilities": "77121000",
            "currentDebt": "12243000",
            "netIncome": "71788000",
            "capitalExpenditures": "1064000",
            "operatingCashflow": "32769000",
            "grossProfit": "98304000",
            "totalRevenue": "204757000",
            "sentiment": 0,
            "surprise": "0.1",
            "closePrice": "48.9788198222076"
        },
        {
            "fiscalDateEnding": "2016-06-30",
            "totalCurrentAssets": "728384000",
            "cashAndShortTermInvestments": "551031000",
            "totalCurrentLiabilities": "90663000",
            "currentDebt": "11250000",
            "netIncome": "57706000",
            "capitalExpenditures": "1428000",
            "operatingCashflow": "45564000",
            "grossProfit": "89757000",
            "totalRevenue": "185676000",
            "sentiment": 0,
            "surprise": "0.05",
            "closePrice": "42.6388257571228"
        },
        {
            "fiscalDateEnding": "2016-03-31",
            "totalCurrentAssets": "641428000",
            "cashAndShortTermInvestments": "502549000",
            "totalCurrentLiabilities": "57315000",
            "currentDebt": "10000000",
            "netIncome": "52699000",
            "capitalExpenditures": "1798000",
            "operatingCashflow": "26870000",
            "grossProfit": "82493000",
            "totalRevenue": "167433000",
            "sentiment": 0,
            "surprise": "0.07",
            "closePrice": "33.3937896353498"
        },
        {
            "fiscalDateEnding": "2015-12-31",
            "totalCurrentAssets": "619940000",
            "cashAndShortTermInvestments": "496672000",
            "totalCurrentLiabilities": "70556000",
            "currentDebt": "10000000",
            "netIncome": "49452000",
            "capitalExpenditures": "1192000",
            "operatingCashflow": "77347000",
            "grossProfit": "79041000",
            "totalRevenue": "161871000",
            "sentiment": 0,
            "surprise": "0.07",
            "closePrice": "26.5617363293927"
        },
        {
            "fiscalDateEnding": "2015-09-30",
            "totalCurrentAssets": "564587000",
            "cashAndShortTermInvestments": "436080000",
            "totalCurrentLiabilities": "63295000",
            "currentDebt": "10000000",
            "netIncome": "53759000",
            "capitalExpenditures": "1830000",
            "operatingCashflow": "47727000",
            "grossProfit": "73504000",
            "totalRevenue": "151415000",
            "sentiment": 0,
            "surprise": "0.03",
            "closePrice": "28.2839436724456"
        },
        {
            "fiscalDateEnding": "2015-06-30",
            "totalCurrentAssets": "581346000",
            "cashAndShortTermInvestments": "446401000",
            "totalCurrentLiabilities": "70134000",
            "currentDebt": "10000000",
            "netIncome": "4518000",
            "capitalExpenditures": "1907000",
            "operatingCashflow": "18203000",
            "grossProfit": "66138000",
            "totalRevenue": "145267000",
            "sentiment": 0,
            "surprise": "0.04",
            "closePrice": "30.3278820576073"
        },
        {
            "fiscalDateEnding": "2015-03-31",
            "totalCurrentAssets": "601191000",
            "cashAndShortTermInvestments": "451159000",
            "totalCurrentLiabilities": "74379000",
            "currentDebt": "10000000",
            "netIncome": "41137000",
            "capitalExpenditures": "2426000",
            "operatingCashflow": "36726000",
            "grossProfit": "65977000",
            "totalRevenue": "147456000",
            "sentiment": 0,
            "surprise": "0",
            "closePrice": "26.826691305247"
        },
        {
            "fiscalDateEnding": "2014-12-31",
            "totalCurrentAssets": "536594000",
            "cashAndShortTermInvestments": "388603000",
            "totalCurrentLiabilities": "70290000",
            "currentDebt": "None",
            "netIncome": "46265000",
            "capitalExpenditures": "4930000",
            "operatingCashflow": "32676000",
            "grossProfit": "69021000",
            "totalRevenue": "153137000",
            "sentiment": 0,
            "surprise": "0.05",
            "closePrice": "24.8206036309217"
        },
        {
            "fiscalDateEnding": "2014-09-30",
            "totalCurrentAssets": "518266000",
            "cashAndShortTermInvestments": "391016000",
            "totalCurrentLiabilities": "82031000",
            "currentDebt": "None",
            "netIncome": "37743000",
            "capitalExpenditures": "3461000",
            "operatingCashflow": "46942000",
            "grossProfit": "61051000",
            "totalRevenue": "150087000",
            "sentiment": 0,
            "surprise": "-0.05",
            "closePrice": "32.7597902288413"
        },
        {
            "fiscalDateEnding": "2014-06-30",
            "totalCurrentAssets": "465724000",
            "cashAndShortTermInvestments": "347097000",
            "totalCurrentLiabilities": "52315000",
            "currentDebt": "0",
            "netIncome": "49418000",
            "capitalExpenditures": "801000",
            "operatingCashflow": "55793000",
            "grossProfit": "68861000",
            "totalRevenue": "156007000",
            "sentiment": 0,
            "surprise": "0.05",
            "closePrice": "37.0166148676053"
        },
        {
            "fiscalDateEnding": "2014-03-31",
            "totalCurrentAssets": "424737000",
            "cashAndShortTermInvestments": "291670000",
            "totalCurrentLiabilities": "67863000",
            "currentDebt": "6269000",
            "netIncome": "45199000",
            "capitalExpenditures": "1282000",
            "operatingCashflow": "-13970000",
            "grossProfit": "65612000",
            "totalRevenue": "148331000",
            "sentiment": 0,
            "surprise": "0.01",
            "closePrice": "38.9465248492582"
        },
        {
            "fiscalDateEnding": "2013-12-31",
            "totalCurrentAssets": "382642000",
            "cashAndShortTermInvestments": "305553000",
            "totalCurrentLiabilities": "73111000",
            "currentDebt": "5642000",
            "netIncome": "41792000",
            "capitalExpenditures": "1502000",
            "operatingCashflow": "27624000",
            "grossProfit": "60971000",
            "totalRevenue": "138439000",
            "sentiment": 0,
            "surprise": "0.03",
            "closePrice": "38.5417144628627"
        },
        {
            "fiscalDateEnding": "2013-09-30",
            "totalCurrentAssets": "334908000",
            "cashAndShortTermInvestments": "279729000",
            "totalCurrentLiabilities": "67810000",
            "currentDebt": "5015000",
            "netIncome": "40528000",
            "capitalExpenditures": "460000",
            "operatingCashflow": "51880000",
            "grossProfit": "58023000",
            "totalRevenue": "129687000",
            "sentiment": 0,
            "surprise": "0.06",
            "closePrice": "35.0019771306604"
        },
        {
            "fiscalDateEnding": "2013-06-30",
            "totalCurrentAssets": "283474000",
            "cashAndShortTermInvestments": "227826000",
            "totalCurrentLiabilities": "59421000",
            "currentDebt": "5013000",
            "netIncome": "28841000",
            "capitalExpenditures": "955000",
            "operatingCashflow": "46207000",
            "grossProfit": "44364000",
            "totalRevenue": "101232000",
            "sentiment": 0,
            "surprise": "0.06",
            "closePrice": "19.9580934688004"
        },
        {
            "fiscalDateEnding": "2013-03-31",
            "totalCurrentAssets": "243638000",
            "cashAndShortTermInvestments": "181689000",
            "totalCurrentLiabilities": "56696000",
            "currentDebt": "5011000",
            "netIncome": "20667000",
            "capitalExpenditures": "941000",
            "operatingCashflow": "35159000",
            "grossProfit": "35465000",
            "totalRevenue": "83155000",
            "sentiment": 0,
            "surprise": "0.02",
            "closePrice": "15.1662681972818"
        },
        {
            "fiscalDateEnding": "2012-12-31",
            "totalCurrentAssets": "222479000",
            "cashAndShortTermInvestments": "148301000",
            "totalCurrentLiabilities": "55247000",
            "currentDebt": "5009000",
            "netIncome": "17803000",
            "capitalExpenditures": "1118000",
            "operatingCashflow": "26830000",
            "grossProfit": "30485000",
            "totalRevenue": "74901000",
            "sentiment": 0,
            "surprise": "0.02",
            "closePrice": "13.9989080132577"
        },
        {
            "fiscalDateEnding": "2012-09-30",
            "totalCurrentAssets": "204305000",
            "cashAndShortTermInvestments": "132486000",
            "totalCurrentLiabilities": "44970000",
            "currentDebt": "5008000",
            "netIncome": "13179000",
            "capitalExpenditures": "2349000",
            "operatingCashflow": "23695000",
            "grossProfit": "25020000",
            "totalRevenue": "61535000",
            "sentiment": 0,
            "surprise": "-0.01",
            "closePrice": "9.4178100833455"
        },
        {
            "fiscalDateEnding": "2012-06-30",
            "totalCurrentAssets": "207897000",
            "cashAndShortTermInvestments": "122060000",
            "totalCurrentLiabilities": "52435000",
            "currentDebt": "6968000",
            "netIncome": "28485000",
            "capitalExpenditures": "1693000",
            "operatingCashflow": "30085000",
            "grossProfit": "41041000",
            "totalRevenue": "94868000",
            "sentiment": 0,
            "surprise": "0.01",
            "closePrice": "13.9272245666025"
        },
        {
            "fiscalDateEnding": "2012-03-31",
            "totalCurrentAssets": "174545000",
            "cashAndShortTermInvestments": "94200000",
            "totalCurrentLiabilities": "47770000",
            "currentDebt": "6966000",
            "netIncome": "27920000",
            "capitalExpenditures": "507000",
            "operatingCashflow": "31733000",
            "grossProfit": "39659000",
            "totalRevenue": "91665000",
            "sentiment": 0,
            "surprise": "0.03",
            "closePrice": "32.47520718395"
        },
        {
            "fiscalDateEnding": "2011-12-31",
            "totalCurrentAssets": "141521000",
            "cashAndShortTermInvestments": "64844000",
            "totalCurrentLiabilities": "41069000",
            "currentDebt": "6964000",
            "netIncome": "24691000",
            "capitalExpenditures": "905000",
            "operatingCashflow": "4251000",
            "grossProfit": "37290000",
            "totalRevenue": "87817000",
            "sentiment": 0,
            "surprise": "0.02",
            "closePrice": "22.5285151550373"
        },
        {
            "fiscalDateEnding": "2011-09-30",
            "totalCurrentAssets": "115194000",
            "cashAndShortTermInvestments": "52576000",
            "totalCurrentLiabilities": "49538000",
            "currentDebt": "6976000",
            "netIncome": "21493000",
            "capitalExpenditures": "205000",
            "operatingCashflow": "15719000",
            "grossProfit": "33013000",
            "totalRevenue": "79167000",
            "sentiment": 0,
            "surprise": "None",
            "closePrice": "18.3345741129958"
        }
    ]
}