{
    "UPBD": [
        {
            "fiscalDateEnding": "2023-12-31",
            "totalCurrentAssets": "100103000",
            "cashAndShortTermInvestments": "93705000",
            "totalCurrentLiabilities": "613804000",
            "currentDebt": "None",
            "netIncome": "-11254000",
            "capitalExpenditures": "17235000",
            "operatingCashflow": "-19652000",
            "grossProfit": "512602000",
            "totalRevenue": "1018091000",
            "sentiment": 0.24487029748406777,
            "surprise": "0.04",
            "closePrice": "33.93"
        },
        {
            "fiscalDateEnding": "2023-09-30",
            "totalCurrentAssets": "111263000",
            "cashAndShortTermInvestments": "105726000",
            "totalCurrentLiabilities": "431976000",
            "currentDebt": "None",
            "netIncome": "4363000",
            "capitalExpenditures": "14773000",
            "operatingCashflow": "77982000",
            "grossProfit": "497166000",
            "totalRevenue": "979098000",
            "sentiment": 0.32588178425749603,
            "surprise": "0.04",
            "closePrice": "27.3554107142857"
        },
        {
            "fiscalDateEnding": "2023-06-30",
            "totalCurrentAssets": "91887000",
            "cashAndShortTermInvestments": "86801000",
            "totalCurrentLiabilities": "411337000",
            "currentDebt": "None",
            "netIncome": "-45618000",
            "capitalExpenditures": "11860000",
            "operatingCashflow": "36543000",
            "grossProfit": "506226000",
            "totalRevenue": "979163000",
            "sentiment": 0.29160459420294743,
            "surprise": "0.36",
            "closePrice": "31.6499193355387"
        },
        {
            "fiscalDateEnding": "2023-03-31",
            "totalCurrentAssets": "177803000",
            "cashAndShortTermInvestments": "171698000",
            "totalCurrentLiabilities": "438330000",
            "currentDebt": "None",
            "netIncome": "47330000",
            "capitalExpenditures": "9534000",
            "operatingCashflow": "105417000",
            "grossProfit": "506264000",
            "totalRevenue": "1016061000",
            "sentiment": 0,
            "surprise": "0.17",
            "closePrice": "28.6115970027162"
        },
        {
            "fiscalDateEnding": "2022-12-31",
            "totalCurrentAssets": "151129000",
            "cashAndShortTermInvestments": "144141000",
            "totalCurrentLiabilities": "445168000",
            "currentDebt": "None",
            "netIncome": "2647000",
            "capitalExpenditures": "11951000",
            "operatingCashflow": "56377000",
            "grossProfit": "495359000",
            "totalRevenue": "990459000",
            "sentiment": 0,
            "surprise": "0.12",
            "closePrice": "25.5639877375016"
        },
        {
            "fiscalDateEnding": "2022-09-30",
            "totalCurrentAssets": "172569000",
            "cashAndShortTermInvestments": "165627000",
            "totalCurrentLiabilities": "448141000",
            "currentDebt": "None",
            "netIncome": "-5778000",
            "capitalExpenditures": "18541000",
            "operatingCashflow": "124962000",
            "grossProfit": "505535000",
            "totalRevenue": "1023957000",
            "sentiment": 0,
            "surprise": "0.05",
            "closePrice": "18.5003234896902"
        },
        {
            "fiscalDateEnding": "2022-06-30",
            "totalCurrentAssets": "118169000",
            "cashAndShortTermInvestments": "112175000",
            "totalCurrentLiabilities": "438787000",
            "currentDebt": "None",
            "netIncome": "19725000",
            "capitalExpenditures": "14492000",
            "operatingCashflow": "81830000",
            "grossProfit": "532544000",
            "totalRevenue": "1071255000",
            "sentiment": 0,
            "surprise": "0.16",
            "closePrice": "23.4405747787889"
        },
        {
            "fiscalDateEnding": "2022-03-31",
            "totalCurrentAssets": "101093000",
            "cashAndShortTermInvestments": "95684000",
            "totalCurrentLiabilities": "454575000",
            "currentDebt": "None",
            "netIncome": "-4237000",
            "capitalExpenditures": "16403000",
            "operatingCashflow": "205291000",
            "grossProfit": "546095000",
            "totalRevenue": "1159722000",
            "sentiment": 0,
            "surprise": "0.03",
            "closePrice": "23.7424797274995"
        },
        {
            "fiscalDateEnding": "2021-12-31",
            "totalCurrentAssets": "114738000",
            "cashAndShortTermInvestments": "108333000",
            "totalCurrentLiabilities": "369899000",
            "currentDebt": "None",
            "netIncome": "9812000",
            "capitalExpenditures": "16574000",
            "operatingCashflow": "66094000",
            "grossProfit": "568257000",
            "totalRevenue": "1171426000",
            "sentiment": 0,
            "surprise": "-0.53",
            "closePrice": "31.0765964460565"
        },
        {
            "fiscalDateEnding": "2021-09-30",
            "totalCurrentAssets": "165964000",
            "cashAndShortTermInvestments": "158830000",
            "totalCurrentLiabilities": "510805000",
            "currentDebt": "None",
            "netIncome": "21267000",
            "capitalExpenditures": "20475000",
            "operatingCashflow": "75686000",
            "grossProfit": "568760000",
            "totalRevenue": "1181268000",
            "sentiment": 0,
            "surprise": "-0.02",
            "closePrice": "49.0731035866313"
        },
        {
            "fiscalDateEnding": "2021-06-30",
            "totalCurrentAssets": "150898000",
            "cashAndShortTermInvestments": "145072000",
            "totalCurrentLiabilities": "540737000",
            "currentDebt": "None",
            "netIncome": "61309000",
            "capitalExpenditures": "14013000",
            "operatingCashflow": "114725000",
            "grossProfit": "587472000",
            "totalRevenue": "1193975000",
            "sentiment": 0,
            "surprise": "0.28",
            "closePrice": "50.2735994698061"
        },
        {
            "fiscalDateEnding": "2021-03-31",
            "totalCurrentAssets": "128745000",
            "cashAndShortTermInvestments": "123019000",
            "totalCurrentLiabilities": "561198000",
            "currentDebt": "None",
            "netIncome": "42552000",
            "capitalExpenditures": "11388000",
            "operatingCashflow": "135793000",
            "grossProfit": "510523000",
            "totalRevenue": "1036782000",
            "sentiment": 0,
            "surprise": "0.2",
            "closePrice": "53.012197171202"
        },
        {
            "fiscalDateEnding": "2020-12-31",
            "totalCurrentAssets": "164888000",
            "cashAndShortTermInvestments": "159449000",
            "totalCurrentLiabilities": "388116000",
            "currentDebt": "None",
            "netIncome": "56300000",
            "capitalExpenditures": "11988000",
            "operatingCashflow": "-59724000",
            "grossProfit": "427414000",
            "totalRevenue": "716491000",
            "sentiment": 0,
            "surprise": "0.01",
            "closePrice": "47.6020376596135"
        },
        {
            "fiscalDateEnding": "2020-09-30",
            "totalCurrentAssets": "231685000",
            "cashAndShortTermInvestments": "227398000",
            "totalCurrentLiabilities": "482223000",
            "currentDebt": "None",
            "netIncome": "64030000",
            "capitalExpenditures": "7807000",
            "operatingCashflow": "41507000",
            "grossProfit": "425028000",
            "totalRevenue": "712015000",
            "sentiment": 0,
            "surprise": "0.02",
            "closePrice": "27.7017788871096"
        },
        {
            "fiscalDateEnding": "2020-06-30",
            "totalCurrentAssets": "210743000",
            "cashAndShortTermInvestments": "206426000",
            "totalCurrentLiabilities": "451835000",
            "currentDebt": "None",
            "netIncome": "38493000",
            "capitalExpenditures": "5599000",
            "operatingCashflow": "207319000",
            "grossProfit": "399532000",
            "totalRevenue": "683746000",
            "sentiment": 0,
            "surprise": "0.2",
            "closePrice": "27.2035811856246"
        },
        {
            "fiscalDateEnding": "2020-03-31",
            "totalCurrentAssets": "188111000",
            "cashAndShortTermInvestments": "182919000",
            "totalCurrentLiabilities": "336032000",
            "currentDebt": "None",
            "netIncome": "49292000",
            "capitalExpenditures": "9151000",
            "operatingCashflow": "47400000",
            "grossProfit": "420178000",
            "totalRevenue": "701939000",
            "sentiment": 0,
            "surprise": "0.09",
            "closePrice": "15.2735969148912"
        },
        {
            "fiscalDateEnding": "2019-12-31",
            "totalCurrentAssets": "75372000",
            "cashAndShortTermInvestments": "70494000",
            "totalCurrentLiabilities": "343050000",
            "currentDebt": "None",
            "netIncome": "40491000",
            "capitalExpenditures": "9147000",
            "operatingCashflow": "-12713000",
            "grossProfit": "411138000",
            "totalRevenue": "667862000",
            "sentiment": 0,
            "surprise": "0.01",
            "closePrice": "21.0829287820809"
        },
        {
            "fiscalDateEnding": "2019-09-30",
            "totalCurrentAssets": "73682000",
            "cashAndShortTermInvestments": "73682000",
            "totalCurrentLiabilities": "406839000",
            "currentDebt": "None",
            "netIncome": "31277000",
            "capitalExpenditures": "6922000",
            "operatingCashflow": "42711000",
            "grossProfit": "399996000",
            "totalRevenue": "649371000",
            "sentiment": 0,
            "surprise": "-0.03",
            "closePrice": "19.901111167887"
        },
        {
            "fiscalDateEnding": "2019-06-30",
            "totalCurrentAssets": "357013000",
            "cashAndShortTermInvestments": "353139000",
            "totalCurrentLiabilities": "410071000",
            "currentDebt": "None",
            "netIncome": "94455000",
            "capitalExpenditures": "2580000",
            "operatingCashflow": "109643000",
            "grossProfit": "408071000",
            "totalRevenue": "655925000",
            "sentiment": 0,
            "surprise": "0.05",
            "closePrice": "20.6462848330364"
        },
        {
            "fiscalDateEnding": "2019-03-31",
            "totalCurrentAssets": "241406000",
            "cashAndShortTermInvestments": "237744000",
            "totalCurrentLiabilities": "445564000",
            "currentDebt": "None",
            "netIncome": "49292000",
            "capitalExpenditures": "2508000",
            "operatingCashflow": "75775000",
            "grossProfit": "424866000",
            "totalRevenue": "696694000",
            "sentiment": 0,
            "surprise": "0.27",
            "closePrice": "20.5887513960017"
        },
        {
            "fiscalDateEnding": "2018-12-31",
            "totalCurrentAssets": "159225000",
            "cashAndShortTermInvestments": "155391000",
            "totalCurrentLiabilities": "329970000",
            "currentDebt": "None",
            "netIncome": "1664000",
            "capitalExpenditures": "5471000",
            "operatingCashflow": "43650000",
            "grossProfit": "419564000",
            "totalRevenue": "661750000",
            "sentiment": 0,
            "surprise": "0.12",
            "closePrice": "14.7778742554934"
        },
        {
            "fiscalDateEnding": "2018-09-30",
            "totalCurrentAssets": "114370000",
            "cashAndShortTermInvestments": "111008000",
            "totalCurrentLiabilities": "409340000",
            "currentDebt": "None",
            "netIncome": "12918000",
            "capitalExpenditures": "6796000",
            "operatingCashflow": "40949000",
            "grossProfit": "407740000",
            "totalRevenue": "644942000",
            "sentiment": 0,
            "surprise": "0.04",
            "closePrice": "11.6381924058836"
        },
        {
            "fiscalDateEnding": "2018-06-30",
            "totalCurrentAssets": "120742000",
            "cashAndShortTermInvestments": "116833000",
            "totalCurrentLiabilities": "403880000",
            "currentDebt": "None",
            "netIncome": "13753000",
            "capitalExpenditures": "7046000",
            "operatingCashflow": "58429000",
            "grossProfit": "423886000",
            "totalRevenue": "655730000",
            "sentiment": 0,
            "surprise": "0.23",
            "closePrice": "12.0984599021615"
        },
        {
            "fiscalDateEnding": "2018-03-31",
            "totalCurrentAssets": "85019000",
            "cashAndShortTermInvestments": "81393000",
            "totalCurrentLiabilities": "420526000",
            "currentDebt": "None",
            "netIncome": "-19843000",
            "capitalExpenditures": "8649000",
            "operatingCashflow": "84477000",
            "grossProfit": "436978000",
            "totalRevenue": "698043000",
            "sentiment": 0,
            "surprise": "-0.16",
            "closePrice": "8.30947212030248"
        },
        {
            "fiscalDateEnding": "2017-12-31",
            "totalCurrentAssets": "76993000",
            "cashAndShortTermInvestments": "72968000",
            "totalCurrentLiabilities": "283585000",
            "currentDebt": "None",
            "netIncome": "34824000",
            "capitalExpenditures": "11932000",
            "operatingCashflow": "-24911000",
            "grossProfit": "410881000",
            "totalRevenue": "638954000",
            "sentiment": 0,
            "surprise": "-0.34",
            "closePrice": "7.33962275314551"
        },
        {
            "fiscalDateEnding": "2017-09-30",
            "totalCurrentAssets": "80637000",
            "cashAndShortTermInvestments": "76208000",
            "totalCurrentLiabilities": "416484000",
            "currentDebt": "None",
            "netIncome": "-12599000",
            "capitalExpenditures": "13369000",
            "operatingCashflow": "23560000",
            "grossProfit": "412465000",
            "totalRevenue": "643965000",
            "sentiment": 0,
            "surprise": "-0.13",
            "closePrice": "8.27659587056835"
        },
        {
            "fiscalDateEnding": "2017-06-30",
            "totalCurrentAssets": "77642000",
            "cashAndShortTermInvestments": "73831000",
            "totalCurrentLiabilities": "435257000",
            "currentDebt": "None",
            "netIncome": "-8893000",
            "capitalExpenditures": "18111000",
            "operatingCashflow": "52567000",
            "grossProfit": "432533000",
            "totalRevenue": "677635000",
            "sentiment": 0,
            "surprise": "-0.09",
            "closePrice": "10.503961790056"
        },
        {
            "fiscalDateEnding": "2017-03-31",
            "totalCurrentAssets": "61803000",
            "cashAndShortTermInvestments": "58128000",
            "totalCurrentLiabilities": "423059000",
            "currentDebt": "None",
            "netIncome": "-6679000",
            "capitalExpenditures": "22048000",
            "operatingCashflow": "59317000",
            "grossProfit": "462663000",
            "totalRevenue": "741986000",
            "sentiment": 0,
            "surprise": "0.07",
            "closePrice": "8.70987791271292"
        },
        {
            "fiscalDateEnding": "2016-12-31",
            "totalCurrentAssets": "99025000",
            "cashAndShortTermInvestments": "95396000",
            "totalCurrentLiabilities": "4262000",
            "currentDebt": "None",
            "netIncome": "-146383000",
            "capitalExpenditures": "14304000",
            "operatingCashflow": "-20817000",
            "grossProfit": "442721000",
            "totalRevenue": "684104000",
            "sentiment": 0,
            "surprise": "0.01",
            "closePrice": "6.83887187210165"
        },
        {
            "fiscalDateEnding": "2016-09-30",
            "totalCurrentAssets": "133971000",
            "cashAndShortTermInvestments": "130305000",
            "totalCurrentLiabilities": "413399000",
            "currentDebt": "None",
            "netIncome": "6181000",
            "capitalExpenditures": "18655000",
            "operatingCashflow": "71713000",
            "grossProfit": "457226000",
            "totalRevenue": "693877000",
            "sentiment": 0,
            "surprise": "0.02",
            "closePrice": "7.66030439722457"
        },
        {
            "fiscalDateEnding": "2016-06-30",
            "totalCurrentAssets": "92334000",
            "cashAndShortTermInvestments": "88170000",
            "totalCurrentLiabilities": "430753000",
            "currentDebt": "None",
            "netIncome": "9946000",
            "capitalExpenditures": "13743000",
            "operatingCashflow": "76515000",
            "grossProfit": "500158000",
            "totalRevenue": "749619000",
            "sentiment": 0,
            "surprise": "-0.08",
            "closePrice": "10.5899151377316"
        },
        {
            "fiscalDateEnding": "2016-03-31",
            "totalCurrentAssets": "51376000",
            "cashAndShortTermInvestments": "46362000",
            "totalCurrentLiabilities": "445753000",
            "currentDebt": "None",
            "netIncome": "25061000",
            "capitalExpenditures": "14440000",
            "operatingCashflow": "226662000",
            "grossProfit": "534944000",
            "totalRevenue": "835652000",
            "sentiment": 0,
            "surprise": "0.08",
            "closePrice": "12.4653660696514"
        },
        {
            "fiscalDateEnding": "2015-12-31",
            "totalCurrentAssets": "65031000",
            "cashAndShortTermInvestments": "60363000",
            "totalCurrentLiabilities": "12773000",
            "currentDebt": "None",
            "netIncome": "-999873000",
            "capitalExpenditures": "19745000",
            "operatingCashflow": "-18301000",
            "grossProfit": "526375000",
            "totalRevenue": "793833000",
            "sentiment": 0,
            "surprise": "0.02",
            "closePrice": "10.4843236153268"
        },
        {
            "fiscalDateEnding": "2015-09-30",
            "totalCurrentAssets": "64557000",
            "cashAndShortTermInvestments": "60072000",
            "totalCurrentLiabilities": "480427000",
            "currentDebt": "None",
            "netIncome": "-4092000",
            "capitalExpenditures": "18256000",
            "operatingCashflow": "60061000",
            "grossProfit": "488612000",
            "totalRevenue": "791605000",
            "sentiment": 0,
            "surprise": "0.02",
            "closePrice": "20.0323337743043"
        },
        {
            "fiscalDateEnding": "2015-06-30",
            "totalCurrentAssets": "74996000",
            "cashAndShortTermInvestments": "70511000",
            "totalCurrentLiabilities": "462824000",
            "currentDebt": "None",
            "netIncome": "23147000",
            "capitalExpenditures": "28624000",
            "operatingCashflow": "-38804000",
            "grossProfit": "538529000",
            "totalRevenue": "815343000",
            "sentiment": 0,
            "surprise": "0.01",
            "closePrice": "20.2643302629864"
        },
        {
            "fiscalDateEnding": "2015-03-31",
            "totalCurrentAssets": "97845000",
            "cashAndShortTermInvestments": "93115000",
            "totalCurrentLiabilities": "555537000",
            "currentDebt": "None",
            "netIncome": "27298000",
            "capitalExpenditures": "14245000",
            "operatingCashflow": "228038000",
            "grossProfit": "564593000",
            "totalRevenue": "877639000",
            "sentiment": 0,
            "surprise": "0.03",
            "closePrice": "20.6282354306163"
        },
        {
            "fiscalDateEnding": "2014-12-31",
            "totalCurrentAssets": "50981000",
            "cashAndShortTermInvestments": "46126000",
            "totalCurrentLiabilities": "12737000",
            "currentDebt": "None",
            "netIncome": "25550000",
            "capitalExpenditures": "22052000",
            "operatingCashflow": "-44150000",
            "grossProfit": "545031000",
            "totalRevenue": "796534000",
            "sentiment": 0,
            "surprise": "-0.13",
            "closePrice": "26.4919270623621"
        },
        {
            "fiscalDateEnding": "2014-09-30",
            "totalCurrentAssets": "66109000",
            "cashAndShortTermInvestments": "61958000",
            "totalCurrentLiabilities": "440618000",
            "currentDebt": "None",
            "netIncome": "25925000",
            "capitalExpenditures": "20283000",
            "operatingCashflow": "-5698000",
            "grossProfit": "539758000",
            "totalRevenue": "764363000",
            "sentiment": 0,
            "surprise": "0.02",
            "closePrice": "23.7795671916716"
        },
        {
            "fiscalDateEnding": "2014-06-30",
            "totalCurrentAssets": "68068000",
            "cashAndShortTermInvestments": "68068000",
            "totalCurrentLiabilities": "431758000",
            "currentDebt": "None",
            "netIncome": "17681000",
            "capitalExpenditures": "18342000",
            "operatingCashflow": "-51099000",
            "grossProfit": "537024000",
            "totalRevenue": "768426000",
            "sentiment": 0,
            "surprise": "0",
            "closePrice": "17.8813632025478"
        },
        {
            "fiscalDateEnding": "2014-03-31",
            "totalCurrentAssets": "81012000",
            "cashAndShortTermInvestments": "81012000",
            "totalCurrentLiabilities": "494928000",
            "currentDebt": "None",
            "netIncome": "27266000",
            "capitalExpenditures": "23108000",
            "operatingCashflow": "120060000",
            "grossProfit": "562550000",
            "totalRevenue": "828473000",
            "sentiment": 0,
            "surprise": "0.03",
            "closePrice": "19.0632489611378"
        },
        {
            "fiscalDateEnding": "2013-12-31",
            "totalCurrentAssets": "42274000",
            "cashAndShortTermInvestments": "42274000",
            "totalCurrentLiabilities": "13903000",
            "currentDebt": "None",
            "netIncome": "13583000",
            "capitalExpenditures": "34606000",
            "operatingCashflow": "-38567000",
            "grossProfit": "542863000",
            "totalRevenue": "759446000",
            "sentiment": 0,
            "surprise": "-0.5",
            "closePrice": "22.8962165879452"
        },
        {
            "fiscalDateEnding": "2013-09-30",
            "totalCurrentAssets": "52857000",
            "cashAndShortTermInvestments": "52857000",
            "totalCurrentLiabilities": "430955000",
            "currentDebt": "None",
            "netIncome": "27165000",
            "capitalExpenditures": "28940000",
            "operatingCashflow": "57434000",
            "grossProfit": "529332000",
            "totalRevenue": "754780000",
            "sentiment": 0,
            "surprise": "-0.11",
            "closePrice": "26.2281827812974"
        },
        {
            "fiscalDateEnding": "2013-06-30",
            "totalCurrentAssets": "78491000",
            "cashAndShortTermInvestments": "78491000",
            "totalCurrentLiabilities": "420437000",
            "currentDebt": "None",
            "netIncome": "41876000",
            "capitalExpenditures": "25184000",
            "operatingCashflow": "2011000",
            "grossProfit": "530620000",
            "totalRevenue": "760511000",
            "sentiment": 0,
            "surprise": "0.01",
            "closePrice": "27.952830393546"
        },
        {
            "fiscalDateEnding": "2013-03-31",
            "totalCurrentAssets": "85916000",
            "cashAndShortTermInvestments": "82254000",
            "totalCurrentLiabilities": "469002000",
            "currentDebt": "None",
            "netIncome": "46133000",
            "capitalExpenditures": "19637000",
            "operatingCashflow": "113464000",
            "grossProfit": "550678000",
            "totalRevenue": "819281000",
            "sentiment": 0,
            "surprise": "-0.07",
            "closePrice": "25.8596960000146"
        },
        {
            "fiscalDateEnding": "2012-12-31",
            "totalCurrentAssets": "64828000",
            "cashAndShortTermInvestments": "61087000",
            "totalCurrentLiabilities": "13588000",
            "currentDebt": "None",
            "netIncome": "43985000",
            "capitalExpenditures": "29350000",
            "operatingCashflow": "-40851000",
            "grossProfit": "530733000",
            "totalRevenue": "751405000",
            "sentiment": 0,
            "surprise": "-0.02",
            "closePrice": "25.3736218198028"
        },
        {
            "fiscalDateEnding": "2012-09-30",
            "totalCurrentAssets": "85950000",
            "cashAndShortTermInvestments": "81800000",
            "totalCurrentLiabilities": "745817000",
            "currentDebt": "None",
            "netIncome": "39910000",
            "capitalExpenditures": "24783000",
            "operatingCashflow": "97610000",
            "grossProfit": "519341000",
            "totalRevenue": "739314000",
            "sentiment": 0,
            "surprise": "0",
            "closePrice": "23.7745087951066"
        },
        {
            "fiscalDateEnding": "2012-06-30",
            "totalCurrentAssets": "105440000",
            "cashAndShortTermInvestments": "101131000",
            "totalCurrentLiabilities": "92342000",
            "currentDebt": "None",
            "netIncome": "44182000",
            "capitalExpenditures": "20892000",
            "operatingCashflow": "22609000",
            "grossProfit": "526973000",
            "totalRevenue": "749698000",
            "sentiment": 0,
            "surprise": "0.03",
            "closePrice": "23.1983596012631"
        },
        {
            "fiscalDateEnding": "2012-03-31",
            "totalCurrentAssets": "110583000",
            "cashAndShortTermInvestments": "106966000",
            "totalCurrentLiabilities": "750394000",
            "currentDebt": "None",
            "netIncome": "51941000",
            "capitalExpenditures": "27428000",
            "operatingCashflow": "138530000",
            "grossProfit": "560417000",
            "totalRevenue": "835254000",
            "sentiment": 0,
            "surprise": "0.03",
            "closePrice": "25.8494469228977"
        },
        {
            "fiscalDateEnding": "2011-12-31",
            "totalCurrentAssets": "92162000",
            "cashAndShortTermInvestments": "88065000",
            "totalCurrentLiabilities": "10766000",
            "currentDebt": "None",
            "netIncome": "48122000",
            "capitalExpenditures": "40731000",
            "operatingCashflow": "19917000",
            "grossProfit": "517289000",
            "totalRevenue": "737482000",
            "sentiment": 0,
            "surprise": "0.03",
            "closePrice": "26.1131200254317"
        },
        {
            "fiscalDateEnding": "2011-09-30",
            "totalCurrentAssets": "80987000",
            "cashAndShortTermInvestments": "76025000",
            "totalCurrentLiabilities": "688340000",
            "currentDebt": "None",
            "netIncome": "31224000",
            "capitalExpenditures": "32763000",
            "operatingCashflow": "95459000",
            "grossProfit": "505724000",
            "totalRevenue": "704271000",
            "sentiment": 0,
            "surprise": "0.02",
            "closePrice": "22.5190118851966"
        },
        {
            "fiscalDateEnding": "2011-06-30",
            "totalCurrentAssets": "79114000",
            "cashAndShortTermInvestments": "74031000",
            "totalCurrentLiabilities": "661544000",
            "currentDebt": "None",
            "netIncome": "39888000",
            "capitalExpenditures": "32072000",
            "operatingCashflow": "23304000",
            "grossProfit": "506355000",
            "totalRevenue": "698253000",
            "sentiment": 0,
            "surprise": "-0.04",
            "closePrice": "20.8070226746313"
        },
        {
            "fiscalDateEnding": "2011-03-31",
            "totalCurrentAssets": "145000000",
            "cashAndShortTermInvestments": "145000000",
            "totalCurrentLiabilities": "625926000",
            "currentDebt": "None",
            "netIncome": "44230000",
            "capitalExpenditures": "27144000",
            "operatingCashflow": "147946000",
            "grossProfit": "523148000",
            "totalRevenue": "742178000",
            "sentiment": 0,
            "surprise": "-0.06",
            "closePrice": "23.8720104879555"
        },
        {
            "fiscalDateEnding": "2010-12-31",
            "totalCurrentAssets": "70727000",
            "cashAndShortTermInvestments": "70727000",
            "totalCurrentLiabilities": "633418000",
            "currentDebt": "None",
            "netIncome": "31854000",
            "capitalExpenditures": "35634000",
            "operatingCashflow": "23836000",
            "grossProfit": "37985000",
            "totalRevenue": "677090000",
            "sentiment": 0,
            "surprise": "0.03",
            "closePrice": "20.5310947552655"
        },
        {
            "fiscalDateEnding": "2010-09-30",
            "totalCurrentAssets": "80775000",
            "cashAndShortTermInvestments": "80775000",
            "totalCurrentLiabilities": "451217000",
            "currentDebt": "None",
            "netIncome": "40497000",
            "capitalExpenditures": "27583000",
            "operatingCashflow": "104341000",
            "grossProfit": "633784000",
            "totalRevenue": "664580000",
            "sentiment": 0,
            "surprise": "0.07",
            "closePrice": "15.9903548957134"
        },
        {
            "fiscalDateEnding": "2010-06-30",
            "totalCurrentAssets": "74094000",
            "cashAndShortTermInvestments": "74094000",
            "totalCurrentLiabilities": "435115000",
            "currentDebt": "None",
            "netIncome": "47830000",
            "capitalExpenditures": "13677000",
            "operatingCashflow": "16395000",
            "grossProfit": "639370000",
            "totalRevenue": "671543000",
            "sentiment": 0,
            "surprise": "0.05",
            "closePrice": "15.9668105240195"
        }
    ]
}