{
    "VECO": [
        {
            "fiscalDateEnding": "2023-12-31",
            "totalCurrentAssets": "706278000",
            "cashAndShortTermInvestments": "305445000",
            "totalCurrentLiabilities": "218033000",
            "currentDebt": "None",
            "netIncome": "21637000",
            "capitalExpenditures": "10699000",
            "operatingCashflow": "29485000",
            "grossProfit": "78655000",
            "totalRevenue": "170859000",
            "sentiment": 0.23408951402652908,
            "surprise": "0.09",
            "closePrice": "35.3"
        },
        {
            "fiscalDateEnding": "2023-09-30",
            "totalCurrentAssets": "720800000",
            "cashAndShortTermInvestments": "286536000",
            "totalCurrentLiabilities": "267786000",
            "currentDebt": "None",
            "netIncome": "24574000",
            "capitalExpenditures": "6395000",
            "operatingCashflow": "7054000",
            "grossProfit": "76877000",
            "totalRevenue": "174589000",
            "sentiment": 0.33198762804364546,
            "surprise": "0.16",
            "closePrice": "24.86"
        },
        {
            "fiscalDateEnding": "2023-06-30",
            "totalCurrentAssets": "709154000",
            "cashAndShortTermInvestments": "286399000",
            "totalCurrentLiabilities": "282298000",
            "currentDebt": "None",
            "netIncome": "-85320000",
            "capitalExpenditures": "3890000",
            "operatingCashflow": "11217000",
            "grossProfit": "67510000",
            "totalRevenue": "158589000",
            "sentiment": 0.28738020524765784,
            "surprise": "0.06",
            "closePrice": "28.19"
        },
        {
            "fiscalDateEnding": "2023-03-31",
            "totalCurrentAssets": "643270000",
            "cashAndShortTermInvestments": "252891000",
            "totalCurrentLiabilities": "267175000",
            "currentDebt": "None",
            "netIncome": "8741000",
            "capitalExpenditures": "6946000",
            "operatingCashflow": "13918000",
            "grossProfit": "62017000",
            "totalRevenue": "150629000",
            "sentiment": 0.3472690863866098,
            "surprise": "0.1",
            "closePrice": "19.25"
        },
        {
            "fiscalDateEnding": "2022-12-31",
            "totalCurrentAssets": "668901000",
            "cashAndShortTermInvestments": "302413000",
            "totalCurrentLiabilities": "257904000",
            "currentDebt": "20169000",
            "netIncome": "128916000",
            "capitalExpenditures": "2833000",
            "operatingCashflow": "33109000",
            "grossProfit": "62919000",
            "totalRevenue": "150915000",
            "sentiment": 0.20470463472059425,
            "surprise": "0.06",
            "closePrice": "20.45"
        },
        {
            "fiscalDateEnding": "2022-09-30",
            "totalCurrentAssets": "649703000",
            "cashAndShortTermInvestments": "270973000",
            "totalCurrentLiabilities": "260185000",
            "currentDebt": "20144000",
            "netIncome": "15041000",
            "capitalExpenditures": "6351000",
            "operatingCashflow": "47205000",
            "grossProfit": "69951000",
            "totalRevenue": "169027000",
            "sentiment": 0.21301606231934575,
            "surprise": "0.04",
            "closePrice": "18.0"
        },
        {
            "fiscalDateEnding": "2022-06-30",
            "totalCurrentAssets": "569284000",
            "cashAndShortTermInvestments": "230075000",
            "totalCurrentLiabilities": "200270000",
            "currentDebt": "20120000",
            "netIncome": "9655000",
            "capitalExpenditures": "4502000",
            "operatingCashflow": "3381000",
            "grossProfit": "64267000",
            "totalRevenue": "161151000",
            "sentiment": -0.0512930995650698,
            "surprise": "0.06",
            "closePrice": "21.97"
        },
        {
            "fiscalDateEnding": "2022-03-31",
            "totalCurrentAssets": "569950000",
            "cashAndShortTermInvestments": "230901000",
            "totalCurrentLiabilities": "220696000",
            "currentDebt": "20096000",
            "netIncome": "13330000",
            "capitalExpenditures": "10918000",
            "operatingCashflow": "24788000",
            "grossProfit": "66013000",
            "totalRevenue": "153534000",
            "sentiment": 0.14548300000000003,
            "surprise": "0.03",
            "closePrice": "22.77"
        },
        {
            "fiscalDateEnding": "2021-12-31",
            "totalCurrentAssets": "549387000",
            "cashAndShortTermInvestments": "223928000",
            "totalCurrentLiabilities": "189204000",
            "currentDebt": "None",
            "netIncome": "8203000",
            "capitalExpenditures": "9190000",
            "operatingCashflow": "17093000",
            "grossProfit": "64024000",
            "totalRevenue": "141268000",
            "sentiment": 0,
            "surprise": "0.06",
            "closePrice": "29.25"
        },
        {
            "fiscalDateEnding": "2021-09-30",
            "totalCurrentAssets": "653504000",
            "cashAndShortTermInvestments": "335587000",
            "totalCurrentLiabilities": "187222000",
            "currentDebt": "None",
            "netIncome": "8993000",
            "capitalExpenditures": "22371000",
            "operatingCashflow": "29920000",
            "grossProfit": "63169000",
            "totalRevenue": "143139000",
            "sentiment": 0,
            "surprise": "0.05",
            "closePrice": "25.0"
        },
        {
            "fiscalDateEnding": "2021-06-30",
            "totalCurrentAssets": "638624000",
            "cashAndShortTermInvestments": "329382000",
            "totalCurrentLiabilities": "179413000",
            "currentDebt": "None",
            "netIncome": "6348000",
            "capitalExpenditures": "7129000",
            "operatingCashflow": "10244000",
            "grossProfit": "60166000",
            "totalRevenue": "139524000",
            "sentiment": 0,
            "surprise": "0.08",
            "closePrice": "23.21"
        },
        {
            "fiscalDateEnding": "2021-03-31",
            "totalCurrentAssets": "618167000",
            "cashAndShortTermInvestments": "326875000",
            "totalCurrentLiabilities": "163695000",
            "currentDebt": "None",
            "netIncome": "2494000",
            "capitalExpenditures": "1953000",
            "operatingCashflow": "10485000",
            "grossProfit": "54914000",
            "totalRevenue": "126955000",
            "sentiment": 0,
            "surprise": "0.02",
            "closePrice": "22.12"
        },
        {
            "fiscalDateEnding": "2020-12-31",
            "totalCurrentAssets": "586931000",
            "cashAndShortTermInvestments": "319396000",
            "totalCurrentLiabilities": "146681000",
            "currentDebt": "None",
            "netIncome": "-102000",
            "capitalExpenditures": "3471000",
            "operatingCashflow": "15430000",
            "grossProfit": "56845000",
            "totalRevenue": "138946000",
            "sentiment": 0,
            "surprise": "-0.01",
            "closePrice": "21.55"
        },
        {
            "fiscalDateEnding": "2020-09-30",
            "totalCurrentAssets": "572485000",
            "cashAndShortTermInvestments": "309173000",
            "totalCurrentLiabilities": "146934000",
            "currentDebt": "None",
            "netIncome": "580000",
            "capitalExpenditures": "1374000",
            "operatingCashflow": "10041000",
            "grossProfit": "49142000",
            "totalRevenue": "105653000",
            "sentiment": 0,
            "surprise": "0.02",
            "closePrice": "12.92"
        },
        {
            "fiscalDateEnding": "2020-06-30",
            "totalCurrentAssets": "538375000",
            "cashAndShortTermInvestments": "300482000",
            "totalCurrentLiabilities": "127483000",
            "currentDebt": "None",
            "netIncome": "-8302000",
            "capitalExpenditures": "887000",
            "operatingCashflow": "19946000",
            "grossProfit": "41894000",
            "totalRevenue": "89550000",
            "sentiment": 0,
            "surprise": "0.04",
            "closePrice": "14.31"
        },
        {
            "fiscalDateEnding": "2020-03-31",
            "totalCurrentAssets": "500490000",
            "cashAndShortTermInvestments": "241754000",
            "totalCurrentLiabilities": "128509000",
            "currentDebt": "4286000",
            "netIncome": "-567000",
            "capitalExpenditures": "1070000",
            "operatingCashflow": "-2396000",
            "grossProfit": "46419000",
            "totalRevenue": "98836000",
            "sentiment": 0,
            "surprise": "0.16",
            "closePrice": "11.55"
        },
        {
            "fiscalDateEnding": "2019-12-31",
            "totalCurrentAssets": "475878000",
            "cashAndShortTermInvestments": "244546000",
            "totalCurrentLiabilities": "118224000",
            "currentDebt": "4196000",
            "netIncome": "-32871000",
            "capitalExpenditures": "2684000",
            "operatingCashflow": "15589000",
            "grossProfit": "44970000",
            "totalRevenue": "113202000",
            "sentiment": 0,
            "surprise": "0.03",
            "closePrice": "16.37"
        },
        {
            "fiscalDateEnding": "2019-09-30",
            "totalCurrentAssets": "486281000",
            "cashAndShortTermInvestments": "230931000",
            "totalCurrentLiabilities": "142037000",
            "currentDebt": "4730000",
            "netIncome": "-11767000",
            "capitalExpenditures": "1748000",
            "operatingCashflow": "-14864000",
            "grossProfit": "42223000",
            "totalRevenue": "103405000",
            "sentiment": 0,
            "surprise": "0.06",
            "closePrice": "14.5"
        },
        {
            "fiscalDateEnding": "2019-06-30",
            "totalCurrentAssets": "491517000",
            "cashAndShortTermInvestments": "246210000",
            "totalCurrentLiabilities": "149200000",
            "currentDebt": "4440000",
            "netIncome": "-15565000",
            "capitalExpenditures": "4261000",
            "operatingCashflow": "14150000",
            "grossProfit": "36285000",
            "totalRevenue": "92327000",
            "sentiment": 0,
            "surprise": "0.03",
            "closePrice": "10.96"
        },
        {
            "fiscalDateEnding": "2019-03-31",
            "totalCurrentAssets": "498764000",
            "cashAndShortTermInvestments": "236654000",
            "totalCurrentLiabilities": "150028000",
            "currentDebt": "None",
            "netIncome": "-18530000",
            "capitalExpenditures": "2180000",
            "operatingCashflow": "-22291000",
            "grossProfit": "34716000",
            "totalRevenue": "93926000",
            "sentiment": 0,
            "surprise": "0.07",
            "closePrice": "12.97"
        },
        {
            "fiscalDateEnding": "2018-12-31",
            "totalCurrentAssets": "520080000",
            "cashAndShortTermInvestments": "260462000",
            "totalCurrentLiabilities": "160053000",
            "currentDebt": "None",
            "netIncome": "-144674000",
            "capitalExpenditures": "6866000",
            "operatingCashflow": "1640000",
            "grossProfit": "35259000",
            "totalRevenue": "98972000",
            "sentiment": 0,
            "surprise": "0",
            "closePrice": "10.99"
        },
        {
            "fiscalDateEnding": "2018-09-30",
            "totalCurrentAssets": "540872000",
            "cashAndShortTermInvestments": "265569000",
            "totalCurrentLiabilities": "171734000",
            "currentDebt": "None",
            "netIncome": "-8953000",
            "capitalExpenditures": "1992000",
            "operatingCashflow": "18062000",
            "grossProfit": "46385000",
            "totalRevenue": "121155000",
            "sentiment": 0,
            "surprise": "0.03",
            "closePrice": "8.31"
        },
        {
            "fiscalDateEnding": "2018-06-30",
            "totalCurrentAssets": "575695000",
            "cashAndShortTermInvestments": "261452000",
            "totalCurrentLiabilities": "195605000",
            "currentDebt": "None",
            "netIncome": "-237634000",
            "capitalExpenditures": "1537000",
            "operatingCashflow": "-45633000",
            "grossProfit": "55395000",
            "totalRevenue": "152515000",
            "sentiment": 0,
            "surprise": "0.02",
            "closePrice": "11.875"
        },
        {
            "fiscalDateEnding": "2018-03-31",
            "totalCurrentAssets": "583358000",
            "cashAndShortTermInvestments": "310655000",
            "totalCurrentLiabilities": "208624000",
            "currentDebt": "None",
            "netIncome": "-15827000",
            "capitalExpenditures": "2259000",
            "operatingCashflow": "-11807000",
            "grossProfit": "56680000",
            "totalRevenue": "153328000",
            "sentiment": 0,
            "surprise": "0.14",
            "closePrice": "17.1"
        },
        {
            "fiscalDateEnding": "2017-12-31",
            "totalCurrentAssets": "597086000",
            "cashAndShortTermInvestments": "327516000",
            "totalCurrentLiabilities": "224264000",
            "currentDebt": "None",
            "netIncome": "58337000",
            "capitalExpenditures": "6869000",
            "operatingCashflow": "19717000",
            "grossProfit": "55352000",
            "totalRevenue": "143432000",
            "sentiment": 0,
            "surprise": "0.1",
            "closePrice": "15.1"
        },
        {
            "fiscalDateEnding": "2017-09-30",
            "totalCurrentAssets": "602587000",
            "cashAndShortTermInvestments": "321121000",
            "totalCurrentLiabilities": "231251000",
            "currentDebt": "None",
            "netIncome": "-21884000",
            "capitalExpenditures": "7346000",
            "operatingCashflow": "24865000",
            "grossProfit": "50529000",
            "totalRevenue": "126767000",
            "sentiment": 0,
            "surprise": "0.07",
            "closePrice": "17.8"
        },
        {
            "fiscalDateEnding": "2017-06-30",
            "totalCurrentAssets": "560282000",
            "cashAndShortTermInvestments": "302650000",
            "totalCurrentLiabilities": "172659000",
            "currentDebt": "1013000",
            "netIncome": "-18388000",
            "capitalExpenditures": "5870000",
            "operatingCashflow": "-15921000",
            "grossProfit": "35847000",
            "totalRevenue": "110005000",
            "sentiment": 0,
            "surprise": "0.11",
            "closePrice": "28.8"
        },
        {
            "fiscalDateEnding": "2017-03-31",
            "totalCurrentAssets": "822448000",
            "cashAndShortTermInvestments": "681857000",
            "totalCurrentLiabilities": "132813000",
            "currentDebt": "375000",
            "netIncome": "1095000",
            "capitalExpenditures": "4187000",
            "operatingCashflow": "6332000",
            "grossProfit": "34500000",
            "totalRevenue": "90251000",
            "sentiment": 0,
            "surprise": "0.02",
            "closePrice": "33.4"
        },
        {
            "fiscalDateEnding": "2016-12-31",
            "totalCurrentAssets": "501508000",
            "cashAndShortTermInvestments": "344231000",
            "totalCurrentLiabilities": "143509000",
            "currentDebt": "368000",
            "netIncome": "36008000",
            "capitalExpenditures": "762000",
            "operatingCashflow": "464000",
            "grossProfit": "36008000",
            "totalRevenue": "93609000",
            "sentiment": 0,
            "surprise": "0.03",
            "closePrice": "26.95"
        },
        {
            "fiscalDateEnding": "2016-09-30",
            "totalCurrentAssets": "508360000",
            "cashAndShortTermInvestments": "336853000",
            "totalCurrentLiabilities": "147761000",
            "currentDebt": "361000",
            "netIncome": "-69598000",
            "capitalExpenditures": "1538000",
            "operatingCashflow": "6823000",
            "grossProfit": "33455000",
            "totalRevenue": "85459000",
            "sentiment": 0,
            "surprise": "0.12",
            "closePrice": "21.25"
        },
        {
            "fiscalDateEnding": "2016-06-30",
            "totalCurrentAssets": "497441000",
            "cashAndShortTermInvestments": "330852000",
            "totalCurrentLiabilities": "136757000",
            "currentDebt": "354000",
            "netIncome": "-32082000",
            "capitalExpenditures": "5191000",
            "operatingCashflow": "6067000",
            "grossProfit": "31439000",
            "totalRevenue": "75243000",
            "sentiment": 0,
            "surprise": "0.01",
            "closePrice": "16.84"
        },
        {
            "fiscalDateEnding": "2016-03-31",
            "totalCurrentAssets": "517488000",
            "cashAndShortTermInvestments": "348701000",
            "totalCurrentLiabilities": "157077000",
            "currentDebt": "347000",
            "netIncome": "-15533000",
            "capitalExpenditures": "3988000",
            "operatingCashflow": "-4449000",
            "grossProfit": "31956000",
            "totalRevenue": "77973000",
            "sentiment": 0,
            "surprise": "0.11",
            "closePrice": "17.19"
        },
        {
            "fiscalDateEnding": "2015-12-31",
            "totalCurrentAssets": "542135000",
            "cashAndShortTermInvestments": "385282000",
            "totalCurrentLiabilities": "162231000",
            "currentDebt": "340000",
            "netIncome": "38786000",
            "capitalExpenditures": "2818000",
            "operatingCashflow": "-30542000",
            "grossProfit": "38786000",
            "totalRevenue": "106543000",
            "sentiment": 0,
            "surprise": "0.03",
            "closePrice": "19.09"
        },
        {
            "fiscalDateEnding": "2015-09-30",
            "totalCurrentAssets": "563513000",
            "cashAndShortTermInvestments": "402991000",
            "totalCurrentLiabilities": "164092000",
            "currentDebt": "333000",
            "netIncome": "5306000",
            "capitalExpenditures": "3539000",
            "operatingCashflow": "8506000",
            "grossProfit": "54250000",
            "totalRevenue": "140649000",
            "sentiment": 0,
            "surprise": "0.03",
            "closePrice": "20.82"
        },
        {
            "fiscalDateEnding": "2015-06-30",
            "totalCurrentAssets": "605751000",
            "cashAndShortTermInvestments": "396250000",
            "totalCurrentLiabilities": "222252000",
            "currentDebt": "327000",
            "netIncome": "-8386000",
            "capitalExpenditures": "2749000",
            "operatingCashflow": "-5386000",
            "grossProfit": "49069000",
            "totalRevenue": "131286000",
            "sentiment": 0,
            "surprise": "0.03",
            "closePrice": "25.77"
        },
        {
            "fiscalDateEnding": "2015-03-31",
            "totalCurrentAssets": "574717000",
            "cashAndShortTermInvestments": "392120000",
            "totalCurrentLiabilities": "196093000",
            "currentDebt": "320000",
            "netIncome": "-19110000",
            "capitalExpenditures": "4781000",
            "operatingCashflow": "-8426000",
            "grossProfit": "35136000",
            "totalRevenue": "98215000",
            "sentiment": 0,
            "surprise": "0.1",
            "closePrice": "28.25"
        },
        {
            "fiscalDateEnding": "2014-12-31",
            "totalCurrentAssets": "555662000",
            "cashAndShortTermInvestments": "391383000",
            "totalCurrentLiabilities": "168408000",
            "currentDebt": "314000",
            "netIncome": "37874000",
            "capitalExpenditures": "5112000",
            "operatingCashflow": "124661000",
            "grossProfit": "37874000",
            "totalRevenue": "113569000",
            "sentiment": 0,
            "surprise": "0.09",
            "closePrice": "31.14"
        },
        {
            "fiscalDateEnding": "2014-09-30",
            "totalCurrentAssets": "658000000",
            "cashAndShortTermInvestments": "486962000",
            "totalCurrentLiabilities": "139441000",
            "currentDebt": "308000",
            "netIncome": "-13977000",
            "capitalExpenditures": "5967000",
            "operatingCashflow": "-13777000",
            "grossProfit": "32558000",
            "totalRevenue": "93646000",
            "sentiment": 0,
            "surprise": "0.1",
            "closePrice": "30.85"
        },
        {
            "fiscalDateEnding": "2014-06-30",
            "totalCurrentAssets": "633593000",
            "cashAndShortTermInvestments": "485015000",
            "totalCurrentLiabilities": "127974000",
            "currentDebt": "302000",
            "netIncome": "-15211000",
            "capitalExpenditures": "2371000",
            "operatingCashflow": "-15211000",
            "grossProfit": "30673000",
            "totalRevenue": "95194000",
            "sentiment": 0,
            "surprise": "0.02",
            "closePrice": "35.77"
        },
        {
            "fiscalDateEnding": "2014-03-31",
            "totalCurrentAssets": "625204000",
            "cashAndShortTermInvestments": "482848000",
            "totalCurrentLiabilities": "113522000",
            "currentDebt": "296000",
            "netIncome": "19160000",
            "capitalExpenditures": "2138000",
            "operatingCashflow": "-18401000",
            "grossProfit": "33777000",
            "totalRevenue": "91005000",
            "sentiment": 0,
            "surprise": "0.1",
            "closePrice": "36.83"
        },
        {
            "fiscalDateEnding": "2013-12-31",
            "totalCurrentAssets": "613643000",
            "cashAndShortTermInvestments": "495075000",
            "totalCurrentLiabilities": "128191000",
            "currentDebt": "290000",
            "netIncome": "15342000",
            "capitalExpenditures": "1198000",
            "operatingCashflow": "-3883000",
            "grossProfit": "15642000",
            "totalRevenue": "73209000",
            "sentiment": 0,
            "surprise": "-0.09",
            "closePrice": "40.58"
        },
        {
            "fiscalDateEnding": "2013-09-30",
            "totalCurrentAssets": "715767000",
            "cashAndShortTermInvestments": "573004000",
            "totalCurrentLiabilities": "97908000",
            "currentDebt": "285000",
            "netIncome": "-12052000",
            "capitalExpenditures": "1977000",
            "operatingCashflow": "-9141000",
            "grossProfit": "30308000",
            "totalRevenue": "99516000",
            "sentiment": 0,
            "surprise": "-0.05",
            "closePrice": "30.56"
        },
        {
            "fiscalDateEnding": "2013-06-30",
            "totalCurrentAssets": "743984000",
            "cashAndShortTermInvestments": "585328000",
            "totalCurrentLiabilities": "123809000",
            "currentDebt": "279000",
            "netIncome": "-8162000",
            "capitalExpenditures": "4380000",
            "operatingCashflow": "3265000",
            "grossProfit": "34640000",
            "totalRevenue": "97671000",
            "sentiment": 0,
            "surprise": "None",
            "closePrice": "35.0"
        },
        {
            "fiscalDateEnding": "2013-03-31",
            "totalCurrentAssets": "742283000",
            "cashAndShortTermInvestments": "587929000",
            "totalCurrentLiabilities": "118822000",
            "currentDebt": "274000",
            "netIncome": "-20142000",
            "capitalExpenditures": "1619000",
            "operatingCashflow": "10486000",
            "grossProfit": "22552000",
            "totalRevenue": "62073000",
            "sentiment": 0,
            "surprise": "None",
            "closePrice": "37.31"
        },
        {
            "fiscalDateEnding": "2012-12-31",
            "totalCurrentAssets": "744484000",
            "cashAndShortTermInvestments": "578808000",
            "totalCurrentLiabilities": "112287000",
            "currentDebt": "268000",
            "netIncome": "27872000",
            "capitalExpenditures": "2288000",
            "operatingCashflow": "6128000",
            "grossProfit": "38727000",
            "totalRevenue": "106849000",
            "sentiment": 0,
            "surprise": "None",
            "closePrice": "30.04"
        },
        {
            "fiscalDateEnding": "2012-09-30",
            "totalCurrentAssets": "758210000",
            "cashAndShortTermInvestments": "573592000",
            "totalCurrentLiabilities": "129822000",
            "currentDebt": "263000",
            "netIncome": "23506000",
            "capitalExpenditures": "6105000",
            "operatingCashflow": "45559000",
            "grossProfit": "49884000",
            "totalRevenue": "132891000",
            "sentiment": 0,
            "surprise": "-0.01",
            "closePrice": "28.88"
        },
        {
            "fiscalDateEnding": "2012-06-30",
            "totalCurrentAssets": "764459000",
            "cashAndShortTermInvestments": "539730000",
            "totalCurrentLiabilities": "145088000",
            "currentDebt": "258000",
            "netIncome": "11818000",
            "capitalExpenditures": "8146000",
            "operatingCashflow": "18641000",
            "grossProfit": "61254000",
            "totalRevenue": "136676000",
            "sentiment": 0,
            "surprise": "0",
            "closePrice": "33.74"
        },
        {
            "fiscalDateEnding": "2012-03-31",
            "totalCurrentAssets": "758138000",
            "cashAndShortTermInvestments": "524010000",
            "totalCurrentLiabilities": "156574000",
            "currentDebt": "253000",
            "netIncome": "16412000",
            "capitalExpenditures": "8455000",
            "operatingCashflow": "41635000",
            "grossProfit": "65268000",
            "totalRevenue": "140212000",
            "sentiment": 0,
            "surprise": "0.3",
            "closePrice": "30.19"
        },
        {
            "fiscalDateEnding": "2011-12-31",
            "totalCurrentAssets": "754544000",
            "cashAndShortTermInvestments": "492090000",
            "totalCurrentLiabilities": "167468000",
            "currentDebt": "248000",
            "netIncome": "103364000",
            "capitalExpenditures": "12848000",
            "operatingCashflow": "55347000",
            "grossProfit": "83088000",
            "totalRevenue": "191685000",
            "sentiment": 0,
            "surprise": "0.05",
            "closePrice": "27.14"
        },
        {
            "fiscalDateEnding": "2011-09-30",
            "totalCurrentAssets": "760973000",
            "cashAndShortTermInvestments": "448864000",
            "totalCurrentLiabilities": "195746000",
            "currentDebt": "243000",
            "netIncome": "35863000",
            "capitalExpenditures": "16225000",
            "operatingCashflow": "-15217000",
            "grossProfit": "124934000",
            "totalRevenue": "267659000",
            "sentiment": 0,
            "surprise": "0.2",
            "closePrice": "27.05"
        },
        {
            "fiscalDateEnding": "2011-06-30",
            "totalCurrentAssets": "953218000",
            "cashAndShortTermInvestments": "632658000",
            "totalCurrentLiabilities": "268801000",
            "currentDebt": "238000",
            "netIncome": "19206000",
            "capitalExpenditures": "21889000",
            "operatingCashflow": "425000",
            "grossProfit": "135349000",
            "totalRevenue": "262070000",
            "sentiment": 0,
            "surprise": "-0.02",
            "closePrice": "40.94"
        },
        {
            "fiscalDateEnding": "2011-03-31",
            "totalCurrentAssets": "1031810000",
            "cashAndShortTermInvestments": "702862000",
            "totalCurrentLiabilities": "336150000",
            "currentDebt": "94973000",
            "netIncome": "52642000",
            "capitalExpenditures": "9402000",
            "operatingCashflow": "74887000",
            "grossProfit": "130963000",
            "totalRevenue": "254372000",
            "sentiment": 0,
            "surprise": "0.12",
            "closePrice": "47.97"
        }
    ]
}