{
    "VERX": [
        {
            "fiscalDateEnding": "2023-12-31",
            "totalCurrentAssets": "266621000",
            "cashAndShortTermInvestments": "68175000",
            "totalCurrentLiabilities": "440779000",
            "currentDebt": "2574000",
            "netIncome": "15334000",
            "capitalExpenditures": "18793000",
            "operatingCashflow": "47636000",
            "grossProfit": "93603000",
            "totalRevenue": "150212000",
            "sentiment": 0,
            "surprise": "0.02",
            "closePrice": "33.58"
        },
        {
            "fiscalDateEnding": "2023-09-30",
            "totalCurrentAssets": "238103000",
            "cashAndShortTermInvestments": "49499000",
            "totalCurrentLiabilities": "433106000",
            "currentDebt": "2584000",
            "netIncome": "-3399000",
            "capitalExpenditures": "18539000",
            "operatingCashflow": "27594000",
            "grossProfit": "88156000",
            "totalRevenue": "144430000",
            "sentiment": 0,
            "surprise": "0.01",
            "closePrice": "27.75"
        },
        {
            "fiscalDateEnding": "2023-06-30",
            "totalCurrentAssets": "234341000",
            "cashAndShortTermInvestments": "41865000",
            "totalCurrentLiabilities": "430900000",
            "currentDebt": "2559000",
            "netIncome": "-6896000",
            "capitalExpenditures": "13581000",
            "operatingCashflow": "-4389000",
            "grossProfit": "85816000",
            "totalRevenue": "139800000",
            "sentiment": 0,
            "surprise": "0",
            "closePrice": "19.59"
        },
        {
            "fiscalDateEnding": "2023-03-31",
            "totalCurrentAssets": "235023000",
            "cashAndShortTermInvestments": "68643000",
            "totalCurrentLiabilities": "421949000",
            "currentDebt": "2575000",
            "netIncome": "-18132000",
            "capitalExpenditures": "17320000",
            "operatingCashflow": "3491000",
            "grossProfit": "81004000",
            "totalRevenue": "132404000",
            "sentiment": 0,
            "surprise": "0",
            "closePrice": "20.81"
        },
        {
            "fiscalDateEnding": "2022-12-31",
            "totalCurrentAssets": "243146000",
            "cashAndShortTermInvestments": "91803000",
            "totalCurrentLiabilities": "403209000",
            "currentDebt": "2291000",
            "netIncome": "-5309000",
            "capitalExpenditures": "20157000",
            "operatingCashflow": "53247000",
            "grossProfit": "81647000",
            "totalRevenue": "132167000",
            "sentiment": 0,
            "surprise": "0.02",
            "closePrice": "18.57"
        },
        {
            "fiscalDateEnding": "2022-09-30",
            "totalCurrentAssets": "219360000",
            "cashAndShortTermInvestments": "72370000",
            "totalCurrentLiabilities": "373970000",
            "currentDebt": "2842000",
            "netIncome": "-1141000",
            "capitalExpenditures": "19508000",
            "operatingCashflow": "15011000",
            "grossProfit": "75580000",
            "totalRevenue": "125877000",
            "sentiment": 0,
            "surprise": "0.02",
            "closePrice": "16.11"
        },
        {
            "fiscalDateEnding": "2022-06-30",
            "totalCurrentAssets": "224349000",
            "cashAndShortTermInvestments": "85554000",
            "totalCurrentLiabilities": "368876000",
            "currentDebt": "3931000",
            "netIncome": "-5520000",
            "capitalExpenditures": "16968000",
            "operatingCashflow": "8955000",
            "grossProfit": "71147000",
            "totalRevenue": "118552000",
            "sentiment": 0,
            "surprise": "0.01",
            "closePrice": "11.79"
        },
        {
            "fiscalDateEnding": "2022-03-31",
            "totalCurrentAssets": "220559000",
            "cashAndShortTermInvestments": "97340000",
            "totalCurrentLiabilities": "356562000",
            "currentDebt": "1536000",
            "netIncome": "-334000",
            "capitalExpenditures": "16785000",
            "operatingCashflow": "-367000",
            "grossProfit": "70118000",
            "totalRevenue": "115210000",
            "sentiment": 0,
            "surprise": "0.02",
            "closePrice": "11.29"
        },
        {
            "fiscalDateEnding": "2021-12-31",
            "totalCurrentAssets": "195671000",
            "cashAndShortTermInvestments": "73333000",
            "totalCurrentLiabilities": "369132000",
            "currentDebt": "284000",
            "netIncome": "-627000",
            "capitalExpenditures": "13245000",
            "operatingCashflow": "39301000",
            "grossProfit": "68014000",
            "totalRevenue": "111560000",
            "sentiment": 0,
            "surprise": "0.03",
            "closePrice": "13.83"
        },
        {
            "fiscalDateEnding": "2021-09-30",
            "totalCurrentAssets": "166742000",
            "cashAndShortTermInvestments": "47481000",
            "totalCurrentLiabilities": "345695000",
            "currentDebt": "276000",
            "netIncome": "-3948000",
            "capitalExpenditures": "10788000",
            "operatingCashflow": "26203000",
            "grossProfit": "66780000",
            "totalRevenue": "110713000",
            "sentiment": 0,
            "surprise": "0.03",
            "closePrice": "21.54"
        },
        {
            "fiscalDateEnding": "2021-06-30",
            "totalCurrentAssets": "223376000",
            "cashAndShortTermInvestments": "101593000",
            "totalCurrentLiabilities": "326729000",
            "currentDebt": "271000",
            "netIncome": "808000",
            "capitalExpenditures": "12597000",
            "operatingCashflow": "29430000",
            "grossProfit": "67559000",
            "totalRevenue": "104935000",
            "sentiment": 0,
            "surprise": "0.03",
            "closePrice": "18.2"
        },
        {
            "fiscalDateEnding": "2021-03-31",
            "totalCurrentAssets": "376920000",
            "cashAndShortTermInvestments": "277681000",
            "totalCurrentLiabilities": "275195000",
            "currentDebt": "267000",
            "netIncome": "2288000",
            "capitalExpenditures": "8416000",
            "operatingCashflow": "-2965000",
            "grossProfit": "61303000",
            "totalRevenue": "97797000",
            "sentiment": 0,
            "surprise": "0.02",
            "closePrice": "16.59"
        },
        {
            "fiscalDateEnding": "2020-12-31",
            "totalCurrentAssets": "402691000",
            "cashAndShortTermInvestments": "303051000",
            "totalCurrentLiabilities": "291968000",
            "currentDebt": "882000",
            "netIncome": "230000",
            "capitalExpenditures": "8577000",
            "operatingCashflow": "39499000",
            "grossProfit": "63332000",
            "totalRevenue": "102923000",
            "sentiment": 0,
            "surprise": "0.01",
            "closePrice": "25.13"
        },
        {
            "fiscalDateEnding": "2020-09-30",
            "totalCurrentAssets": "361808000",
            "cashAndShortTermInvestments": "270271000",
            "totalCurrentLiabilities": "263515000",
            "currentDebt": "1179000",
            "netIncome": "-17172000",
            "capitalExpenditures": "6399000",
            "operatingCashflow": "-712000",
            "grossProfit": "46637000",
            "totalRevenue": "92730000",
            "sentiment": 0,
            "surprise": "0.07",
            "closePrice": "25.85"
        },
        {
            "fiscalDateEnding": "2020-06-30",
            "totalCurrentAssets": "134371000",
            "cashAndShortTermInvestments": "47295000",
            "totalCurrentLiabilities": "278519000",
            "currentDebt": "649000",
            "netIncome": "-29075000",
            "capitalExpenditures": "8491000",
            "operatingCashflow": "27173000",
            "grossProfit": "49526000",
            "totalRevenue": "90111000",
            "sentiment": 0,
            "surprise": "0.08",
            "closePrice": "23.38"
        }
    ]
}