{
    "VICR": [
        {
            "fiscalDateEnding": "2023-12-31",
            "totalCurrentAssets": "420366000",
            "cashAndShortTermInvestments": "242219000",
            "totalCurrentLiabilities": "44169000",
            "currentDebt": "None",
            "netIncome": "8668000",
            "capitalExpenditures": "7163000",
            "operatingCashflow": "21534000",
            "grossProfit": "47344000",
            "totalRevenue": "100906000",
            "sentiment": 0.04567516879020523,
            "surprise": "-0.17",
            "closePrice": "46.84"
        },
        {
            "fiscalDateEnding": "2023-09-30",
            "totalCurrentAssets": "398967000",
            "cashAndShortTermInvestments": "227784000",
            "totalCurrentLiabilities": "46533000",
            "currentDebt": "None",
            "netIncome": "16582000",
            "capitalExpenditures": "7662000",
            "operatingCashflow": "23841000",
            "grossProfit": "55878000",
            "totalRevenue": "108042000",
            "sentiment": 0.29123171463184017,
            "surprise": "0.05",
            "closePrice": "53.19"
        },
        {
            "fiscalDateEnding": "2023-06-30",
            "totalCurrentAssets": "378786000",
            "cashAndShortTermInvestments": "203829000",
            "totalCurrentLiabilities": "49976000",
            "currentDebt": "None",
            "netIncome": "17101000",
            "capitalExpenditures": "8538000",
            "operatingCashflow": "19040000",
            "grossProfit": "55173000",
            "totalRevenue": "106945000",
            "sentiment": 0.2823210250093793,
            "surprise": "0.19",
            "closePrice": "59.41"
        },
        {
            "fiscalDateEnding": "2023-03-31",
            "totalCurrentAssets": "366370000",
            "cashAndShortTermInvestments": "192897000",
            "totalCurrentLiabilities": "53672000",
            "currentDebt": "None",
            "netIncome": "11244000",
            "capitalExpenditures": "10089000",
            "operatingCashflow": "10113000",
            "grossProfit": "46534000",
            "totalRevenue": "98014000",
            "sentiment": 0.2904515195024098,
            "surprise": "0.04",
            "closePrice": "41.44"
        },
        {
            "fiscalDateEnding": "2022-12-31",
            "totalCurrentAssets": "362604000",
            "cashAndShortTermInvestments": "190611000",
            "totalCurrentLiabilities": "64549000",
            "currentDebt": "None",
            "netIncome": "8062000",
            "capitalExpenditures": "12687000",
            "operatingCashflow": "929000",
            "grossProfit": "49139000",
            "totalRevenue": "107378000",
            "sentiment": 0.329426825164194,
            "surprise": "-0.03",
            "closePrice": "56.32"
        },
        {
            "fiscalDateEnding": "2022-09-30",
            "totalCurrentAssets": "358153000",
            "cashAndShortTermInvestments": "202047000",
            "totalCurrentLiabilities": "64359000",
            "currentDebt": "None",
            "netIncome": "1792000",
            "capitalExpenditures": "14401000",
            "operatingCashflow": "6602000",
            "grossProfit": "46970000",
            "totalRevenue": "103316000",
            "sentiment": 0.27127528116676325,
            "surprise": "-0.04",
            "closePrice": "48.62"
        },
        {
            "fiscalDateEnding": "2022-06-30",
            "totalCurrentAssets": "352331000",
            "cashAndShortTermInvestments": "207598000",
            "totalCurrentLiabilities": "59453000",
            "currentDebt": "None",
            "netIncome": "10593000",
            "capitalExpenditures": "14195000",
            "operatingCashflow": "10823000",
            "grossProfit": "46849000",
            "totalRevenue": "102384000",
            "sentiment": -0.0046010685891799945,
            "surprise": "0.14",
            "closePrice": "55.82"
        },
        {
            "fiscalDateEnding": "2022-03-31",
            "totalCurrentAssets": "344594000",
            "cashAndShortTermInvestments": "211053000",
            "totalCurrentLiabilities": "49560000",
            "currentDebt": "None",
            "netIncome": "4999000",
            "capitalExpenditures": "22683000",
            "operatingCashflow": "4585000",
            "grossProfit": "37601000",
            "totalRevenue": "88480000",
            "sentiment": -0.10196638216447491,
            "surprise": "-0.16",
            "closePrice": "59.51"
        },
        {
            "fiscalDateEnding": "2021-12-31",
            "totalCurrentAssets": "356760000",
            "cashAndShortTermInvestments": "227633000",
            "totalCurrentLiabilities": "49093000",
            "currentDebt": "None",
            "netIncome": "8880000",
            "capitalExpenditures": "16819000",
            "operatingCashflow": "14217000",
            "grossProfit": "40816000",
            "totalRevenue": "449831000",
            "sentiment": 0,
            "surprise": "-0.26",
            "closePrice": "100.25"
        },
        {
            "fiscalDateEnding": "2021-09-30",
            "totalCurrentAssets": "350002000",
            "cashAndShortTermInvestments": "228880000",
            "totalCurrentLiabilities": "42615000",
            "currentDebt": "None",
            "netIncome": "13259000",
            "capitalExpenditures": "15160000",
            "operatingCashflow": "10112000",
            "grossProfit": "42813000",
            "totalRevenue": "85109000",
            "sentiment": 0,
            "surprise": "-0.15",
            "closePrice": "144.23"
        },
        {
            "fiscalDateEnding": "2021-06-30",
            "totalCurrentAssets": "349030000",
            "cashAndShortTermInvestments": "230232000",
            "totalCurrentLiabilities": "49777000",
            "currentDebt": "None",
            "netIncome": "19394000",
            "capitalExpenditures": "6518000",
            "operatingCashflow": "12342000",
            "grossProfit": "49871000",
            "totalRevenue": "95574000",
            "sentiment": 0,
            "surprise": "0.1",
            "closePrice": "109.4"
        },
        {
            "fiscalDateEnding": "2021-03-31",
            "totalCurrentAssets": "332037000",
            "cashAndShortTermInvestments": "223130000",
            "totalCurrentLiabilities": "42878000",
            "currentDebt": "None",
            "netIncome": "15092000",
            "capitalExpenditures": "9264000",
            "operatingCashflow": "17773000",
            "grossProfit": "44700000",
            "totalRevenue": "88994000",
            "sentiment": 0,
            "surprise": "0.09",
            "closePrice": "84.93"
        },
        {
            "fiscalDateEnding": "2020-12-31",
            "totalCurrentAssets": "316932000",
            "cashAndShortTermInvestments": "211908000",
            "totalCurrentLiabilities": "40513000",
            "currentDebt": "None",
            "netIncome": "11193000",
            "capitalExpenditures": "11816000",
            "operatingCashflow": "19367000",
            "grossProfit": "40451000",
            "totalRevenue": "84302000",
            "sentiment": 0,
            "surprise": "0.09",
            "closePrice": "90.08"
        },
        {
            "fiscalDateEnding": "2020-09-30",
            "totalCurrentAssets": "309782000",
            "cashAndShortTermInvestments": "203605000",
            "totalCurrentLiabilities": "37998000",
            "currentDebt": "None",
            "netIncome": "5785000",
            "capitalExpenditures": "8113000",
            "operatingCashflow": "11611000",
            "grossProfit": "33347000",
            "totalRevenue": "78310000",
            "sentiment": 0,
            "surprise": "0.05",
            "closePrice": "82.11"
        },
        {
            "fiscalDateEnding": "2020-06-30",
            "totalCurrentAssets": "308678000",
            "cashAndShortTermInvestments": "196704000",
            "totalCurrentLiabilities": "41919000",
            "currentDebt": "None",
            "netIncome": "2667000",
            "capitalExpenditures": "5725000",
            "operatingCashflow": "4673000",
            "grossProfit": "30318000",
            "totalRevenue": "70959000",
            "sentiment": 0,
            "surprise": "0.06",
            "closePrice": "72.87"
        },
        {
            "fiscalDateEnding": "2020-03-31",
            "totalCurrentAssets": "185190000",
            "cashAndShortTermInvestments": "82751000",
            "totalCurrentLiabilities": "35220000",
            "currentDebt": "1370000",
            "netIncome": "-1735000",
            "capitalExpenditures": "2999000",
            "operatingCashflow": "-909000",
            "grossProfit": "27331000",
            "totalRevenue": "63599000",
            "sentiment": 0,
            "surprise": "-0.09",
            "closePrice": "42.75"
        },
        {
            "fiscalDateEnding": "2019-12-31",
            "totalCurrentAssets": "179066000",
            "cashAndShortTermInvestments": "84668000",
            "totalCurrentLiabilities": "29930000",
            "currentDebt": "1520000",
            "netIncome": "1312000",
            "capitalExpenditures": "3363000",
            "operatingCashflow": "5672000",
            "grossProfit": "29761000",
            "totalRevenue": "63125000",
            "sentiment": 0,
            "surprise": "-0.06",
            "closePrice": "47.81"
        },
        {
            "fiscalDateEnding": "2019-09-30",
            "totalCurrentAssets": "176018000",
            "cashAndShortTermInvestments": "81229000",
            "totalCurrentLiabilities": "30768000",
            "currentDebt": "1580000",
            "netIncome": "5937000",
            "capitalExpenditures": "3258000",
            "operatingCashflow": "11300000",
            "grossProfit": "33002000",
            "totalRevenue": "70986000",
            "sentiment": 0,
            "surprise": "-0.01",
            "closePrice": "32.79"
        },
        {
            "fiscalDateEnding": "2019-06-30",
            "totalCurrentAssets": "169645000",
            "cashAndShortTermInvestments": "71482000",
            "totalCurrentLiabilities": "33157000",
            "currentDebt": "1660000",
            "netIncome": "2563000",
            "capitalExpenditures": "2542000",
            "operatingCashflow": "7359000",
            "grossProfit": "29117000",
            "totalRevenue": "63569000",
            "sentiment": 0,
            "surprise": "-0.05",
            "closePrice": "33.42"
        },
        {
            "fiscalDateEnding": "2019-03-31",
            "totalCurrentAssets": "163788000",
            "cashAndShortTermInvestments": "66614000",
            "totalCurrentLiabilities": "30733000",
            "currentDebt": "None",
            "netIncome": "4286000",
            "capitalExpenditures": "3322000",
            "operatingCashflow": "-2120000",
            "grossProfit": "31086000",
            "totalRevenue": "65734000",
            "sentiment": 0,
            "surprise": "0.1",
            "closePrice": "32.04"
        },
        {
            "fiscalDateEnding": "2018-12-31",
            "totalCurrentAssets": "165060000",
            "cashAndShortTermInvestments": "70557000",
            "totalCurrentLiabilities": "35998000",
            "currentDebt": "None",
            "netIncome": "6910000",
            "capitalExpenditures": "11317000",
            "operatingCashflow": "13329000",
            "grossProfit": "33873000",
            "totalRevenue": "73720000",
            "sentiment": 0,
            "surprise": "None",
            "closePrice": "37.54"
        },
        {
            "fiscalDateEnding": "2018-09-30",
            "totalCurrentAssets": "160602000",
            "cashAndShortTermInvestments": "68206000",
            "totalCurrentLiabilities": "30691000",
            "currentDebt": "None",
            "netIncome": "13012000",
            "capitalExpenditures": "3336000",
            "operatingCashflow": "14314000",
            "grossProfit": "39004000",
            "totalRevenue": "78035000",
            "sentiment": 0,
            "surprise": "None",
            "closePrice": "38.37"
        },
        {
            "fiscalDateEnding": "2018-06-30",
            "totalCurrentAssets": "144831000",
            "cashAndShortTermInvestments": "53920000",
            "totalCurrentLiabilities": "30839000",
            "currentDebt": "None",
            "netIncome": "7860000",
            "capitalExpenditures": "1700000",
            "operatingCashflow": "9340000",
            "grossProfit": "35883000",
            "totalRevenue": "74196000",
            "sentiment": 0,
            "surprise": "None",
            "closePrice": "49.95"
        },
        {
            "fiscalDateEnding": "2018-03-31",
            "totalCurrentAssets": "127004000",
            "cashAndShortTermInvestments": "42678000",
            "totalCurrentLiabilities": "26111000",
            "currentDebt": "None",
            "netIncome": "3943000",
            "capitalExpenditures": "1858000",
            "operatingCashflow": "-812000",
            "grossProfit": "30211000",
            "totalRevenue": "130552000",
            "sentiment": 0,
            "surprise": "None",
            "closePrice": "29.25"
        },
        {
            "fiscalDateEnding": "2017-12-31",
            "totalCurrentAssets": "118832000",
            "cashAndShortTermInvestments": "44230000",
            "totalCurrentLiabilities": "28036000",
            "currentDebt": "None",
            "netIncome": "1611000",
            "capitalExpenditures": "2381000",
            "operatingCashflow": "-3102000",
            "grossProfit": "26931000",
            "totalRevenue": "58771000",
            "sentiment": 0,
            "surprise": "None",
            "closePrice": "18.8"
        },
        {
            "fiscalDateEnding": "2017-09-30",
            "totalCurrentAssets": "120100000",
            "cashAndShortTermInvestments": "48936000",
            "totalCurrentLiabilities": "31779000",
            "currentDebt": "None",
            "netIncome": "-11000",
            "capitalExpenditures": "4533000",
            "operatingCashflow": "1341000",
            "grossProfit": "25143000",
            "totalRevenue": "56888000",
            "sentiment": 0,
            "surprise": "None",
            "closePrice": "22.95"
        },
        {
            "fiscalDateEnding": "2017-06-30",
            "totalCurrentAssets": "119898000",
            "cashAndShortTermInvestments": "51425000",
            "totalCurrentLiabilities": "30766000",
            "currentDebt": "None",
            "netIncome": "-459000",
            "capitalExpenditures": "2983000",
            "operatingCashflow": "2296000",
            "grossProfit": "25930000",
            "totalRevenue": "57709000",
            "sentiment": 0,
            "surprise": "None",
            "closePrice": "19.35"
        },
        {
            "fiscalDateEnding": "2017-03-31",
            "totalCurrentAssets": "113680000",
            "cashAndShortTermInvestments": "52827000",
            "totalCurrentLiabilities": "24500000",
            "currentDebt": "None",
            "netIncome": "-974000",
            "capitalExpenditures": "2648000",
            "operatingCashflow": "-2447000",
            "grossProfit": "23652000",
            "totalRevenue": "54464000",
            "sentiment": 0,
            "surprise": "None",
            "closePrice": "17.95"
        },
        {
            "fiscalDateEnding": "2016-12-31",
            "totalCurrentAssets": "111772000",
            "cashAndShortTermInvestments": "56170000",
            "totalCurrentLiabilities": "22227000",
            "currentDebt": "None",
            "netIncome": "-2688000",
            "capitalExpenditures": "2060000",
            "operatingCashflow": "3459000",
            "grossProfit": "21499000",
            "totalRevenue": "48085000",
            "sentiment": 0,
            "surprise": "None",
            "closePrice": "15.35"
        },
        {
            "fiscalDateEnding": "2016-09-30",
            "totalCurrentAssets": "112740000",
            "cashAndShortTermInvestments": "55066000",
            "totalCurrentLiabilities": "21441000",
            "currentDebt": "None",
            "netIncome": "2336000",
            "capitalExpenditures": "1722000",
            "operatingCashflow": "4424000",
            "grossProfit": "25923000",
            "totalRevenue": "53227000",
            "sentiment": 0,
            "surprise": "None",
            "closePrice": "12.3"
        },
        {
            "fiscalDateEnding": "2016-06-30",
            "totalCurrentAssets": "111579000",
            "cashAndShortTermInvestments": "54153000",
            "totalCurrentLiabilities": "22729000",
            "currentDebt": "None",
            "netIncome": "-544000",
            "capitalExpenditures": "2759000",
            "operatingCashflow": "1566000",
            "grossProfit": "24471000",
            "totalRevenue": "52941000",
            "sentiment": 0,
            "surprise": "None",
            "closePrice": "11.19"
        },
        {
            "fiscalDateEnding": "2016-03-31",
            "totalCurrentAssets": "110257000",
            "cashAndShortTermInvestments": "59710000",
            "totalCurrentLiabilities": "20596000",
            "currentDebt": "None",
            "netIncome": "-5351000",
            "capitalExpenditures": "1887000",
            "operatingCashflow": "-2087000",
            "grossProfit": "19316000",
            "totalRevenue": "46029000",
            "sentiment": 0,
            "surprise": "None",
            "closePrice": "10.42"
        },
        {
            "fiscalDateEnding": "2015-12-31",
            "totalCurrentAssets": "115506000",
            "cashAndShortTermInvestments": "62980000",
            "totalCurrentLiabilities": "20601000",
            "currentDebt": "None",
            "netIncome": "-1752000",
            "capitalExpenditures": "3494000",
            "operatingCashflow": "-1663000",
            "grossProfit": "22831000",
            "totalRevenue": "51394000",
            "sentiment": 0,
            "surprise": "None",
            "closePrice": "8.14"
        },
        {
            "fiscalDateEnding": "2015-09-30",
            "totalCurrentAssets": "122479000",
            "cashAndShortTermInvestments": "68571000",
            "totalCurrentLiabilities": "22012000",
            "currentDebt": "None",
            "netIncome": "2503000",
            "capitalExpenditures": "2272000",
            "operatingCashflow": "4432000",
            "grossProfit": "21286000",
            "totalRevenue": "48664000",
            "sentiment": 0,
            "surprise": "None",
            "closePrice": "9.84"
        },
        {
            "fiscalDateEnding": "2015-06-30",
            "totalCurrentAssets": "121131000",
            "cashAndShortTermInvestments": "65148000",
            "totalCurrentLiabilities": "23612000",
            "currentDebt": "None",
            "netIncome": "805000",
            "capitalExpenditures": "1855000",
            "operatingCashflow": "2520000",
            "grossProfit": "26510000",
            "totalRevenue": "56119000",
            "sentiment": 0,
            "surprise": "None",
            "closePrice": "10.47"
        },
        {
            "fiscalDateEnding": "2015-03-31",
            "totalCurrentAssets": "120211000",
            "cashAndShortTermInvestments": "59412000",
            "totalCurrentLiabilities": "24684000",
            "currentDebt": "None",
            "netIncome": "3371000",
            "capitalExpenditures": "1469000",
            "operatingCashflow": "9020000",
            "grossProfit": "28891000",
            "totalRevenue": "64052000",
            "sentiment": 0,
            "surprise": "None",
            "closePrice": "16.39"
        },
        {
            "fiscalDateEnding": "2014-12-31",
            "totalCurrentAssets": "113478000",
            "cashAndShortTermInvestments": "55457000",
            "totalCurrentLiabilities": "23157000",
            "currentDebt": "None",
            "netIncome": "0",
            "capitalExpenditures": "2269000",
            "operatingCashflow": "-43000",
            "grossProfit": "26116000",
            "totalRevenue": "60735000",
            "sentiment": 0,
            "surprise": "None",
            "closePrice": "12.54"
        },
        {
            "fiscalDateEnding": "2014-09-30",
            "totalCurrentAssets": "114258000",
            "cashAndShortTermInvestments": "53727000",
            "totalCurrentLiabilities": "27296000",
            "currentDebt": "None",
            "netIncome": "-3674000",
            "capitalExpenditures": "1378000",
            "operatingCashflow": "-1210000",
            "grossProfit": "25550000",
            "totalRevenue": "58402000",
            "sentiment": 0,
            "surprise": "None",
            "closePrice": "9.7"
        },
        {
            "fiscalDateEnding": "2014-06-30",
            "totalCurrentAssets": "112823000",
            "cashAndShortTermInvestments": "51447000",
            "totalCurrentLiabilities": "22851000",
            "currentDebt": "None",
            "netIncome": "-4835000",
            "capitalExpenditures": "1927000",
            "operatingCashflow": "-2521000",
            "grossProfit": "22662000",
            "totalRevenue": "53381000",
            "sentiment": 0,
            "surprise": "None",
            "closePrice": "8.01"
        },
        {
            "fiscalDateEnding": "2014-03-31",
            "totalCurrentAssets": "117037000",
            "cashAndShortTermInvestments": "50950000",
            "totalCurrentLiabilities": "23284000",
            "currentDebt": "None",
            "netIncome": "-5378000",
            "capitalExpenditures": "1554000",
            "operatingCashflow": "-4480000",
            "grossProfit": "22792000",
            "totalRevenue": "53237000",
            "sentiment": 0,
            "surprise": "None",
            "closePrice": "8.87"
        },
        {
            "fiscalDateEnding": "2013-12-31",
            "totalCurrentAssets": "118524000",
            "cashAndShortTermInvestments": "56802000",
            "totalCurrentLiabilities": "20655000",
            "currentDebt": "None",
            "netIncome": "-13102000",
            "capitalExpenditures": "2152000",
            "operatingCashflow": "-2010000",
            "grossProfit": "23431000",
            "totalRevenue": "55258000",
            "sentiment": 0,
            "surprise": "None",
            "closePrice": "10.93"
        },
        {
            "fiscalDateEnding": "2013-09-30",
            "totalCurrentAssets": "123241000",
            "cashAndShortTermInvestments": "61188000",
            "totalCurrentLiabilities": "22137000",
            "currentDebt": "None",
            "netIncome": "-932000",
            "capitalExpenditures": "1484000",
            "operatingCashflow": "1536000",
            "grossProfit": "22980000",
            "totalRevenue": "55091000",
            "sentiment": 0,
            "surprise": "None",
            "closePrice": "7.99"
        },
        {
            "fiscalDateEnding": "2013-06-30",
            "totalCurrentAssets": "119779000",
            "cashAndShortTermInvestments": "60778000",
            "totalCurrentLiabilities": "18075000",
            "currentDebt": "None",
            "netIncome": "-4616000",
            "capitalExpenditures": "1372000",
            "operatingCashflow": "-2535000",
            "grossProfit": "18461000",
            "totalRevenue": "46865000",
            "sentiment": 0,
            "surprise": "None",
            "closePrice": "8.73"
        },
        {
            "fiscalDateEnding": "2013-03-31",
            "totalCurrentAssets": "129225000",
            "cashAndShortTermInvestments": "71403000",
            "totalCurrentLiabilities": "18296000",
            "currentDebt": "None",
            "netIncome": "-4990000",
            "capitalExpenditures": "1171000",
            "operatingCashflow": "-1681000",
            "grossProfit": "16607000",
            "totalRevenue": "41949000",
            "sentiment": 0,
            "surprise": "None",
            "closePrice": "5.39"
        },
        {
            "fiscalDateEnding": "2012-12-31",
            "totalCurrentAssets": "146063000",
            "cashAndShortTermInvestments": "84554000",
            "totalCurrentLiabilities": "17565000",
            "currentDebt": "None",
            "netIncome": "-4814000",
            "capitalExpenditures": "2558000",
            "operatingCashflow": "2931000",
            "grossProfit": "20125000",
            "totalRevenue": "50424000",
            "sentiment": 0,
            "surprise": "None",
            "closePrice": "5.15"
        },
        {
            "fiscalDateEnding": "2012-09-30",
            "totalCurrentAssets": "151858000",
            "cashAndShortTermInvestments": "84752000",
            "totalCurrentLiabilities": "19667000",
            "currentDebt": "None",
            "netIncome": "191000",
            "capitalExpenditures": "2053000",
            "operatingCashflow": "1419000",
            "grossProfit": "22953000",
            "totalRevenue": "52948000",
            "sentiment": 0,
            "surprise": "None",
            "closePrice": "5.93"
        },
        {
            "fiscalDateEnding": "2012-06-30",
            "totalCurrentAssets": "147189000",
            "cashAndShortTermInvestments": "82244000",
            "totalCurrentLiabilities": "19578000",
            "currentDebt": "None",
            "netIncome": "220000",
            "capitalExpenditures": "1524000",
            "operatingCashflow": "5364000",
            "grossProfit": "24106000",
            "totalRevenue": "55467000",
            "sentiment": 0,
            "surprise": "None",
            "closePrice": "6.16"
        },
        {
            "fiscalDateEnding": "2012-03-31",
            "totalCurrentAssets": "146003000",
            "cashAndShortTermInvestments": "78250000",
            "totalCurrentLiabilities": "19748000",
            "currentDebt": "None",
            "netIncome": "326000",
            "capitalExpenditures": "1261000",
            "operatingCashflow": "7524000",
            "grossProfit": "24467000",
            "totalRevenue": "59692000",
            "sentiment": 0,
            "surprise": "None",
            "closePrice": "7.42"
        },
        {
            "fiscalDateEnding": "2011-12-31",
            "totalCurrentAssets": "144334000",
            "cashAndShortTermInvestments": "71908000",
            "totalCurrentLiabilities": "19948000",
            "currentDebt": "None",
            "netIncome": "677000",
            "capitalExpenditures": "1215000",
            "operatingCashflow": "4753000",
            "grossProfit": "24491000",
            "totalRevenue": "58551000",
            "sentiment": 0,
            "surprise": "-0.22",
            "closePrice": "8.94"
        },
        {
            "fiscalDateEnding": "2011-09-30",
            "totalCurrentAssets": "140690000",
            "cashAndShortTermInvestments": "66889000",
            "totalCurrentLiabilities": "20769000",
            "currentDebt": "None",
            "netIncome": "1082000",
            "capitalExpenditures": "1216000",
            "operatingCashflow": "4556000",
            "grossProfit": "24440000",
            "totalRevenue": "58560000",
            "sentiment": 0,
            "surprise": "None",
            "closePrice": "9.46"
        },
        {
            "fiscalDateEnding": "2011-06-30",
            "totalCurrentAssets": "146608000",
            "cashAndShortTermInvestments": "69779000",
            "totalCurrentLiabilities": "23016000",
            "currentDebt": "None",
            "netIncome": "3066000",
            "capitalExpenditures": "2062000",
            "operatingCashflow": "7192000",
            "grossProfit": "27309000",
            "totalRevenue": "65402000",
            "sentiment": 0,
            "surprise": "None",
            "closePrice": "14.1315710723192"
        }
    ]
}