{
    "VNT": [
        {
            "fiscalDateEnding": "2023-12-31",
            "totalCurrentAssets": "1332500000",
            "cashAndShortTermInvestments": "340900000",
            "totalCurrentLiabilities": "955300000",
            "currentDebt": "106600000",
            "netIncome": "106200000",
            "capitalExpenditures": "16600000",
            "operatingCashflow": "164900000",
            "grossProfit": "1235900000",
            "totalRevenue": "707500000",
            "sentiment": 0.21729510427370755,
            "surprise": "0.02",
            "closePrice": "38.6076109887562"
        },
        {
            "fiscalDateEnding": "2023-09-30",
            "totalCurrentAssets": "1303200000",
            "cashAndShortTermInvestments": "263600000",
            "totalCurrentLiabilities": "867700000",
            "currentDebt": "6300000",
            "netIncome": "90600000",
            "capitalExpenditures": "17400000",
            "operatingCashflow": "131600000",
            "grossProfit": "359000000",
            "totalRevenue": "785400000",
            "sentiment": 0.3673943192234795,
            "surprise": "0.05",
            "closePrice": "31.4183060435696"
        },
        {
            "fiscalDateEnding": "2023-06-30",
            "totalCurrentAssets": "1276200000",
            "cashAndShortTermInvestments": "244000000",
            "totalCurrentLiabilities": "846200000",
            "currentDebt": "8700000",
            "netIncome": "97300000",
            "capitalExpenditures": "12400000",
            "operatingCashflow": "77500000",
            "grossProfit": "348100000",
            "totalRevenue": "817500000",
            "sentiment": 0.3476353967077178,
            "surprise": "0.02",
            "closePrice": "29.7064724851212"
        },
        {
            "fiscalDateEnding": "2023-03-31",
            "totalCurrentAssets": "1339500000",
            "cashAndShortTermInvestments": "208200000",
            "totalCurrentLiabilities": "883100000",
            "currentDebt": "8500000",
            "netIncome": "82800000",
            "capitalExpenditures": "13700000",
            "operatingCashflow": "81000000",
            "grossProfit": "353000000",
            "totalRevenue": "790100000",
            "sentiment": 0.49156529733537935,
            "surprise": "0.07",
            "closePrice": "27.3284582740625"
        },
        {
            "fiscalDateEnding": "2022-12-31",
            "totalCurrentAssets": "1385000000",
            "cashAndShortTermInvestments": "204500000",
            "totalCurrentLiabilities": "929900000",
            "currentDebt": "4600000",
            "netIncome": "67700000",
            "capitalExpenditures": "17000000",
            "operatingCashflow": "181400000",
            "grossProfit": "385000000",
            "totalRevenue": "786200000",
            "sentiment": 0.46453103713283905,
            "surprise": "0.03",
            "closePrice": "25.97810901186"
        },
        {
            "fiscalDateEnding": "2022-09-30",
            "totalCurrentAssets": "1340000000",
            "cashAndShortTermInvestments": "121700000",
            "totalCurrentLiabilities": "875300000",
            "currentDebt": "7700000",
            "netIncome": "50100000",
            "capitalExpenditures": "16500000",
            "operatingCashflow": "91300000",
            "grossProfit": "359900000",
            "totalRevenue": "788000000",
            "sentiment": 0.4250434637653358,
            "surprise": "0",
            "closePrice": "17.1209583043844"
        },
        {
            "fiscalDateEnding": "2022-06-30",
            "totalCurrentAssets": "1345900000",
            "cashAndShortTermInvestments": "127400000",
            "totalCurrentLiabilities": "850100000",
            "currentDebt": "None",
            "netIncome": "33300000",
            "capitalExpenditures": "13600000",
            "operatingCashflow": "7200000",
            "grossProfit": "348100000",
            "totalRevenue": "794600000",
            "sentiment": 0.05510334469486246,
            "surprise": "0.02",
            "closePrice": "24.5938979806355"
        },
        {
            "fiscalDateEnding": "2022-03-31",
            "totalCurrentAssets": "1257100000",
            "cashAndShortTermInvestments": "145100000",
            "totalCurrentLiabilities": "848300000",
            "currentDebt": "None",
            "netIncome": "250200000",
            "capitalExpenditures": "12900000",
            "operatingCashflow": "41300000",
            "grossProfit": "335300000",
            "totalRevenue": "765600000",
            "sentiment": 0.06370666142447513,
            "surprise": "0.04",
            "closePrice": "27.0233807939788"
        },
        {
            "fiscalDateEnding": "2021-12-31",
            "totalCurrentAssets": "1478200000",
            "cashAndShortTermInvestments": "572600000",
            "totalCurrentLiabilities": "933400000",
            "currentDebt": "7400000",
            "netIncome": "112400000",
            "capitalExpenditures": "14900000",
            "operatingCashflow": "139200000",
            "grossProfit": "356400000",
            "totalRevenue": "726600000",
            "sentiment": 0,
            "surprise": "0.03",
            "closePrice": "24.5259566678599"
        },
        {
            "fiscalDateEnding": "2021-09-30",
            "totalCurrentAssets": "1321100000",
            "cashAndShortTermInvestments": "458900000",
            "totalCurrentLiabilities": "872300000",
            "currentDebt": "None",
            "netIncome": "127300000",
            "capitalExpenditures": "11200000",
            "operatingCashflow": "125400000",
            "grossProfit": "346400000",
            "totalRevenue": "768500000",
            "sentiment": 0,
            "surprise": "0.07",
            "closePrice": "32.4530877354602"
        },
        {
            "fiscalDateEnding": "2021-06-30",
            "totalCurrentAssets": "1469700000",
            "cashAndShortTermInvestments": "703400000",
            "totalCurrentLiabilities": "778700000",
            "currentDebt": "None",
            "netIncome": "82300000",
            "capitalExpenditures": "10700000",
            "operatingCashflow": "53200000",
            "grossProfit": "318500000",
            "totalRevenue": "724400000",
            "sentiment": 0,
            "surprise": "0.06",
            "closePrice": "33.0944572993698"
        },
        {
            "fiscalDateEnding": "2021-03-31",
            "totalCurrentAssets": "1411200000",
            "cashAndShortTermInvestments": "670300000",
            "totalCurrentLiabilities": "798200000",
            "currentDebt": "None",
            "netIncome": "91000000",
            "capitalExpenditures": "11000000",
            "operatingCashflow": "163300000",
            "grossProfit": "311800000",
            "totalRevenue": "703400000",
            "sentiment": 0,
            "surprise": "0.08",
            "closePrice": "32.7638037266877"
        }
    ]
}