{
    "VRNS": [
        {
            "fiscalDateEnding": "2023-12-31",
            "totalCurrentAssets": "767157000",
            "cashAndShortTermInvestments": "483915000",
            "totalCurrentLiabilities": "306778000",
            "currentDebt": "None",
            "netIncome": "-898000",
            "capitalExpenditures": "2154000",
            "operatingCashflow": "10447000",
            "grossProfit": "134752000",
            "totalRevenue": "154099000",
            "sentiment": 0.20856884234778672,
            "surprise": "0.04",
            "closePrice": "45.54"
        },
        {
            "fiscalDateEnding": "2023-09-30",
            "totalCurrentAssets": "686082000",
            "cashAndShortTermInvestments": "448901000",
            "totalCurrentLiabilities": "266561000",
            "currentDebt": "None",
            "netIncome": "-23017000",
            "capitalExpenditures": "342000",
            "operatingCashflow": "6333000",
            "grossProfit": "104927000",
            "totalRevenue": "122308000",
            "sentiment": 0.30169646206298806,
            "surprise": "0.06",
            "closePrice": "31.5"
        },
        {
            "fiscalDateEnding": "2023-06-30",
            "totalCurrentAssets": "905324000",
            "cashAndShortTermInvestments": "676615000",
            "totalCurrentLiabilities": "254750000",
            "currentDebt": "None",
            "netIncome": "-38697000",
            "capitalExpenditures": "1493000",
            "operatingCashflow": "5806000",
            "grossProfit": "98032000",
            "totalRevenue": "115418000",
            "sentiment": 0.1645422119457799,
            "surprise": "-0.01",
            "closePrice": "28.7"
        },
        {
            "fiscalDateEnding": "2023-03-31",
            "totalCurrentAssets": "876044000",
            "cashAndShortTermInvestments": "529420000",
            "totalCurrentLiabilities": "217343000",
            "currentDebt": "None",
            "netIncome": "-38304000",
            "capitalExpenditures": "1110000",
            "operatingCashflow": "36830000",
            "grossProfit": "89698000",
            "totalRevenue": "107335000",
            "sentiment": 0.2161235221267165,
            "surprise": "-0.3",
            "closePrice": "23.23"
        },
        {
            "fiscalDateEnding": "2022-12-31",
            "totalCurrentAssets": "905657000",
            "cashAndShortTermInvestments": "604138000",
            "totalCurrentLiabilities": "228743000",
            "currentDebt": "None",
            "netIncome": "-10748000",
            "capitalExpenditures": "3762000",
            "operatingCashflow": "3434000",
            "grossProfit": "125587000",
            "totalRevenue": "142617000",
            "sentiment": 0.05189393775109075,
            "surprise": "0.04",
            "closePrice": "26.23"
        },
        {
            "fiscalDateEnding": "2022-09-30",
            "totalCurrentAssets": "916593000",
            "cashAndShortTermInvestments": "779480000",
            "totalCurrentLiabilities": "209429000",
            "currentDebt": "None",
            "netIncome": "-28717000",
            "capitalExpenditures": "1500000",
            "operatingCashflow": "-1638000",
            "grossProfit": "106110000",
            "totalRevenue": "123308000",
            "sentiment": 0.05620672619303002,
            "surprise": "-0.01",
            "closePrice": "26.77"
        },
        {
            "fiscalDateEnding": "2022-06-30",
            "totalCurrentAssets": "906592000",
            "cashAndShortTermInvestments": "781907000",
            "totalCurrentLiabilities": "208908000",
            "currentDebt": "None",
            "netIncome": "-36290000",
            "capitalExpenditures": "2639000",
            "operatingCashflow": "-14467000",
            "grossProfit": "93649000",
            "totalRevenue": "111448000",
            "sentiment": -0.048482425389270695,
            "surprise": "0.0099",
            "closePrice": "25.39"
        },
        {
            "fiscalDateEnding": "2022-03-31",
            "totalCurrentAssets": "903507000",
            "cashAndShortTermInvestments": "804091000",
            "totalCurrentLiabilities": "196094000",
            "currentDebt": "None",
            "netIncome": "-48763000",
            "capitalExpenditures": "3495000",
            "operatingCashflow": "24542000",
            "grossProfit": "78452000",
            "totalRevenue": "96261000",
            "sentiment": 0.06543090874646217,
            "surprise": "0.01",
            "closePrice": "43.67"
        },
        {
            "fiscalDateEnding": "2021-12-31",
            "totalCurrentAssets": "959207000",
            "cashAndShortTermInvestments": "805761000",
            "totalCurrentLiabilities": "211771000",
            "currentDebt": "None",
            "netIncome": "-24943000",
            "capitalExpenditures": "6370000",
            "operatingCashflow": "338000",
            "grossProfit": "109200000",
            "totalRevenue": "126578000",
            "sentiment": 0,
            "surprise": "0.03",
            "closePrice": "37.96"
        },
        {
            "fiscalDateEnding": "2021-09-30",
            "totalCurrentAssets": "911549000",
            "cashAndShortTermInvestments": "811154000",
            "totalCurrentLiabilities": "181616000",
            "currentDebt": "None",
            "netIncome": "-23314000",
            "capitalExpenditures": "1974000",
            "operatingCashflow": "-4305000",
            "grossProfit": "86015000",
            "totalRevenue": "100353000",
            "sentiment": 0,
            "surprise": "0.03",
            "closePrice": "66.2"
        },
        {
            "fiscalDateEnding": "2021-06-30",
            "totalCurrentAssets": "896956000",
            "cashAndShortTermInvestments": "801392000",
            "totalCurrentLiabilities": "181561000",
            "currentDebt": "None",
            "netIncome": "-32948000",
            "capitalExpenditures": "1030000",
            "operatingCashflow": "-9238000",
            "grossProfit": "74217000",
            "totalRevenue": "88418000",
            "sentiment": 0,
            "surprise": "0.02",
            "closePrice": "60.99"
        },
        {
            "fiscalDateEnding": "2021-03-31",
            "totalCurrentAssets": "899836000",
            "cashAndShortTermInvestments": "781686000",
            "totalCurrentLiabilities": "179259000",
            "currentDebt": "None",
            "netIncome": "-35656000",
            "capitalExpenditures": "1116000",
            "operatingCashflow": "20383000",
            "grossProfit": "61303000",
            "totalRevenue": "74785000",
            "sentiment": 0,
            "surprise": "0.05",
            "closePrice": "51.67"
        },
        {
            "fiscalDateEnding": "2020-12-31",
            "totalCurrentAssets": "419848000",
            "cashAndShortTermInvestments": "268209000",
            "totalCurrentLiabilities": "182636000",
            "currentDebt": "None",
            "netIncome": "-19032000",
            "capitalExpenditures": "3115000",
            "operatingCashflow": "7654000",
            "grossProfit": "82735000",
            "totalRevenue": "95197000",
            "sentiment": 0,
            "surprise": "0.07",
            "closePrice": "61.06"
        },
        {
            "fiscalDateEnding": "2020-09-30",
            "totalCurrentAssets": "401131000",
            "cashAndShortTermInvestments": "265570000",
            "totalCurrentLiabilities": "148442000",
            "currentDebt": "None",
            "netIncome": "-19225000",
            "capitalExpenditures": "2565000",
            "operatingCashflow": "-2692000",
            "grossProfit": "65467000",
            "totalRevenue": "76751000",
            "sentiment": 0,
            "surprise": "0.06",
            "closePrice": "40.81"
        },
        {
            "fiscalDateEnding": "2020-06-30",
            "totalCurrentAssets": "390429000",
            "cashAndShortTermInvestments": "266095000",
            "totalCurrentLiabilities": "144901000",
            "currentDebt": "None",
            "netIncome": "-24323000",
            "capitalExpenditures": "1827000",
            "operatingCashflow": "-14678000",
            "grossProfit": "56230000",
            "totalRevenue": "66565000",
            "sentiment": 0,
            "surprise": "0.07",
            "closePrice": "35.3666666666667"
        },
        {
            "fiscalDateEnding": "2020-03-31",
            "totalCurrentAssets": "177299000",
            "cashAndShortTermInvestments": "111270000",
            "totalCurrentLiabilities": "145148000",
            "currentDebt": "8196000",
            "netIncome": "-31430000",
            "capitalExpenditures": "2609000",
            "operatingCashflow": "3874000",
            "grossProfit": "43996000",
            "totalRevenue": "54176000",
            "sentiment": 0,
            "surprise": "0.01",
            "closePrice": "21.5466666666667"
        },
        {
            "fiscalDateEnding": "2019-12-31",
            "totalCurrentAssets": "214876000",
            "cashAndShortTermInvestments": "110460000",
            "totalCurrentLiabilities": "159579000",
            "currentDebt": "8472000",
            "netIncome": "-14650000",
            "capitalExpenditures": "11173000",
            "operatingCashflow": "-7000",
            "grossProfit": "62908000",
            "totalRevenue": "72560000",
            "sentiment": 0,
            "surprise": "-0.01",
            "closePrice": "30.7333333333333"
        },
        {
            "fiscalDateEnding": "2019-09-30",
            "totalCurrentAssets": "198297000",
            "cashAndShortTermInvestments": "89984000",
            "totalCurrentLiabilities": "133671000",
            "currentDebt": "7287000",
            "netIncome": "-16987000",
            "capitalExpenditures": "4341000",
            "operatingCashflow": "-13629000",
            "grossProfit": "56881000",
            "totalRevenue": "65649000",
            "sentiment": 0,
            "surprise": "0.06",
            "closePrice": "20.9066666666667"
        },
        {
            "fiscalDateEnding": "2019-06-30",
            "totalCurrentAssets": "207130000",
            "cashAndShortTermInvestments": "110487000",
            "totalCurrentLiabilities": "135171000",
            "currentDebt": "None",
            "netIncome": "-24488000",
            "capitalExpenditures": "4775000",
            "operatingCashflow": "-11102000",
            "grossProfit": "51223000",
            "totalRevenue": "59621000",
            "sentiment": 0,
            "surprise": "0.01",
            "closePrice": "23.1266666666667"
        },
        {
            "fiscalDateEnding": "2019-03-31",
            "totalCurrentAssets": "220326000",
            "cashAndShortTermInvestments": "125789000",
            "totalCurrentLiabilities": "132769000",
            "currentDebt": "None",
            "netIncome": "-22639000",
            "capitalExpenditures": "5103000",
            "operatingCashflow": "14055000",
            "grossProfit": "48034000",
            "totalRevenue": "56360000",
            "sentiment": 0,
            "surprise": "-0.01",
            "closePrice": "22.2733333333333"
        },
        {
            "fiscalDateEnding": "2018-12-31",
            "totalCurrentAssets": "259090000",
            "cashAndShortTermInvestments": "119145000",
            "totalCurrentLiabilities": "146340000",
            "currentDebt": "1313000",
            "netIncome": "6468000",
            "capitalExpenditures": "6406000",
            "operatingCashflow": "7280000",
            "grossProfit": "79769000",
            "totalRevenue": "87518000",
            "sentiment": 0,
            "surprise": "0.07",
            "closePrice": "21.32"
        },
        {
            "fiscalDateEnding": "2018-09-30",
            "totalCurrentAssets": "225685000",
            "cashAndShortTermInvestments": "158082000",
            "totalCurrentLiabilities": "121793000",
            "currentDebt": "None",
            "netIncome": "-7317000",
            "capitalExpenditures": "1105000",
            "operatingCashflow": "-4118000",
            "grossProfit": "60000000",
            "totalRevenue": "67052000",
            "sentiment": 0,
            "surprise": "0.021",
            "closePrice": "20.2066666666667"
        },
        {
            "fiscalDateEnding": "2018-06-30",
            "totalCurrentAssets": "217001000",
            "cashAndShortTermInvestments": "158681000",
            "totalCurrentLiabilities": "119055000",
            "currentDebt": "None",
            "netIncome": "-12683000",
            "capitalExpenditures": "991000",
            "operatingCashflow": "2939000",
            "grossProfit": "55750000",
            "totalRevenue": "62190000",
            "sentiment": 0,
            "surprise": "-0.01",
            "closePrice": "23.9666666666667"
        },
        {
            "fiscalDateEnding": "2018-03-31",
            "totalCurrentAssets": "205071000",
            "cashAndShortTermInvestments": "153670000",
            "totalCurrentLiabilities": "105154000",
            "currentDebt": "None",
            "netIncome": "-15046000",
            "capitalExpenditures": "1081000",
            "operatingCashflow": "17444000",
            "grossProfit": "47086000",
            "totalRevenue": "53528000",
            "sentiment": 0,
            "surprise": "0.03",
            "closePrice": "21.7833333333333"
        },
        {
            "fiscalDateEnding": "2017-12-31",
            "totalCurrentAssets": "226499000",
            "cashAndShortTermInvestments": "96826000",
            "totalCurrentLiabilities": "116581000",
            "currentDebt": "1192000",
            "netIncome": "6820000",
            "capitalExpenditures": "1742000",
            "operatingCashflow": "5505000",
            "grossProfit": "67284000",
            "totalRevenue": "73001000",
            "sentiment": 0,
            "surprise": "0.02",
            "closePrice": "17.9666666666667"
        },
        {
            "fiscalDateEnding": "2017-09-30",
            "totalCurrentAssets": "178621000",
            "cashAndShortTermInvestments": "128441000",
            "totalCurrentLiabilities": "91915000",
            "currentDebt": "None",
            "netIncome": "-3264000",
            "capitalExpenditures": "1038000",
            "operatingCashflow": "3462000",
            "grossProfit": "47942000",
            "totalRevenue": "53365000",
            "sentiment": 0,
            "surprise": "0.0213",
            "closePrice": "14.0"
        },
        {
            "fiscalDateEnding": "2017-06-30",
            "totalCurrentAssets": "170462000",
            "cashAndShortTermInvestments": "121578000",
            "totalCurrentLiabilities": "89574000",
            "currentDebt": "None",
            "netIncome": "-5737000",
            "capitalExpenditures": "1036000",
            "operatingCashflow": "-913000",
            "grossProfit": "44550000",
            "totalRevenue": "49431000",
            "sentiment": 0,
            "surprise": "0.04",
            "closePrice": "12.5166666666667"
        },
        {
            "fiscalDateEnding": "2017-03-31",
            "totalCurrentAssets": "156578000",
            "cashAndShortTermInvestments": "121320000",
            "totalCurrentLiabilities": "77737000",
            "currentDebt": "None",
            "netIncome": "-11663000",
            "capitalExpenditures": "1498000",
            "operatingCashflow": "8297000",
            "grossProfit": "34900000",
            "totalRevenue": "39593000",
            "sentiment": 0,
            "surprise": "0.02",
            "closePrice": "10.6333333333333"
        },
        {
            "fiscalDateEnding": "2016-12-31",
            "totalCurrentAssets": "171319000",
            "cashAndShortTermInvestments": "113808000",
            "totalCurrentLiabilities": "88245000",
            "currentDebt": "None",
            "netIncome": "7039000",
            "capitalExpenditures": "1249000",
            "operatingCashflow": "2811000",
            "grossProfit": "51412000",
            "totalRevenue": "55816000",
            "sentiment": 0,
            "surprise": "0.01",
            "closePrice": "10.0833333333333"
        },
        {
            "fiscalDateEnding": "2016-09-30",
            "totalCurrentAssets": "146098000",
            "cashAndShortTermInvestments": "112041000",
            "totalCurrentLiabilities": "69575000",
            "currentDebt": "None",
            "netIncome": "-4389000",
            "capitalExpenditures": "1129000",
            "operatingCashflow": "-125000",
            "grossProfit": "36821000",
            "totalRevenue": "40937000",
            "sentiment": 0,
            "surprise": "0.03",
            "closePrice": "9.61666666666667"
        },
        {
            "fiscalDateEnding": "2016-06-30",
            "totalCurrentAssets": "144571000",
            "cashAndShortTermInvestments": "108455000",
            "totalCurrentLiabilities": "69741000",
            "currentDebt": "None",
            "netIncome": "-6493000",
            "capitalExpenditures": "725000",
            "operatingCashflow": "-6493000",
            "grossProfit": "34920000",
            "totalRevenue": "38641000",
            "sentiment": 0,
            "surprise": "0.02",
            "closePrice": "8.66666666666667"
        },
        {
            "fiscalDateEnding": "2016-03-31",
            "totalCurrentAssets": "140827000",
            "cashAndShortTermInvestments": "111808000",
            "totalCurrentLiabilities": "62021000",
            "currentDebt": "None",
            "netIncome": "-10350000",
            "capitalExpenditures": "722000",
            "operatingCashflow": "10888000",
            "grossProfit": "26974000",
            "totalRevenue": "30470000",
            "sentiment": 0,
            "surprise": "0.03",
            "closePrice": "6.34666666666667"
        },
        {
            "fiscalDateEnding": "2015-12-31",
            "totalCurrentAssets": "156402000",
            "cashAndShortTermInvestments": "106344000",
            "totalCurrentLiabilities": "71316000",
            "currentDebt": "None",
            "netIncome": "2634000",
            "capitalExpenditures": "999000",
            "operatingCashflow": "6564000",
            "grossProfit": "40558000",
            "totalRevenue": "43837000",
            "sentiment": 0,
            "surprise": "0.01",
            "closePrice": "4.60666666666667"
        },
        {
            "fiscalDateEnding": "2015-09-30",
            "totalCurrentAssets": "136338000",
            "cashAndShortTermInvestments": "105029000",
            "totalCurrentLiabilities": "56220000",
            "currentDebt": "None",
            "netIncome": "-4925000",
            "capitalExpenditures": "1767000",
            "operatingCashflow": "-4925000",
            "grossProfit": "28193000",
            "totalRevenue": "31237000",
            "sentiment": 0,
            "surprise": "0.03",
            "closePrice": "5.16666666666667"
        },
        {
            "fiscalDateEnding": "2015-06-30",
            "totalCurrentAssets": "136597000",
            "cashAndShortTermInvestments": "104880000",
            "totalCurrentLiabilities": "53040000",
            "currentDebt": "None",
            "netIncome": "-6322000",
            "capitalExpenditures": "1297000",
            "operatingCashflow": "-6322000",
            "grossProfit": "26287000",
            "totalRevenue": "29150000",
            "sentiment": 0,
            "surprise": "0.04",
            "closePrice": "6.88333333333333"
        },
        {
            "fiscalDateEnding": "2015-03-31",
            "totalCurrentAssets": "136018000",
            "cashAndShortTermInvestments": "113021000",
            "totalCurrentLiabilities": "48493000",
            "currentDebt": "None",
            "netIncome": "-12670000",
            "capitalExpenditures": "473000",
            "operatingCashflow": "2491000",
            "grossProfit": "20153000",
            "totalRevenue": "22986000",
            "sentiment": 0,
            "surprise": "-0.01",
            "closePrice": "8.89333333333333"
        },
        {
            "fiscalDateEnding": "2014-12-31",
            "totalCurrentAssets": "152526000",
            "cashAndShortTermInvestments": "111695000",
            "totalCurrentLiabilities": "53210000",
            "currentDebt": "None",
            "netIncome": "-331000",
            "capitalExpenditures": "594000",
            "operatingCashflow": "-5020000",
            "grossProfit": "30926000",
            "totalRevenue": "33714000",
            "sentiment": 0,
            "surprise": "0.01",
            "closePrice": "12.4833333333333"
        },
        {
            "fiscalDateEnding": "2014-09-30",
            "totalCurrentAssets": "137981000",
            "cashAndShortTermInvestments": "115339000",
            "totalCurrentLiabilities": "43549000",
            "currentDebt": "None",
            "netIncome": "-6354000",
            "capitalExpenditures": "451000",
            "operatingCashflow": "-5140000",
            "grossProfit": "22973000",
            "totalRevenue": "25563000",
            "sentiment": 0,
            "surprise": "0",
            "closePrice": "6.26666666666667"
        },
        {
            "fiscalDateEnding": "2014-06-30",
            "totalCurrentAssets": "140439000",
            "cashAndShortTermInvestments": "120230000",
            "totalCurrentLiabilities": "41051000",
            "currentDebt": "None",
            "netIncome": "-4639000",
            "capitalExpenditures": "680000",
            "operatingCashflow": "-3661000",
            "grossProfit": "22125000",
            "totalRevenue": "24616000",
            "sentiment": 0,
            "surprise": "0.01",
            "closePrice": "7.55"
        },
        {
            "fiscalDateEnding": "2014-03-31",
            "totalCurrentAssets": "141916000",
            "cashAndShortTermInvestments": "125853000",
            "totalCurrentLiabilities": "38720000",
            "currentDebt": "None",
            "netIncome": "-8074000",
            "capitalExpenditures": "608000",
            "operatingCashflow": "4337000",
            "grossProfit": "15413000",
            "totalRevenue": "17455000",
            "sentiment": 0,
            "surprise": "0.04",
            "closePrice": "9.38"
        }
    ]
}