{
    "VRNT": [
        {
            "fiscalDateEnding": "2024-01-31",
            "totalCurrentAssets": "573174000",
            "cashAndShortTermInvestments": "242086000",
            "totalCurrentLiabilities": "418171000",
            "currentDebt": "1433000",
            "netIncome": "28703000",
            "capitalExpenditures": "5789000",
            "operatingCashflow": "68963000",
            "grossProfit": "190814000",
            "totalRevenue": "265109000",
            "sentiment": 0.37460290806597923,
            "surprise": "0.1",
            "closePrice": "31.09"
        },
        {
            "fiscalDateEnding": "2023-10-31",
            "totalCurrentAssets": "503619000",
            "cashAndShortTermInvestments": "210331000",
            "totalCurrentLiabilities": "370101000",
            "currentDebt": "None",
            "netIncome": "12612000",
            "capitalExpenditures": "7012000",
            "operatingCashflow": "18347000",
            "grossProfit": "153009000",
            "totalRevenue": "218547000",
            "sentiment": 0.16205325645231664,
            "surprise": "0.08",
            "closePrice": "24.03"
        },
        {
            "fiscalDateEnding": "2023-07-31",
            "totalCurrentAssets": "516861000",
            "cashAndShortTermInvestments": "232748000",
            "totalCurrentLiabilities": "393272000",
            "currentDebt": "None",
            "netIncome": "-6000000",
            "capitalExpenditures": "6145000",
            "operatingCashflow": "3325000",
            "grossProfit": "141289000",
            "totalRevenue": "210165000",
            "sentiment": 0.2736075391984925,
            "surprise": "-0.09",
            "closePrice": "30.87"
        },
        {
            "fiscalDateEnding": "2023-04-30",
            "totalCurrentAssets": "556645000",
            "cashAndShortTermInvestments": "264365000",
            "totalCurrentLiabilities": "441057000",
            "currentDebt": "None",
            "netIncome": "3295000",
            "capitalExpenditures": "6791000",
            "operatingCashflow": "60007000",
            "grossProfit": "148163000",
            "totalRevenue": "216566000",
            "sentiment": 0.28343214475750644,
            "surprise": "0.06",
            "closePrice": "37.72"
        },
        {
            "fiscalDateEnding": "2023-01-31",
            "totalCurrentAssets": "619656000",
            "cashAndShortTermInvestments": "282796000",
            "totalCurrentLiabilities": "471051000",
            "currentDebt": "1848000",
            "netIncome": "12948000",
            "capitalExpenditures": "11922000",
            "operatingCashflow": "71205000",
            "grossProfit": "163416000",
            "totalRevenue": "236247000",
            "sentiment": 0.17621282961583998,
            "surprise": "0.03",
            "closePrice": "37.45"
        },
        {
            "fiscalDateEnding": "2022-10-31",
            "totalCurrentAssets": "544795000",
            "cashAndShortTermInvestments": "262724000",
            "totalCurrentLiabilities": "393887000",
            "currentDebt": "None",
            "netIncome": "4076000",
            "capitalExpenditures": "9647000",
            "operatingCashflow": "21931000",
            "grossProfit": "154796000",
            "totalRevenue": "225193000",
            "sentiment": 0.31891664041149415,
            "surprise": "0.1",
            "closePrice": "37.38"
        },
        {
            "fiscalDateEnding": "2022-07-31",
            "totalCurrentAssets": "525721000",
            "cashAndShortTermInvestments": "257220000",
            "totalCurrentLiabilities": "400493000",
            "currentDebt": "None",
            "netIncome": "-2412000",
            "capitalExpenditures": "6749000",
            "operatingCashflow": "-7246000",
            "grossProfit": "147794000",
            "totalRevenue": "222899000",
            "sentiment": 0.059594000094951145,
            "surprise": "0.03",
            "closePrice": "45.42"
        },
        {
            "fiscalDateEnding": "2022-04-30",
            "totalCurrentAssets": "535200000",
            "cashAndShortTermInvestments": "285791000",
            "totalCurrentLiabilities": "439874000",
            "currentDebt": "None",
            "netIncome": "286000",
            "capitalExpenditures": "7227000",
            "operatingCashflow": "53926000",
            "grossProfit": "141171000",
            "totalRevenue": "217906000",
            "sentiment": -0.09636829291394963,
            "surprise": "0.05",
            "closePrice": "52.46"
        },
        {
            "fiscalDateEnding": "2022-01-31",
            "totalCurrentAssets": "655178000",
            "cashAndShortTermInvestments": "359570000",
            "totalCurrentLiabilities": "479466000",
            "currentDebt": "2629000",
            "netIncome": "-4623000",
            "capitalExpenditures": "6982000",
            "operatingCashflow": "64405000",
            "grossProfit": "152587000",
            "totalRevenue": "234168000",
            "sentiment": 0,
            "surprise": "0.01",
            "closePrice": "51.64"
        },
        {
            "fiscalDateEnding": "2021-10-31",
            "totalCurrentAssets": "560450000",
            "cashAndShortTermInvestments": "308508000",
            "totalCurrentLiabilities": "392569000",
            "currentDebt": "None",
            "netIncome": "13237000",
            "capitalExpenditures": "6268000",
            "operatingCashflow": "46635000",
            "grossProfit": "152736000",
            "totalRevenue": "224820000",
            "sentiment": 0,
            "surprise": "0.16",
            "closePrice": "47.37"
        },
        {
            "fiscalDateEnding": "2021-07-31",
            "totalCurrentAssets": "572495000",
            "cashAndShortTermInvestments": "321105000",
            "totalCurrentLiabilities": "391617000",
            "currentDebt": "None",
            "netIncome": "5000000",
            "capitalExpenditures": "4937000",
            "operatingCashflow": "-15143000",
            "grossProfit": "142050000",
            "totalRevenue": "214617000",
            "sentiment": 0,
            "surprise": "0.16",
            "closePrice": "44.1"
        },
        {
            "fiscalDateEnding": "2021-04-30",
            "totalCurrentAssets": "998536000",
            "cashAndShortTermInvestments": "360086000",
            "totalCurrentLiabilities": "822182000",
            "currentDebt": "386887000",
            "netIncome": "799000",
            "capitalExpenditures": "6335000",
            "operatingCashflow": "29702000",
            "grossProfit": "128564000",
            "totalRevenue": "200904000",
            "sentiment": 0,
            "surprise": "0.09",
            "closePrice": "46.25"
        },
        {
            "fiscalDateEnding": "2021-01-31",
            "totalCurrentAssets": "1277742000",
            "cashAndShortTermInvestments": "714856000",
            "totalCurrentLiabilities": "1163439000",
            "currentDebt": "388998000",
            "netIncome": "-19922000",
            "capitalExpenditures": "10988000",
            "operatingCashflow": "96015000",
            "grossProfit": "149205000",
            "totalRevenue": "225080000",
            "sentiment": 0,
            "surprise": "0.19",
            "closePrice": "45.49"
        },
        {
            "fiscalDateEnding": "2020-10-31",
            "totalCurrentAssets": "1155700000",
            "cashAndShortTermInvestments": "631269000",
            "totalCurrentLiabilities": "1032048000",
            "currentDebt": "383449000",
            "netIncome": "10175000",
            "capitalExpenditures": "7072000",
            "operatingCashflow": "21100000",
            "grossProfit": "141350000",
            "totalRevenue": "215222000",
            "sentiment": 0,
            "surprise": "0.22",
            "closePrice": "28.7519103413143"
        },
        {
            "fiscalDateEnding": "2020-07-31",
            "totalCurrentAssets": "1312677000",
            "cashAndShortTermInvestments": "813544000",
            "totalCurrentLiabilities": "1039934000",
            "currentDebt": "380229000",
            "netIncome": "8494000",
            "capitalExpenditures": "10283000",
            "operatingCashflow": "60753000",
            "grossProfit": "137179000",
            "totalRevenue": "204080000",
            "sentiment": 0,
            "surprise": "0.37",
            "closePrice": "24.6102903718798"
        },
        {
            "fiscalDateEnding": "2020-04-30",
            "totalCurrentAssets": "1110614000",
            "cashAndShortTermInvestments": "576412000",
            "totalCurrentLiabilities": "677791000",
            "currentDebt": "4250000",
            "netIncome": "-6014000",
            "capitalExpenditures": "11981000",
            "operatingCashflow": "75978000",
            "grossProfit": "114962000",
            "totalRevenue": "287295000",
            "sentiment": 0,
            "surprise": "-0.16",
            "closePrice": "25.3948038716251"
        },
        {
            "fiscalDateEnding": "2020-01-31",
            "totalCurrentAssets": "999058000",
            "cashAndShortTermInvestments": "399361000",
            "totalCurrentLiabilities": "702902000",
            "currentDebt": "26906000",
            "netIncome": "4869000",
            "capitalExpenditures": "11431000",
            "operatingCashflow": "101434000",
            "grossProfit": "219338000",
            "totalRevenue": "339203000",
            "sentiment": 0,
            "surprise": "-0.05",
            "closePrice": "21.90524707081"
        },
        {
            "fiscalDateEnding": "2019-10-31",
            "totalCurrentAssets": "984081000",
            "cashAndShortTermInvestments": "426811000",
            "totalCurrentLiabilities": "628705000",
            "currentDebt": "4250000",
            "netIncome": "11681000",
            "capitalExpenditures": "16520000",
            "operatingCashflow": "38191000",
            "grossProfit": "211595000",
            "totalRevenue": "324867000",
            "sentiment": 0,
            "surprise": "0.08",
            "closePrice": "24.3555781966378"
        },
        {
            "fiscalDateEnding": "2019-07-31",
            "totalCurrentAssets": "960790000",
            "cashAndShortTermInvestments": "414136000",
            "totalCurrentLiabilities": "638780000",
            "currentDebt": "4263000",
            "netIncome": "10558000",
            "capitalExpenditures": "13149000",
            "operatingCashflow": "5216000",
            "grossProfit": "207864000",
            "totalRevenue": "324305000",
            "sentiment": 0,
            "surprise": "0.02",
            "closePrice": "27.427407030056"
        },
        {
            "fiscalDateEnding": "2019-04-30",
            "totalCurrentAssets": "988297000",
            "cashAndShortTermInvestments": "451358000",
            "totalCurrentLiabilities": "660746000",
            "currentDebt": "4303000",
            "netIncome": "1576000",
            "capitalExpenditures": "11150000",
            "operatingCashflow": "93063000",
            "grossProfit": "201071000",
            "totalRevenue": "315259000",
            "sentiment": 0,
            "surprise": "0.11",
            "closePrice": "29.2715231788079"
        },
        {
            "fiscalDateEnding": "2019-01-31",
            "totalCurrentAssets": "1006346000",
            "cashAndShortTermInvestments": "402304000",
            "totalCurrentLiabilities": "661821000",
            "currentDebt": "4343000",
            "netIncome": "27306000",
            "capitalExpenditures": "11306000",
            "operatingCashflow": "83601000",
            "grossProfit": "219655000",
            "totalRevenue": "330230000",
            "sentiment": 0,
            "surprise": "0.07",
            "closePrice": "26.2557310239429"
        },
        {
            "fiscalDateEnding": "2018-10-31",
            "totalCurrentAssets": "933579000",
            "cashAndShortTermInvestments": "402856000",
            "totalCurrentLiabilities": "567064000",
            "currentDebt": "4382000",
            "netIncome": "18920000",
            "capitalExpenditures": "6901000",
            "operatingCashflow": "27497000",
            "grossProfit": "192744000",
            "totalRevenue": "303983000",
            "sentiment": 0,
            "surprise": "0.14",
            "closePrice": "23.3469179826796"
        },
        {
            "fiscalDateEnding": "2018-07-31",
            "totalCurrentAssets": "913305000",
            "cashAndShortTermInvestments": "383511000",
            "totalCurrentLiabilities": "582271000",
            "currentDebt": "4420000",
            "netIncome": "21980000",
            "capitalExpenditures": "11931000",
            "operatingCashflow": "-38088000",
            "grossProfit": "193020000",
            "totalRevenue": "306327000",
            "sentiment": 0,
            "surprise": "0.14",
            "closePrice": "24.0448293428426"
        },
        {
            "fiscalDateEnding": "2018-04-30",
            "totalCurrentAssets": "918991000",
            "cashAndShortTermInvestments": "391457000",
            "totalCurrentLiabilities": "602223000",
            "currentDebt": "4460000",
            "netIncome": "-2215000",
            "capitalExpenditures": "8868000",
            "operatingCashflow": "81229000",
            "grossProfit": "175115000",
            "totalRevenue": "289207000",
            "sentiment": 0,
            "surprise": "0.05",
            "closePrice": "22.4401426388181"
        },
        {
            "fiscalDateEnding": "2018-01-31",
            "totalCurrentAssets": "782192000",
            "cashAndShortTermInvestments": "344508000",
            "totalCurrentLiabilities": "505511000",
            "currentDebt": "4500000",
            "netIncome": "17097000",
            "capitalExpenditures": "11302000",
            "operatingCashflow": "80153000",
            "grossProfit": "204826000",
            "totalRevenue": "318731000",
            "sentiment": 0,
            "surprise": "0.05",
            "closePrice": "19.0524707080998"
        },
        {
            "fiscalDateEnding": "2017-10-31",
            "totalCurrentAssets": "771682000",
            "cashAndShortTermInvestments": "319077000",
            "totalCurrentLiabilities": "461537000",
            "currentDebt": "4552000",
            "netIncome": "2489000",
            "capitalExpenditures": "10884000",
            "operatingCashflow": "-2336000",
            "grossProfit": "169321000",
            "totalRevenue": "280726000",
            "sentiment": 0,
            "surprise": "0.09",
            "closePrice": "21.6760061130922"
        },
        {
            "fiscalDateEnding": "2017-07-31",
            "totalCurrentAssets": "753588000",
            "cashAndShortTermInvestments": "373548000",
            "totalCurrentLiabilities": "463598000",
            "currentDebt": "4577000",
            "netIncome": "-6427000",
            "capitalExpenditures": "9163000",
            "operatingCashflow": "38749000",
            "grossProfit": "164103000",
            "totalRevenue": "274777000",
            "sentiment": 0,
            "surprise": "0.14",
            "closePrice": "20.096790626592"
        },
        {
            "fiscalDateEnding": "2017-04-30",
            "totalCurrentAssets": "710455000",
            "cashAndShortTermInvestments": "344624000",
            "totalCurrentLiabilities": "489053000",
            "currentDebt": "4573000",
            "netIncome": "-19786000",
            "capitalExpenditures": "7307000",
            "operatingCashflow": "59761000",
            "grossProfit": "150192000",
            "totalRevenue": "260995000",
            "sentiment": 0,
            "surprise": "0.11",
            "closePrice": "21.4467651553744"
        },
        {
            "fiscalDateEnding": "2017-01-31",
            "totalCurrentAssets": "672054000",
            "cashAndShortTermInvestments": "310547000",
            "totalCurrentLiabilities": "462399000",
            "currentDebt": "4611000",
            "netIncome": "8018000",
            "capitalExpenditures": "7537000",
            "operatingCashflow": "37678000",
            "grossProfit": "179591000",
            "totalRevenue": "295859000",
            "sentiment": 0,
            "surprise": "0.04",
            "closePrice": "20.1477330616403"
        },
        {
            "fiscalDateEnding": "2016-10-31",
            "totalCurrentAssets": "671059000",
            "cashAndShortTermInvestments": "306147000",
            "totalCurrentLiabilities": "405700000",
            "currentDebt": "4709000",
            "netIncome": "-8237000",
            "capitalExpenditures": "5870000",
            "operatingCashflow": "-7434000",
            "grossProfit": "155696000",
            "totalRevenue": "258902000",
            "sentiment": 0,
            "surprise": "-0.1",
            "closePrice": "19.5109526235354"
        },
        {
            "fiscalDateEnding": "2016-07-31",
            "totalCurrentAssets": "730304000",
            "cashAndShortTermInvestments": "367453000",
            "totalCurrentLiabilities": "446035000",
            "currentDebt": "5186000",
            "netIncome": "-11705000",
            "capitalExpenditures": "6334000",
            "operatingCashflow": "-11078000",
            "grossProfit": "159460000",
            "totalRevenue": "261921000",
            "sentiment": 0,
            "surprise": "0.03",
            "closePrice": "17.9113601630158"
        },
        {
            "fiscalDateEnding": "2016-04-30",
            "totalCurrentAssets": "712361000",
            "cashAndShortTermInvestments": "371992000",
            "totalCurrentLiabilities": "461284000",
            "currentDebt": "4171000",
            "netIncome": "-17456000",
            "capitalExpenditures": "10137000",
            "operatingCashflow": "119552000",
            "grossProfit": "144730000",
            "totalRevenue": "245424000",
            "sentiment": 0,
            "surprise": "0.05",
            "closePrice": "17.8502292409577"
        },
        {
            "fiscalDateEnding": "2016-01-31",
            "totalCurrentAssets": "754112000",
            "cashAndShortTermInvestments": "408087000",
            "totalCurrentLiabilities": "442430000",
            "currentDebt": "2104000",
            "netIncome": "17505000",
            "capitalExpenditures": "9827000",
            "operatingCashflow": "-11280000",
            "grossProfit": "179116000",
            "totalRevenue": "280794000",
            "sentiment": 0,
            "surprise": "-0.27",
            "closePrice": "17.9266428935303"
        },
        {
            "fiscalDateEnding": "2015-10-31",
            "totalCurrentAssets": "734671000",
            "cashAndShortTermInvestments": "367157000",
            "totalCurrentLiabilities": "419931000",
            "currentDebt": "1052000",
            "netIncome": "7634000",
            "capitalExpenditures": "8138000",
            "operatingCashflow": "8470000",
            "grossProfit": "178537000",
            "totalRevenue": "284054000",
            "sentiment": 0,
            "surprise": "-0.01",
            "closePrice": "23.6678553234845"
        },
        {
            "fiscalDateEnding": "2015-07-31",
            "totalCurrentAssets": "727531000",
            "cashAndShortTermInvestments": "365908000",
            "totalCurrentLiabilities": "439152000",
            "currentDebt": "None",
            "netIncome": "-7085000",
            "capitalExpenditures": "6090000",
            "operatingCashflow": "-9917000",
            "grossProfit": "177344000",
            "totalRevenue": "295882000",
            "sentiment": 0,
            "surprise": "0.02",
            "closePrice": "26.3219561895059"
        },
        {
            "fiscalDateEnding": "2015-04-30",
            "totalCurrentAssets": "767060000",
            "cashAndShortTermInvestments": "389545000",
            "totalCurrentLiabilities": "499943000",
            "currentDebt": "10000",
            "netIncome": "-416000",
            "capitalExpenditures": "6237000",
            "operatingCashflow": "130904000",
            "grossProfit": "166363000",
            "totalRevenue": "269536000",
            "sentiment": 0,
            "surprise": "0.13",
            "closePrice": "33.8003056546103"
        },
        {
            "fiscalDateEnding": "2015-01-31",
            "totalCurrentAssets": "710192000",
            "cashAndShortTermInvestments": "320823000",
            "totalCurrentLiabilities": "477888000",
            "currentDebt": "23000",
            "netIncome": "4583000",
            "capitalExpenditures": "8876000",
            "operatingCashflow": "103484000",
            "grossProfit": "202986000",
            "totalRevenue": "311653000",
            "sentiment": 0,
            "surprise": "-0.09",
            "closePrice": "29.8624554253693"
        },
        {
            "fiscalDateEnding": "2014-10-31",
            "totalCurrentAssets": "627166000",
            "cashAndShortTermInvestments": "272401000",
            "totalCurrentLiabilities": "444735000",
            "currentDebt": "36000",
            "netIncome": "10670000",
            "capitalExpenditures": "8091000",
            "operatingCashflow": "11473000",
            "grossProfit": "181471000",
            "totalRevenue": "282574000",
            "sentiment": 0,
            "surprise": "0.09",
            "closePrice": "31.0392256749873"
        },
        {
            "fiscalDateEnding": "2014-07-31",
            "totalCurrentAssets": "610278000",
            "cashAndShortTermInvestments": "267366000",
            "totalCurrentLiabilities": "457178000",
            "currentDebt": "61000",
            "netIncome": "-12278000",
            "capitalExpenditures": "6996000",
            "operatingCashflow": "-10380000",
            "grossProfit": "174261000",
            "totalRevenue": "276816000",
            "sentiment": 0,
            "surprise": "0.12",
            "closePrice": "26.03158430973"
        },
        {
            "fiscalDateEnding": "2014-04-30",
            "totalCurrentAssets": "585833000",
            "cashAndShortTermInvestments": "243140000",
            "totalCurrentLiabilities": "493913000",
            "currentDebt": "9496000",
            "netIncome": "27956000",
            "capitalExpenditures": "5254000",
            "operatingCashflow": "54035000",
            "grossProfit": "154570000",
            "totalRevenue": "257393000",
            "sentiment": 0,
            "surprise": "0.17",
            "closePrice": "23.7340804890474"
        },
        {
            "fiscalDateEnding": "2014-01-31",
            "totalCurrentAssets": "694391000",
            "cashAndShortTermInvestments": "417090000",
            "totalCurrentLiabilities": "413483000",
            "currentDebt": "6555000",
            "netIncome": "22887000",
            "capitalExpenditures": "9062000",
            "operatingCashflow": "24154000",
            "grossProfit": "167397000",
            "totalRevenue": "255745000",
            "sentiment": 0,
            "surprise": "0.07",
            "closePrice": "23.9072847682119"
        },
        {
            "fiscalDateEnding": "2013-10-31",
            "totalCurrentAssets": "643885000",
            "cashAndShortTermInvestments": "384483000",
            "totalCurrentLiabilities": "386187000",
            "currentDebt": "6559000",
            "netIncome": "22487000",
            "capitalExpenditures": "6103000",
            "operatingCashflow": "24054000",
            "grossProfit": "152157000",
            "totalRevenue": "224314000",
            "sentiment": 0,
            "surprise": "0.15",
            "closePrice": "19.302088639837"
        },
        {
            "fiscalDateEnding": "2013-07-31",
            "totalCurrentAssets": "604425000",
            "cashAndShortTermInvestments": "355779000",
            "totalCurrentLiabilities": "373510000",
            "currentDebt": "6615000",
            "netIncome": "17536000",
            "capitalExpenditures": "4251000",
            "operatingCashflow": "18505000",
            "grossProfit": "149840000",
            "totalRevenue": "222447000",
            "sentiment": 0,
            "surprise": "0.18",
            "closePrice": "18.0845644421803"
        },
        {
            "fiscalDateEnding": "2013-04-30",
            "totalCurrentAssets": "606791000",
            "cashAndShortTermInvestments": "377286000",
            "totalCurrentLiabilities": "408758000",
            "currentDebt": "7406000",
            "netIncome": "-9153000",
            "capitalExpenditures": "2977000",
            "operatingCashflow": "26156000",
            "grossProfit": "131478000",
            "totalRevenue": "204786000",
            "sentiment": 0,
            "surprise": "-0.08",
            "closePrice": "17.3255221599592"
        },
        {
            "fiscalDateEnding": "2013-01-31",
            "totalCurrentAssets": "501653000",
            "cashAndShortTermInvestments": "234694000",
            "totalCurrentLiabilities": "394210000",
            "currentDebt": "5867000",
            "netIncome": "25889000",
            "capitalExpenditures": "5568000",
            "operatingCashflow": "27294000",
            "grossProfit": "156547000",
            "totalRevenue": "228961000",
            "sentiment": 0,
            "surprise": "0.16",
            "closePrice": "17.7432501273561"
        },
        {
            "fiscalDateEnding": "2012-10-31",
            "totalCurrentAssets": "430157000",
            "cashAndShortTermInvestments": "203546000",
            "totalCurrentLiabilities": "361261000",
            "currentDebt": "6438000",
            "netIncome": "5471000",
            "capitalExpenditures": "5915000",
            "operatingCashflow": "6615000",
            "grossProfit": "136238000",
            "totalRevenue": "201520000",
            "sentiment": 0,
            "surprise": "0.04",
            "closePrice": "13.8206826286296"
        },
        {
            "fiscalDateEnding": "2012-07-31",
            "totalCurrentAssets": "418142000",
            "cashAndShortTermInvestments": "184000000",
            "totalCurrentLiabilities": "369174000",
            "currentDebt": "6292000",
            "netIncome": "12607000",
            "capitalExpenditures": "3276000",
            "operatingCashflow": "13265000",
            "grossProfit": "136446000",
            "totalRevenue": "212426000",
            "sentiment": 0,
            "surprise": "0.07",
            "closePrice": "14.1467142129394"
        },
        {
            "fiscalDateEnding": "2012-04-30",
            "totalCurrentAssets": "418470000",
            "cashAndShortTermInvestments": "202870000",
            "totalCurrentLiabilities": "393044000",
            "currentDebt": "6239000",
            "netIncome": "10035000",
            "capitalExpenditures": "5202000",
            "operatingCashflow": "47532000",
            "grossProfit": "128307000",
            "totalRevenue": "196635000",
            "sentiment": 0,
            "surprise": "0.04",
            "closePrice": "14.824248599083"
        },
        {
            "fiscalDateEnding": "2012-01-31",
            "totalCurrentAssets": "400690000",
            "cashAndShortTermInvestments": "163525000",
            "totalCurrentLiabilities": "383148000",
            "currentDebt": "6228000",
            "netIncome": "17179000",
            "capitalExpenditures": "4699000",
            "operatingCashflow": "17875000",
            "grossProfit": "138229000",
            "totalRevenue": "211993000",
            "sentiment": 0,
            "surprise": "0.07",
            "closePrice": "15.6087620988283"
        },
        {
            "fiscalDateEnding": "2011-10-31",
            "totalCurrentAssets": "352364000",
            "cashAndShortTermInvestments": "120431000",
            "totalCurrentLiabilities": "347678000",
            "currentDebt": "6208000",
            "netIncome": "9451000",
            "capitalExpenditures": "3403000",
            "operatingCashflow": "9921000",
            "grossProfit": "129225000",
            "totalRevenue": "199364000",
            "sentiment": 0,
            "surprise": "-0.02",
            "closePrice": "14.1518084564442"
        },
        {
            "fiscalDateEnding": "2011-07-31",
            "totalCurrentAssets": "424738000",
            "cashAndShortTermInvestments": "194794000",
            "totalCurrentLiabilities": "341274000",
            "currentDebt": "6000000",
            "netIncome": "10475000",
            "capitalExpenditures": "4170000",
            "operatingCashflow": "11274000",
            "grossProfit": "125850000",
            "totalRevenue": "194959000",
            "sentiment": 0,
            "surprise": "-0.03",
            "closePrice": "14.2893530310749"
        }
    ]
}