{
    "VRSN": [
        {
            "fiscalDateEnding": "2023-12-31",
            "totalCurrentAssets": "988300000",
            "cashAndShortTermInvestments": "931800000",
            "totalCurrentLiabilities": "1188500000",
            "currentDebt": "None",
            "netIncome": "264700000",
            "capitalExpenditures": "5000000",
            "operatingCashflow": "204200000",
            "grossProfit": "331900000",
            "totalRevenue": "380400000",
            "sentiment": 0.2880660180993693,
            "surprise": "0.06",
            "closePrice": "201.02"
        },
        {
            "fiscalDateEnding": "2023-09-30",
            "totalCurrentAssets": "1007000000",
            "cashAndShortTermInvestments": "948800000",
            "totalCurrentLiabilities": "1173600000",
            "currentDebt": "None",
            "netIncome": "188500000",
            "capitalExpenditures": "28600000",
            "operatingCashflow": "245300000",
            "grossProfit": "327700000",
            "totalRevenue": "376300000",
            "sentiment": 0.30904103210141215,
            "surprise": "0.02",
            "closePrice": "204.53"
        },
        {
            "fiscalDateEnding": "2023-06-30",
            "totalCurrentAssets": "997400000",
            "cashAndShortTermInvestments": "940900000",
            "totalCurrentLiabilities": "1141700000",
            "currentDebt": "None",
            "netIncome": "185700000",
            "capitalExpenditures": "6500000",
            "operatingCashflow": "145300000",
            "grossProfit": "321700000",
            "totalRevenue": "372000000",
            "sentiment": 0.3319941732698923,
            "surprise": "0.04",
            "closePrice": "209.45"
        },
        {
            "fiscalDateEnding": "2023-03-31",
            "totalCurrentAssets": "1073100000",
            "cashAndShortTermInvestments": "1020300000",
            "totalCurrentLiabilities": "1171400000",
            "currentDebt": "None",
            "netIncome": "178700000",
            "capitalExpenditures": "5700000",
            "operatingCashflow": "259000000",
            "grossProfit": "314500000",
            "totalRevenue": "364400000",
            "sentiment": 0.19582988645246163,
            "surprise": "0.02",
            "closePrice": "216.9"
        },
        {
            "fiscalDateEnding": "2022-12-31",
            "totalCurrentAssets": "1038700000",
            "cashAndShortTermInvestments": "985800000",
            "totalCurrentLiabilities": "1116900000",
            "currentDebt": "None",
            "netIncome": "179500000",
            "capitalExpenditures": "7700000",
            "operatingCashflow": "216900000",
            "grossProfit": "318700000",
            "totalRevenue": "369200000",
            "sentiment": 0.14712268447041377,
            "surprise": "0.09",
            "closePrice": "208.09"
        },
        {
            "fiscalDateEnding": "2022-09-30",
            "totalCurrentAssets": "1048500000",
            "cashAndShortTermInvestments": "985500000",
            "totalCurrentLiabilities": "1095100000",
            "currentDebt": "None",
            "netIncome": "169500000",
            "capitalExpenditures": "6900000",
            "operatingCashflow": "262200000",
            "grossProfit": "306900000",
            "totalRevenue": "356900000",
            "sentiment": 0.2765741598593441,
            "surprise": "0.04",
            "closePrice": "185.79"
        },
        {
            "fiscalDateEnding": "2022-06-30",
            "totalCurrentAssets": "1062200000",
            "cashAndShortTermInvestments": "1002200000",
            "totalCurrentLiabilities": "1067200000",
            "currentDebt": "None",
            "netIncome": "167300000",
            "capitalExpenditures": "6200000",
            "operatingCashflow": "144900000",
            "grossProfit": "302400000",
            "totalRevenue": "351900000",
            "sentiment": -0.06336874358636345,
            "surprise": "0.02",
            "closePrice": "182.54"
        },
        {
            "fiscalDateEnding": "2022-03-31",
            "totalCurrentAssets": "1267700000",
            "cashAndShortTermInvestments": "1215000000",
            "totalCurrentLiabilities": "1088500000",
            "currentDebt": "None",
            "netIncome": "157500000",
            "capitalExpenditures": "6600000",
            "operatingCashflow": "207100000",
            "grossProfit": "296200000",
            "totalRevenue": "346900000",
            "sentiment": -0.09730262735060556,
            "surprise": "-0.02",
            "closePrice": "208.42"
        },
        {
            "fiscalDateEnding": "2021-12-31",
            "totalCurrentAssets": "1268700000",
            "cashAndShortTermInvestments": "1211100000",
            "totalCurrentLiabilities": "1074000000",
            "currentDebt": "None",
            "netIncome": "330130000",
            "capitalExpenditures": "13497000",
            "operatingCashflow": "206300000",
            "grossProfit": "291000000",
            "totalRevenue": "340300000",
            "sentiment": 0,
            "surprise": "0.07",
            "closePrice": "212.72"
        },
        {
            "fiscalDateEnding": "2021-09-30",
            "totalCurrentAssets": "1264410000",
            "cashAndShortTermInvestments": "1204051000",
            "totalCurrentLiabilities": "1048175000",
            "currentDebt": "None",
            "netIncome": "156600000",
            "capitalExpenditures": "15266000",
            "operatingCashflow": "260100000",
            "grossProfit": "286500000",
            "totalRevenue": "334300000",
            "sentiment": 0,
            "surprise": "0.03",
            "closePrice": "210.71"
        },
        {
            "fiscalDateEnding": "2021-06-30",
            "totalCurrentAssets": "1189067000",
            "cashAndShortTermInvestments": "1131920000",
            "totalCurrentLiabilities": "998334000",
            "currentDebt": "None",
            "netIncome": "147700000",
            "capitalExpenditures": "17549000",
            "operatingCashflow": "142500000",
            "grossProfit": "281600000",
            "totalRevenue": "329400000",
            "sentiment": 0,
            "surprise": "-0.02",
            "closePrice": "233.53"
        },
        {
            "fiscalDateEnding": "2021-03-31",
            "totalCurrentAssets": "1235550000",
            "cashAndShortTermInvestments": "1190583000",
            "totalCurrentLiabilities": "1010217000",
            "currentDebt": "None",
            "netIncome": "150400000",
            "capitalExpenditures": "6721000",
            "operatingCashflow": "198300000",
            "grossProfit": "276600000",
            "totalRevenue": "323600000",
            "sentiment": 0,
            "surprise": "0.03",
            "closePrice": "212.37"
        },
        {
            "fiscalDateEnding": "2020-12-31",
            "totalCurrentAssets": "1217940000",
            "cashAndShortTermInvestments": "1176314000",
            "totalCurrentLiabilities": "988693000",
            "currentDebt": "None",
            "netIncome": "157314000",
            "capitalExpenditures": "6462000",
            "operatingCashflow": "195238000",
            "grossProfit": "274337000",
            "totalRevenue": "320332000",
            "sentiment": 0,
            "surprise": "0.09",
            "closePrice": "204.55"
        },
        {
            "fiscalDateEnding": "2020-09-30",
            "totalCurrentAssets": "1206126000",
            "cashAndShortTermInvestments": "1159767000",
            "totalCurrentLiabilities": "978008000",
            "currentDebt": "None",
            "netIncome": "170979000",
            "capitalExpenditures": "15042000",
            "operatingCashflow": "139590000",
            "grossProfit": "272855000",
            "totalRevenue": "317879000",
            "sentiment": 0,
            "surprise": "0.24",
            "closePrice": "207.86"
        },
        {
            "fiscalDateEnding": "2020-06-30",
            "totalCurrentAssets": "1249648000",
            "cashAndShortTermInvestments": "1203982000",
            "totalCurrentLiabilities": "1018332000",
            "currentDebt": "None",
            "netIncome": "152479000",
            "capitalExpenditures": "10878000",
            "operatingCashflow": "215312000",
            "grossProfit": "270757000",
            "totalRevenue": "314365000",
            "sentiment": 0,
            "surprise": "0.13",
            "closePrice": "205.48"
        },
        {
            "fiscalDateEnding": "2020-03-31",
            "totalCurrentAssets": "1185495000",
            "cashAndShortTermInvestments": "1148041000",
            "totalCurrentLiabilities": "955672000",
            "currentDebt": "None",
            "netIncome": "334116000",
            "capitalExpenditures": "11013000",
            "operatingCashflow": "180060000",
            "grossProfit": "266951000",
            "totalRevenue": "312524000",
            "sentiment": 0,
            "surprise": "0.23",
            "closePrice": "213.0"
        },
        {
            "fiscalDateEnding": "2019-12-31",
            "totalCurrentAssets": "1278589000",
            "cashAndShortTermInvestments": "1227464000",
            "totalCurrentLiabilities": "965166000",
            "currentDebt": "None",
            "netIncome": "148325000",
            "capitalExpenditures": "8818000",
            "operatingCashflow": "193598000",
            "grossProfit": "264089000",
            "totalRevenue": "310543000",
            "sentiment": 0,
            "surprise": "-0.02",
            "closePrice": "216.94"
        },
        {
            "fiscalDateEnding": "2019-09-30",
            "totalCurrentAssets": "1298146000",
            "cashAndShortTermInvestments": "1239402000",
            "totalCurrentLiabilities": "960878000",
            "currentDebt": "4981000",
            "netIncome": "153913000",
            "capitalExpenditures": "11309000",
            "operatingCashflow": "208119000",
            "grossProfit": "263978000",
            "totalRevenue": "308421000",
            "sentiment": 0,
            "surprise": "0.05",
            "closePrice": "185.73"
        },
        {
            "fiscalDateEnding": "2019-06-30",
            "totalCurrentAssets": "1295382000",
            "cashAndShortTermInvestments": "1234316000",
            "totalCurrentLiabilities": "934681000",
            "currentDebt": "3880000",
            "netIncome": "147534000",
            "capitalExpenditures": "11056000",
            "operatingCashflow": "164845000",
            "grossProfit": "262223000",
            "totalRevenue": "306289000",
            "sentiment": 0,
            "surprise": "0.04",
            "closePrice": "215.85"
        },
        {
            "fiscalDateEnding": "2019-03-31",
            "totalCurrentAssets": "1315267000",
            "cashAndShortTermInvestments": "1262345000",
            "totalCurrentLiabilities": "941280000",
            "currentDebt": "None",
            "netIncome": "162527000",
            "capitalExpenditures": "9133000",
            "operatingCashflow": "187330000",
            "grossProfit": "260904000",
            "totalRevenue": "306408000",
            "sentiment": 0,
            "surprise": "0.06",
            "closePrice": "189.18"
        },
        {
            "fiscalDateEnding": "2018-12-31",
            "totalCurrentAssets": "1317034000",
            "cashAndShortTermInvestments": "1279007000",
            "totalCurrentLiabilities": "947590000",
            "currentDebt": "None",
            "netIncome": "182195000",
            "capitalExpenditures": "7410000",
            "operatingCashflow": "218500000",
            "grossProfit": "259084000",
            "totalRevenue": "307452000",
            "sentiment": 0,
            "surprise": "0.37",
            "closePrice": "173.05"
        },
        {
            "fiscalDateEnding": "2018-09-30",
            "totalCurrentAssets": "1235982000",
            "cashAndShortTermInvestments": "1188287000",
            "totalCurrentLiabilities": "913636000",
            "currentDebt": "None",
            "netIncome": "137680000",
            "capitalExpenditures": "10928000",
            "operatingCashflow": "187461000",
            "grossProfit": "257528000",
            "totalRevenue": "305777000",
            "sentiment": 0,
            "surprise": "0.04",
            "closePrice": "135.84"
        },
        {
            "fiscalDateEnding": "2018-06-30",
            "totalCurrentAssets": "1228915000",
            "cashAndShortTermInvestments": "1180583000",
            "totalCurrentLiabilities": "921227000",
            "currentDebt": "None",
            "netIncome": "128351000",
            "capitalExpenditures": "11007000",
            "operatingCashflow": "201817000",
            "grossProfit": "255087000",
            "totalRevenue": "302452000",
            "sentiment": 0,
            "surprise": "0.04",
            "closePrice": "151.95"
        },
        {
            "fiscalDateEnding": "2018-03-31",
            "totalCurrentAssets": "2408528000",
            "cashAndShortTermInvestments": "2365757000",
            "totalCurrentLiabilities": "1548946000",
            "currentDebt": "630824000",
            "netIncome": "134263000",
            "capitalExpenditures": "7662000",
            "operatingCashflow": "89989000",
            "grossProfit": "251136000",
            "totalRevenue": "299288000",
            "sentiment": 0,
            "surprise": "0.01",
            "closePrice": "120.9"
        },
        {
            "fiscalDateEnding": "2017-12-31",
            "totalCurrentAssets": "2446153000",
            "cashAndShortTermInvestments": "2424039000",
            "totalCurrentLiabilities": "1560528000",
            "currentDebt": "627616000",
            "netIncome": "102837000",
            "capitalExpenditures": "8890000",
            "operatingCashflow": "199193000",
            "grossProfit": "247821000",
            "totalRevenue": "295501000",
            "sentiment": 0,
            "surprise": "-0.01",
            "closePrice": "105.62"
        },
        {
            "fiscalDateEnding": "2017-09-30",
            "totalCurrentAssets": "2406020000",
            "cashAndShortTermInvestments": "2375009000",
            "totalCurrentLiabilities": "1535522000",
            "currentDebt": "624474000",
            "netIncome": "114899000",
            "capitalExpenditures": "21635000",
            "operatingCashflow": "174671000",
            "grossProfit": "245095000",
            "totalRevenue": "292428000",
            "sentiment": 0,
            "surprise": "0.03",
            "closePrice": "109.2"
        },
        {
            "fiscalDateEnding": "2017-06-30",
            "totalCurrentAssets": "1844090000",
            "cashAndShortTermInvestments": "1817719000",
            "totalCurrentLiabilities": "1523139000",
            "currentDebt": "628908000",
            "netIncome": "123100000",
            "capitalExpenditures": "9320000",
            "operatingCashflow": "180711000",
            "grossProfit": "240908000",
            "totalRevenue": "288552000",
            "sentiment": 0,
            "surprise": "0.06",
            "closePrice": "101.95"
        },
        {
            "fiscalDateEnding": "2017-03-31",
            "totalCurrentAssets": "1817224000",
            "cashAndShortTermInvestments": "1795664000",
            "totalCurrentLiabilities": "1499387000",
            "currentDebt": "625893000",
            "netIncome": "116412000",
            "capitalExpenditures": "9654000",
            "operatingCashflow": "148186000",
            "grossProfit": "237945000",
            "totalRevenue": "288614000",
            "sentiment": 0,
            "surprise": "0.02",
            "closePrice": "88.53"
        },
        {
            "fiscalDateEnding": "2016-12-31",
            "totalCurrentAssets": "1842342000",
            "cashAndShortTermInvestments": "1807543000",
            "totalCurrentLiabilities": "1521949000",
            "currentDebt": "629764000",
            "netIncome": "105552000",
            "capitalExpenditures": "6685000",
            "operatingCashflow": "204964000",
            "grossProfit": "237171000",
            "totalRevenue": "286271000",
            "sentiment": 0,
            "surprise": "0.04",
            "closePrice": "82.52"
        },
        {
            "fiscalDateEnding": "2016-09-30",
            "totalCurrentAssets": "1794968000",
            "cashAndShortTermInvestments": "1769509000",
            "totalCurrentLiabilities": "1482426000",
            "currentDebt": "626862000",
            "netIncome": "114427000",
            "capitalExpenditures": "149431000",
            "operatingCashflow": "171044000",
            "grossProfit": "237747000",
            "totalRevenue": "287554000",
            "sentiment": 0,
            "surprise": "0.06",
            "closePrice": "80.76"
        },
        {
            "fiscalDateEnding": "2016-06-30",
            "totalCurrentAssets": "1944655000",
            "cashAndShortTermInvestments": "1918759000",
            "totalCurrentLiabilities": "1476125000",
            "currentDebt": "632308000",
            "netIncome": "113210000",
            "capitalExpenditures": "6376000",
            "operatingCashflow": "167355000",
            "grossProfit": "237713000",
            "totalRevenue": "286466000",
            "sentiment": 0,
            "surprise": "0.05",
            "closePrice": "84.25"
        },
        {
            "fiscalDateEnding": "2016-03-31",
            "totalCurrentAssets": "1946057000",
            "cashAndShortTermInvestments": "1907798000",
            "totalCurrentLiabilities": "1481713000",
            "currentDebt": "629437000",
            "netIncome": "107456000",
            "capitalExpenditures": "7082000",
            "operatingCashflow": "149644000",
            "grossProfit": "231294000",
            "totalRevenue": "281876000",
            "sentiment": 0,
            "surprise": "0.02",
            "closePrice": "89.42"
        },
        {
            "fiscalDateEnding": "2015-12-31",
            "totalCurrentAssets": "1967924000",
            "cashAndShortTermInvestments": "1927399000",
            "totalCurrentLiabilities": "1502980000",
            "currentDebt": "634326000",
            "netIncome": "101530000",
            "capitalExpenditures": "11997000",
            "operatingCashflow": "206999000",
            "grossProfit": "223629000",
            "totalRevenue": "272625000",
            "sentiment": 0,
            "surprise": "0.01",
            "closePrice": "74.16"
        },
        {
            "fiscalDateEnding": "2015-09-30",
            "totalCurrentAssets": "1941140000",
            "cashAndShortTermInvestments": "1902652000",
            "totalCurrentLiabilities": "1979892000",
            "currentDebt": "626590000",
            "netIncome": "92457000",
            "capitalExpenditures": "6768000",
            "operatingCashflow": "155322000",
            "grossProfit": "218562000",
            "totalRevenue": "265780000",
            "sentiment": 0,
            "surprise": "0.01",
            "closePrice": "75.41"
        },
        {
            "fiscalDateEnding": "2015-06-30",
            "totalCurrentAssets": "1930507000",
            "cashAndShortTermInvestments": "1896573000",
            "totalCurrentLiabilities": "1945531000",
            "currentDebt": "624767000",
            "netIncome": "93011000",
            "capitalExpenditures": "8849000",
            "operatingCashflow": "174956000",
            "grossProfit": "214318000",
            "totalRevenue": "262539000",
            "sentiment": 0,
            "surprise": "-0.01",
            "closePrice": "66.02"
        },
        {
            "fiscalDateEnding": "2015-03-31",
            "totalCurrentAssets": "1939984000",
            "cashAndShortTermInvestments": "1883137000",
            "totalCurrentLiabilities": "1922191000",
            "currentDebt": "635453000",
            "netIncome": "88238000",
            "capitalExpenditures": "13042000",
            "operatingCashflow": "132669000",
            "grossProfit": "210069000",
            "totalRevenue": "258422000",
            "sentiment": 0,
            "surprise": "-0.01",
            "closePrice": "67.73"
        },
        {
            "fiscalDateEnding": "2014-12-31",
            "totalCurrentAssets": "1479790000",
            "cashAndShortTermInvestments": "1432712000",
            "totalCurrentLiabilities": "1432205000",
            "currentDebt": "631190000",
            "netIncome": "65472000",
            "capitalExpenditures": "9269000",
            "operatingCashflow": "170473000",
            "grossProfit": "208440000",
            "totalRevenue": "255917000",
            "sentiment": 0,
            "surprise": "-0.02",
            "closePrice": "56.95"
        },
        {
            "fiscalDateEnding": "2014-09-30",
            "totalCurrentAssets": "1522987000",
            "cashAndShortTermInvestments": "1482846000",
            "totalCurrentLiabilities": "1849266000",
            "currentDebt": "627068000",
            "netIncome": "95189000",
            "capitalExpenditures": "11311000",
            "operatingCashflow": "167738000",
            "grossProfit": "208089000",
            "totalRevenue": "255022000",
            "sentiment": 0,
            "surprise": "0.01",
            "closePrice": "56.34"
        },
        {
            "fiscalDateEnding": "2014-06-30",
            "totalCurrentAssets": "1597043000",
            "cashAndShortTermInvestments": "1553876000",
            "totalCurrentLiabilities": "1843070000",
            "currentDebt": "618136000",
            "netIncome": "100176000",
            "capitalExpenditures": "7485000",
            "operatingCashflow": "121109000",
            "grossProfit": "204393000",
            "totalRevenue": "250382000",
            "sentiment": 0,
            "surprise": "0.04",
            "closePrice": "49.83"
        },
        {
            "fiscalDateEnding": "2014-03-31",
            "totalCurrentAssets": "1790198000",
            "cashAndShortTermInvestments": "1725653000",
            "totalCurrentLiabilities": "2043797000",
            "currentDebt": "621061000",
            "netIncome": "94423000",
            "capitalExpenditures": "11262000",
            "operatingCashflow": "141629000",
            "grossProfit": "200770000",
            "totalRevenue": "248796000",
            "sentiment": 0,
            "surprise": "0.01",
            "closePrice": "49.25"
        },
        {
            "fiscalDateEnding": "2013-12-31",
            "totalCurrentAssets": "1803199000",
            "cashAndShortTermInvestments": "1731764000",
            "totalCurrentLiabilities": "2029186000",
            "currentDebt": "624056000",
            "netIncome": "292149000",
            "capitalExpenditures": "15393000",
            "operatingCashflow": "147440000",
            "grossProfit": "199055000",
            "totalRevenue": "245630000",
            "sentiment": 0,
            "surprise": "-0.02",
            "closePrice": "55.42"
        },
        {
            "fiscalDateEnding": "2013-09-30",
            "totalCurrentAssets": "1861743000",
            "cashAndShortTermInvestments": "1815269000",
            "totalCurrentLiabilities": "1764070000",
            "currentDebt": "613751000",
            "netIncome": "80898000",
            "capitalExpenditures": "12651000",
            "operatingCashflow": "134484000",
            "grossProfit": "197124000",
            "totalRevenue": "243678000",
            "sentiment": 0,
            "surprise": "0.02",
            "closePrice": "53.09"
        },
        {
            "fiscalDateEnding": "2013-06-30",
            "totalCurrentAssets": "2053291000",
            "cashAndShortTermInvestments": "2005192000",
            "totalCurrentLiabilities": "1740634000",
            "currentDebt": "606282000",
            "netIncome": "86890000",
            "capitalExpenditures": "20435000",
            "operatingCashflow": "146836000",
            "grossProfit": "192702000",
            "totalRevenue": "239332000",
            "sentiment": 0,
            "surprise": "0.03",
            "closePrice": "45.93"
        },
        {
            "fiscalDateEnding": "2013-03-31",
            "totalCurrentAssets": "1615199000",
            "cashAndShortTermInvestments": "1570382000",
            "totalCurrentLiabilities": "1706407000",
            "currentDebt": "606142000",
            "netIncome": "84513000",
            "capitalExpenditures": "17115000",
            "operatingCashflow": "150637000",
            "grossProfit": "189193000",
            "totalRevenue": "236447000",
            "sentiment": 0,
            "surprise": "0.04",
            "closePrice": "46.1"
        },
        {
            "fiscalDateEnding": "2012-12-31",
            "totalCurrentAssets": "1643464000",
            "cashAndShortTermInvestments": "1560945000",
            "totalCurrentLiabilities": "695018000",
            "currentDebt": "None",
            "netIncome": "105641000",
            "capitalExpenditures": "13155000",
            "operatingCashflow": "170759000",
            "grossProfit": "188156000",
            "totalRevenue": "230196000",
            "sentiment": 0,
            "surprise": "0.08",
            "closePrice": "39.99"
        },
        {
            "fiscalDateEnding": "2012-09-30",
            "totalCurrentAssets": "1530489000",
            "cashAndShortTermInvestments": "1496812000",
            "totalCurrentLiabilities": "1617360000",
            "currentDebt": "None",
            "netIncome": "77910000",
            "capitalExpenditures": "13626000",
            "operatingCashflow": "121622000",
            "grossProfit": "182068000",
            "totalRevenue": "223528000",
            "sentiment": 0,
            "surprise": "0.01",
            "closePrice": "46.6"
        },
        {
            "fiscalDateEnding": "2012-06-30",
            "totalCurrentAssets": "1530611000",
            "cashAndShortTermInvestments": "1442460000",
            "totalCurrentLiabilities": "672635000",
            "currentDebt": "None",
            "netIncome": "68472000",
            "capitalExpenditures": "13325000",
            "operatingCashflow": "134971000",
            "grossProfit": "171298000",
            "totalRevenue": "214142000",
            "sentiment": 0,
            "surprise": "0",
            "closePrice": "42.63"
        },
        {
            "fiscalDateEnding": "2012-03-31",
            "totalCurrentAssets": "1473683000",
            "cashAndShortTermInvestments": "1389765000",
            "totalCurrentLiabilities": "642616000",
            "currentDebt": "None",
            "netIncome": "68009000",
            "capitalExpenditures": "12917000",
            "operatingCashflow": "110278000",
            "grossProfit": "164470000",
            "totalRevenue": "205726000",
            "sentiment": 0,
            "surprise": "-0.01",
            "closePrice": "42.03"
        },
        {
            "fiscalDateEnding": "2011-12-31",
            "totalCurrentAssets": "1447781000",
            "cashAndShortTermInvestments": "1350131000",
            "totalCurrentLiabilities": "658923000",
            "currentDebt": "None",
            "netIncome": "53814000",
            "capitalExpenditures": "192160000",
            "operatingCashflow": "124214000",
            "grossProfit": "161630000",
            "totalRevenue": "203646000",
            "sentiment": 0,
            "surprise": "-0.01",
            "closePrice": "35.92"
        },
        {
            "fiscalDateEnding": "2011-09-30",
            "totalCurrentAssets": "1363690000",
            "cashAndShortTermInvestments": "1238896000",
            "totalCurrentLiabilities": "639231000",
            "currentDebt": "None",
            "netIncome": "58916000",
            "capitalExpenditures": "33963000",
            "operatingCashflow": "108451000",
            "grossProfit": "155271000",
            "totalRevenue": "196965000",
            "sentiment": 0,
            "surprise": "0.02",
            "closePrice": "32.38"
        },
        {
            "fiscalDateEnding": "2011-06-30",
            "totalCurrentAssets": "1525140000",
            "cashAndShortTermInvestments": "1398724000",
            "totalCurrentLiabilities": "651764000",
            "currentDebt": "None",
            "netIncome": "-10610000",
            "capitalExpenditures": "13916000",
            "operatingCashflow": "12949000",
            "grossProfit": "149177000",
            "totalRevenue": "189844000",
            "sentiment": 0,
            "surprise": "0.03",
            "closePrice": "32.025"
        },
        {
            "fiscalDateEnding": "2011-03-31",
            "totalCurrentAssets": "2060098000",
            "cashAndShortTermInvestments": "1946840000",
            "totalCurrentLiabilities": "645089000",
            "currentDebt": "None",
            "netIncome": "40771000",
            "capitalExpenditures": "15565000",
            "operatingCashflow": "90287000",
            "grossProfit": "140654000",
            "totalRevenue": "181523000",
            "sentiment": 0,
            "surprise": "0",
            "closePrice": "34.501032361594"
        },
        {
            "fiscalDateEnding": "2010-12-31",
            "totalCurrentAssets": "2177957000",
            "cashAndShortTermInvestments": "2063659000",
            "totalCurrentLiabilities": "652713000",
            "currentDebt": "None",
            "netIncome": "-40505000",
            "capitalExpenditures": "11881000",
            "operatingCashflow": "46727000",
            "grossProfit": "140564000",
            "totalRevenue": "178829000",
            "sentiment": 0,
            "surprise": "0.01",
            "closePrice": "30.4802353570473"
        },
        {
            "fiscalDateEnding": "2010-09-30",
            "totalCurrentAssets": "2656904000",
            "cashAndShortTermInvestments": "2549143000",
            "totalCurrentLiabilities": "611756000",
            "currentDebt": "None",
            "netIncome": "784903000",
            "capitalExpenditures": "25874000",
            "operatingCashflow": "-81841000",
            "grossProfit": "132535000",
            "totalRevenue": "172286000",
            "sentiment": 0,
            "surprise": "0.01",
            "closePrice": "28.4845462291652"
        },
        {
            "fiscalDateEnding": "2010-06-30",
            "totalCurrentAssets": "2120243000",
            "cashAndShortTermInvestments": "1337279000",
            "totalCurrentLiabilities": "942846000",
            "currentDebt": "None",
            "netIncome": "35213000",
            "capitalExpenditures": "22874000",
            "operatingCashflow": "149200000",
            "grossProfit": "128035000",
            "totalRevenue": "167881000",
            "sentiment": 0,
            "surprise": "0",
            "closePrice": "23.8435663502728"
        },
        {
            "fiscalDateEnding": "2010-03-31",
            "totalCurrentAssets": "1743440000",
            "cashAndShortTermInvestments": "1550431000",
            "totalCurrentLiabilities": "848841000",
            "currentDebt": "None",
            "netIncome": "51356000",
            "capitalExpenditures": "19898000",
            "operatingCashflow": "101120000",
            "grossProfit": "122768000",
            "totalRevenue": "161582000",
            "sentiment": 0,
            "surprise": "0.02",
            "closePrice": "22.8898236962619"
        },
        {
            "fiscalDateEnding": "2009-12-31",
            "totalCurrentAssets": "1709058000",
            "cashAndShortTermInvestments": "1477166000",
            "totalCurrentLiabilities": "886474000",
            "currentDebt": "None",
            "netIncome": "92048000",
            "capitalExpenditures": "50809000",
            "operatingCashflow": "173149000",
            "grossProfit": "118825000",
            "totalRevenue": "155150000",
            "sentiment": 0,
            "surprise": "-0.03",
            "closePrice": "19.9434401401211"
        },
        {
            "fiscalDateEnding": "2009-09-30",
            "totalCurrentAssets": "1896758000",
            "cashAndShortTermInvestments": "1432306000",
            "totalCurrentLiabilities": "953490000",
            "currentDebt": "None",
            "netIncome": "53611000",
            "capitalExpenditures": "25252000",
            "operatingCashflow": "100777000",
            "grossProfit": "114648000",
            "totalRevenue": "156807000",
            "sentiment": 0,
            "surprise": "0.01",
            "closePrice": "20.4373425859482"
        },
        {
            "fiscalDateEnding": "2009-06-30",
            "totalCurrentAssets": "1816875000",
            "cashAndShortTermInvestments": "1308352000",
            "totalCurrentLiabilities": "956440000",
            "currentDebt": "None",
            "netIncome": "34874000",
            "capitalExpenditures": "19821000",
            "operatingCashflow": "82827000",
            "grossProfit": "111361000",
            "totalRevenue": "154338000",
            "sentiment": 0,
            "surprise": "-0.01",
            "closePrice": "17.5079901486289"
        }
    ]
}