{
    "VSAT": [
        {
            "fiscalDateEnding": "2023-12-31",
            "totalCurrentAssets": "3736308000",
            "cashAndShortTermInvestments": "1651228000",
            "totalCurrentLiabilities": "1376517000",
            "currentDebt": "62838000",
            "netIncome": "-124399000",
            "capitalExpenditures": "420826000",
            "operatingCashflow": "133568000",
            "grossProfit": "723268000",
            "totalRevenue": "995002000",
            "sentiment": 0.07615820970480539,
            "surprise": "-1.06",
            "closePrice": "22.78"
        },
        {
            "fiscalDateEnding": "2023-09-30",
            "totalCurrentAssets": "4059194000",
            "cashAndShortTermInvestments": "1961583000",
            "totalCurrentLiabilities": "1549396000",
            "currentDebt": "62630000",
            "netIncome": "-767238000",
            "capitalExpenditures": "365738000",
            "operatingCashflow": "218976000",
            "grossProfit": "-9731000",
            "totalRevenue": "1139258000",
            "sentiment": 0.10283417321410811,
            "surprise": "0.36",
            "closePrice": "17.74"
        },
        {
            "fiscalDateEnding": "2023-06-30",
            "totalCurrentAssets": "3426469000",
            "cashAndShortTermInvestments": "2092772000",
            "totalCurrentLiabilities": "1471460000",
            "currentDebt": "59757000",
            "netIncome": "-77004000",
            "capitalExpenditures": "374926000",
            "operatingCashflow": "103666000",
            "grossProfit": "451974000",
            "totalRevenue": "714123000",
            "sentiment": 0.23131819508132143,
            "surprise": "-0.48",
            "closePrice": "28.2"
        },
        {
            "fiscalDateEnding": "2023-03-31",
            "totalCurrentAssets": "2244512000",
            "cashAndShortTermInvestments": "1348854000",
            "totalCurrentLiabilities": "956719000",
            "currentDebt": "37939000",
            "netIncome": "1196838000",
            "capitalExpenditures": "313570000",
            "operatingCashflow": "50249000",
            "grossProfit": "2088702000",
            "totalRevenue": "2351679000",
            "sentiment": 0.13385721182342808,
            "surprise": "6.07",
            "closePrice": "38.06"
        },
        {
            "fiscalDateEnding": "2022-12-31",
            "totalCurrentAssets": "1252179000",
            "cashAndShortTermInvestments": "182130000",
            "totalCurrentLiabilities": "851223000",
            "currentDebt": "41261000",
            "netIncome": "-42228000",
            "capitalExpenditures": "295934000",
            "operatingCashflow": "89480000",
            "grossProfit": "479852000",
            "totalRevenue": "642697000",
            "sentiment": 0.2940777179170769,
            "surprise": "0",
            "closePrice": "34.72"
        },
        {
            "fiscalDateEnding": "2022-09-30",
            "totalCurrentAssets": "1147076000",
            "cashAndShortTermInvestments": "149172000",
            "totalCurrentLiabilities": "803622000",
            "currentDebt": "38577000",
            "netIncome": "-48240000",
            "capitalExpenditures": "283956000",
            "operatingCashflow": "188495000",
            "grossProfit": "-121391000",
            "totalRevenue": "55800000",
            "sentiment": 0.23566117855860766,
            "surprise": "-0.92",
            "closePrice": "36.78"
        },
        {
            "fiscalDateEnding": "2022-06-30",
            "totalCurrentAssets": "1128337000",
            "cashAndShortTermInvestments": "221520000",
            "totalCurrentLiabilities": "726128000",
            "currentDebt": "38471000",
            "netIncome": "-21564000",
            "capitalExpenditures": "270857000",
            "operatingCashflow": "39637000",
            "grossProfit": "459853000",
            "totalRevenue": "0",
            "sentiment": 0.020411039365899792,
            "surprise": "0.42",
            "closePrice": "34.77"
        },
        {
            "fiscalDateEnding": "2022-03-31",
            "totalCurrentAssets": "1159472000",
            "cashAndShortTermInvestments": "310459000",
            "totalCurrentLiabilities": "770421000",
            "currentDebt": "34911000",
            "netIncome": "-29180000",
            "capitalExpenditures": "278062000",
            "operatingCashflow": "119263000",
            "grossProfit": "464865000",
            "totalRevenue": "675699000",
            "sentiment": -0.08717940517005145,
            "surprise": "-0.34",
            "closePrice": "41.11"
        },
        {
            "fiscalDateEnding": "2021-12-31",
            "totalCurrentAssets": "1027871000",
            "cashAndShortTermInvestments": "166032000",
            "totalCurrentLiabilities": "786627000",
            "currentDebt": "29590000",
            "netIncome": "-6613000",
            "capitalExpenditures": "237270000",
            "operatingCashflow": "158579000",
            "grossProfit": "544084000",
            "totalRevenue": "714306000",
            "sentiment": 0,
            "surprise": "-0.1",
            "closePrice": "44.02"
        },
        {
            "fiscalDateEnding": "2021-09-30",
            "totalCurrentAssets": "1066387000",
            "cashAndShortTermInvestments": "217654000",
            "totalCurrentLiabilities": "734305000",
            "currentDebt": "29965000",
            "netIncome": "3291000",
            "capitalExpenditures": "214071000",
            "operatingCashflow": "162670000",
            "grossProfit": "538577000",
            "totalRevenue": "695261000",
            "sentiment": 0,
            "surprise": "-0.03",
            "closePrice": "55.65"
        },
        {
            "fiscalDateEnding": "2021-06-30",
            "totalCurrentAssets": "1133028000",
            "cashAndShortTermInvestments": "275688000",
            "totalCurrentLiabilities": "744555000",
            "currentDebt": "30328000",
            "netIncome": "16968000",
            "capitalExpenditures": "260907000",
            "operatingCashflow": "65129000",
            "grossProfit": "475052000",
            "totalRevenue": "649855000",
            "sentiment": 0,
            "surprise": "0.29",
            "closePrice": "52.16"
        },
        {
            "fiscalDateEnding": "2021-03-31",
            "totalCurrentAssets": "991233000",
            "cashAndShortTermInvestments": "295949000",
            "totalCurrentLiabilities": "708437000",
            "currentDebt": "30472000",
            "netIncome": "7357000",
            "capitalExpenditures": "182435000",
            "operatingCashflow": "169841000",
            "grossProfit": "417540000",
            "totalRevenue": "580688000",
            "sentiment": 0,
            "surprise": "0.06",
            "closePrice": "47.55"
        },
        {
            "fiscalDateEnding": "2020-12-31",
            "totalCurrentAssets": "967603000",
            "cashAndShortTermInvestments": "317344000",
            "totalCurrentLiabilities": "641642000",
            "currentDebt": "33735000",
            "netIncome": "6760000",
            "capitalExpenditures": "242952000",
            "operatingCashflow": "223852000",
            "grossProfit": "435285000",
            "totalRevenue": "567679000",
            "sentiment": 0,
            "surprise": "0.13",
            "closePrice": "49.0"
        },
        {
            "fiscalDateEnding": "2020-09-30",
            "totalCurrentAssets": "1041119000",
            "cashAndShortTermInvestments": "350433000",
            "totalCurrentLiabilities": "624583000",
            "currentDebt": "32301000",
            "netIncome": "1963000",
            "capitalExpenditures": "230622000",
            "operatingCashflow": "176615000",
            "grossProfit": "419037000",
            "totalRevenue": "544488000",
            "sentiment": 0,
            "surprise": "0.04",
            "closePrice": "33.63"
        },
        {
            "fiscalDateEnding": "2020-06-30",
            "totalCurrentAssets": "921525000",
            "cashAndShortTermInvestments": "232418000",
            "totalCurrentLiabilities": "565187000",
            "currentDebt": "29470000",
            "netIncome": "-12389000",
            "capitalExpenditures": "229262000",
            "operatingCashflow": "156907000",
            "grossProfit": "374741000",
            "totalRevenue": "514275000",
            "sentiment": 0,
            "surprise": "0.09",
            "closePrice": "38.57"
        },
        {
            "fiscalDateEnding": "2020-03-31",
            "totalCurrentAssets": "1045704000",
            "cashAndShortTermInvestments": "304309000",
            "totalCurrentLiabilities": "604579000",
            "currentDebt": "29788000",
            "netIncome": "1586000",
            "capitalExpenditures": "163240000",
            "operatingCashflow": "143574000",
            "grossProfit": "417531000",
            "totalRevenue": "571026000",
            "sentiment": 0,
            "surprise": "0.04",
            "closePrice": "47.73"
        },
        {
            "fiscalDateEnding": "2019-12-31",
            "totalCurrentAssets": "750241000",
            "cashAndShortTermInvestments": "47778000",
            "totalCurrentLiabilities": "538403000",
            "currentDebt": "30101000",
            "netIncome": "6476000",
            "capitalExpenditures": "232835000",
            "operatingCashflow": "110070000",
            "grossProfit": "439284000",
            "totalRevenue": "578948000",
            "sentiment": 0,
            "surprise": "0.11",
            "closePrice": "66.53"
        },
        {
            "fiscalDateEnding": "2019-09-30",
            "totalCurrentAssets": "755633000",
            "cashAndShortTermInvestments": "87045000",
            "totalCurrentLiabilities": "501719000",
            "currentDebt": "29962000",
            "netIncome": "3194000",
            "capitalExpenditures": "176952000",
            "operatingCashflow": "136828000",
            "grossProfit": "453772000",
            "totalRevenue": "582716000",
            "sentiment": 0,
            "surprise": "0.17",
            "closePrice": "66.41"
        },
        {
            "fiscalDateEnding": "2019-06-30",
            "totalCurrentAssets": "804182000",
            "cashAndShortTermInvestments": "129883000",
            "totalCurrentLiabilities": "490081000",
            "currentDebt": "19652000",
            "netIncome": "-11468000",
            "capitalExpenditures": "188051000",
            "operatingCashflow": "46464000",
            "grossProfit": "372387000",
            "totalRevenue": "512729000",
            "sentiment": 0,
            "surprise": "0.11",
            "closePrice": "77.77"
        },
        {
            "fiscalDateEnding": "2019-03-31",
            "totalCurrentAssets": "887172000",
            "cashAndShortTermInvestments": "261701000",
            "totalCurrentLiabilities": "485480000",
            "currentDebt": "None",
            "netIncome": "2515000",
            "capitalExpenditures": "162481000",
            "operatingCashflow": "112890000",
            "grossProfit": "412011000",
            "totalRevenue": "543922000",
            "sentiment": 0,
            "surprise": "0.32",
            "closePrice": "87.83"
        },
        {
            "fiscalDateEnding": "2018-12-31",
            "totalCurrentAssets": "684656000",
            "cashAndShortTermInvestments": "43365000",
            "totalCurrentLiabilities": "474865000",
            "currentDebt": "21755000",
            "netIncome": "-10404000",
            "capitalExpenditures": "169181000",
            "operatingCashflow": "103369000",
            "grossProfit": "425232000",
            "totalRevenue": "539798000",
            "sentiment": 0,
            "surprise": "0.23",
            "closePrice": "65.26"
        },
        {
            "fiscalDateEnding": "2018-09-30",
            "totalCurrentAssets": "785766000",
            "cashAndShortTermInvestments": "44458000",
            "totalCurrentLiabilities": "463426000",
            "currentDebt": "47702000",
            "netIncome": "-25724000",
            "capitalExpenditures": "196370000",
            "operatingCashflow": "57478000",
            "grossProfit": "390280000",
            "totalRevenue": "503400000",
            "sentiment": 0,
            "surprise": "0.03",
            "closePrice": "70.79"
        },
        {
            "fiscalDateEnding": "2018-06-30",
            "totalCurrentAssets": "613869000",
            "cashAndShortTermInvestments": "54789000",
            "totalCurrentLiabilities": "447160000",
            "currentDebt": "45300000",
            "netIncome": "-34010000",
            "capitalExpenditures": "158788000",
            "operatingCashflow": "53814000",
            "grossProfit": "288350000",
            "totalRevenue": "414996000",
            "sentiment": 0,
            "surprise": "-0.07",
            "closePrice": "71.77"
        },
        {
            "fiscalDateEnding": "2018-03-31",
            "totalCurrentAssets": "612553000",
            "cashAndShortTermInvestments": "71446000",
            "totalCurrentLiabilities": "466457000",
            "currentDebt": "45300000",
            "netIncome": "-19946000",
            "capitalExpenditures": "174876000",
            "operatingCashflow": "76038000",
            "grossProfit": "-20541000",
            "totalRevenue": "428687000",
            "sentiment": 0,
            "surprise": "0.11",
            "closePrice": "61.78"
        },
        {
            "fiscalDateEnding": "2017-12-31",
            "totalCurrentAssets": "648273000",
            "cashAndShortTermInvestments": "161821000",
            "totalCurrentLiabilities": "386579000",
            "currentDebt": "45599000",
            "netIncome": "-24631000",
            "capitalExpenditures": "166015000",
            "operatingCashflow": "96769000",
            "grossProfit": "-500000",
            "totalRevenue": "366037000",
            "sentiment": 0,
            "surprise": "0.02",
            "closePrice": "70.79"
        },
        {
            "fiscalDateEnding": "2017-09-30",
            "totalCurrentAssets": "748375000",
            "cashAndShortTermInvestments": "242708000",
            "totalCurrentLiabilities": "330997000",
            "currentDebt": "22945000",
            "netIncome": "-13689000",
            "capitalExpenditures": "115523000",
            "operatingCashflow": "32172000",
            "grossProfit": "21814000",
            "totalRevenue": "382660000",
            "sentiment": 0,
            "surprise": "0.13",
            "closePrice": "64.53"
        },
        {
            "fiscalDateEnding": "2017-06-30",
            "totalCurrentAssets": "619746000",
            "cashAndShortTermInvestments": "160556000",
            "totalCurrentLiabilities": "307545000",
            "currentDebt": "19300000",
            "netIncome": "-9039000",
            "capitalExpenditures": "128073000",
            "operatingCashflow": "153654000",
            "grossProfit": "5816000",
            "totalRevenue": "370792000",
            "sentiment": 0,
            "surprise": "-0.01",
            "closePrice": "65.68"
        },
        {
            "fiscalDateEnding": "2017-03-31",
            "totalCurrentAssets": "614856000",
            "cashAndShortTermInvestments": "130098000",
            "totalCurrentLiabilities": "325517000",
            "currentDebt": "288000",
            "netIncome": "6650000",
            "capitalExpenditures": "139422000",
            "operatingCashflow": "-151465000",
            "grossProfit": "21122000",
            "totalRevenue": "407704000",
            "sentiment": 0,
            "surprise": "0.04",
            "closePrice": "62.64"
        },
        {
            "fiscalDateEnding": "2016-12-31",
            "totalCurrentAssets": "751724000",
            "cashAndShortTermInvestments": "284943000",
            "totalCurrentLiabilities": "278555000",
            "currentDebt": "284000",
            "netIncome": "4243000",
            "capitalExpenditures": "147773000",
            "operatingCashflow": "19122000",
            "grossProfit": "41640000",
            "totalRevenue": "378268000",
            "sentiment": 0,
            "surprise": "0",
            "closePrice": "66.72"
        },
        {
            "fiscalDateEnding": "2016-09-30",
            "totalCurrentAssets": "528705000",
            "cashAndShortTermInvestments": "51275000",
            "totalCurrentLiabilities": "284190000",
            "currentDebt": "281000",
            "netIncome": "11019000",
            "capitalExpenditures": "156883000",
            "operatingCashflow": "23339000",
            "grossProfit": "44960000",
            "totalRevenue": "394850000",
            "sentiment": 0,
            "surprise": "0.13",
            "closePrice": "70.49"
        },
        {
            "fiscalDateEnding": "2016-06-30",
            "totalCurrentAssets": "518886000",
            "cashAndShortTermInvestments": "47252000",
            "totalCurrentLiabilities": "251307000",
            "currentDebt": "277000",
            "netIncome": "1855000",
            "capitalExpenditures": "141580000",
            "operatingCashflow": "106105000",
            "grossProfit": "11620000",
            "totalRevenue": "349908000",
            "sentiment": 0,
            "surprise": "-0.03",
            "closePrice": "74.98"
        },
        {
            "fiscalDateEnding": "2016-03-31",
            "totalCurrentAssets": "521556000",
            "cashAndShortTermInvestments": "42088000",
            "totalCurrentLiabilities": "279989000",
            "currentDebt": "274000",
            "netIncome": "4450000",
            "capitalExpenditures": "114928000",
            "operatingCashflow": "134389000",
            "grossProfit": "3235000",
            "totalRevenue": "357579000",
            "sentiment": 0,
            "surprise": "-0.08",
            "closePrice": "72.68"
        },
        {
            "fiscalDateEnding": "2015-12-31",
            "totalCurrentAssets": "580708000",
            "cashAndShortTermInvestments": "63864000",
            "totalCurrentLiabilities": "248944000",
            "currentDebt": "270000",
            "netIncome": "9747000",
            "capitalExpenditures": "165697000",
            "operatingCashflow": "28844000",
            "grossProfit": "27352000",
            "totalRevenue": "341696000",
            "sentiment": 0,
            "surprise": "0",
            "closePrice": "56.9"
        },
        {
            "fiscalDateEnding": "2015-09-30",
            "totalCurrentAssets": "584118000",
            "cashAndShortTermInvestments": "46406000",
            "totalCurrentLiabilities": "252377000",
            "currentDebt": "267000",
            "netIncome": "4936000",
            "capitalExpenditures": "86901000",
            "operatingCashflow": "23420000",
            "grossProfit": "32209000",
            "totalRevenue": "346634000",
            "sentiment": 0,
            "surprise": "-0.05",
            "closePrice": "66.0"
        },
        {
            "fiscalDateEnding": "2015-06-30",
            "totalCurrentAssets": "569606000",
            "cashAndShortTermInvestments": "42494000",
            "totalCurrentLiabilities": "227344000",
            "currentDebt": "264000",
            "netIncome": "2608000",
            "capitalExpenditures": "83099000",
            "operatingCashflow": "14167000",
            "grossProfit": "1143000",
            "totalRevenue": "328195000",
            "sentiment": 0,
            "surprise": "-0.06",
            "closePrice": "61.265"
        },
        {
            "fiscalDateEnding": "2015-03-31",
            "totalCurrentAssets": "491671000",
            "cashAndShortTermInvestments": "52263000",
            "totalCurrentLiabilities": "268257000",
            "currentDebt": "260000",
            "netIncome": "7549000",
            "capitalExpenditures": "109168000",
            "operatingCashflow": "146010000",
            "grossProfit": "12681000",
            "totalRevenue": "350868000",
            "sentiment": 0,
            "surprise": "-0.06",
            "closePrice": "64.65"
        },
        {
            "fiscalDateEnding": "2014-12-31",
            "totalCurrentAssets": "577145000",
            "cashAndShortTermInvestments": "97644000",
            "totalCurrentLiabilities": "269333000",
            "currentDebt": "None",
            "netIncome": "14811000",
            "capitalExpenditures": "148649000",
            "operatingCashflow": "31784000",
            "grossProfit": "26739000",
            "totalRevenue": "331913000",
            "sentiment": 0,
            "surprise": "0.21",
            "closePrice": "61.37"
        },
        {
            "fiscalDateEnding": "2014-09-30",
            "totalCurrentAssets": "525742000",
            "cashAndShortTermInvestments": "41929000",
            "totalCurrentLiabilities": "245266000",
            "currentDebt": "None",
            "netIncome": "23947000",
            "capitalExpenditures": "63610000",
            "operatingCashflow": "73092000",
            "grossProfit": "54324000",
            "totalRevenue": "350421000",
            "sentiment": 0,
            "surprise": "0.53",
            "closePrice": "65.39"
        },
        {
            "fiscalDateEnding": "2014-06-30",
            "totalCurrentAssets": "541018000",
            "cashAndShortTermInvestments": "58140000",
            "totalCurrentLiabilities": "253044000",
            "currentDebt": "None",
            "netIncome": "-5944000",
            "capitalExpenditures": "97751000",
            "operatingCashflow": "79187000",
            "grossProfit": "-13784000",
            "totalRevenue": "301628000",
            "sentiment": 0,
            "surprise": "-0.11",
            "closePrice": "57.26"
        },
        {
            "fiscalDateEnding": "2014-03-31",
            "totalCurrentAssets": "531621000",
            "cashAndShortTermInvestments": "58347000",
            "totalCurrentLiabilities": "274826000",
            "currentDebt": "1856000",
            "netIncome": "-3516000",
            "capitalExpenditures": "74013000",
            "operatingCashflow": "102534000",
            "grossProfit": "-7351000",
            "totalRevenue": "326027000",
            "sentiment": 0,
            "surprise": "-0.01",
            "closePrice": "58.64"
        },
        {
            "fiscalDateEnding": "2013-12-31",
            "totalCurrentAssets": "519758000",
            "cashAndShortTermInvestments": "41362000",
            "totalCurrentLiabilities": "269669000",
            "currentDebt": "None",
            "netIncome": "-5993000",
            "capitalExpenditures": "95733000",
            "operatingCashflow": "2740000",
            "grossProfit": "9450000",
            "totalRevenue": "323386000",
            "sentiment": 0,
            "surprise": "-0.06",
            "closePrice": "60.03"
        },
        {
            "fiscalDateEnding": "2013-09-30",
            "totalCurrentAssets": "530538000",
            "cashAndShortTermInvestments": "67103000",
            "totalCurrentLiabilities": "283336000",
            "currentDebt": "None",
            "netIncome": "1897000",
            "capitalExpenditures": "97534000",
            "operatingCashflow": "10481000",
            "grossProfit": "7735000",
            "totalRevenue": "344012000",
            "sentiment": 0,
            "surprise": "0.12",
            "closePrice": "64.4"
        },
        {
            "fiscalDateEnding": "2013-06-30",
            "totalCurrentAssets": "530319000",
            "cashAndShortTermInvestments": "79682000",
            "totalCurrentLiabilities": "268589000",
            "currentDebt": "1910000",
            "netIncome": "-1834000",
            "capitalExpenditures": "84806000",
            "operatingCashflow": "53822000",
            "grossProfit": "-1474000",
            "totalRevenue": "304903000",
            "sentiment": 0,
            "surprise": "None",
            "closePrice": "67.29"
        },
        {
            "fiscalDateEnding": "2013-03-31",
            "totalCurrentAssets": "544873000",
            "cashAndShortTermInvestments": "105738000",
            "totalCurrentLiabilities": "247148000",
            "currentDebt": "2230000",
            "netIncome": "1931000",
            "capitalExpenditures": "62503000",
            "operatingCashflow": "42660000",
            "grossProfit": "-12331000",
            "totalRevenue": "293402000",
            "sentiment": 0,
            "surprise": "0.17",
            "closePrice": "59.81"
        },
        {
            "fiscalDateEnding": "2012-12-31",
            "totalCurrentAssets": "533532000",
            "cashAndShortTermInvestments": "112667000",
            "totalCurrentLiabilities": "217504000",
            "currentDebt": "1027000",
            "netIncome": "-20776000",
            "capitalExpenditures": "52059000",
            "operatingCashflow": "-13614000",
            "grossProfit": "-24935000",
            "totalRevenue": "249269000",
            "sentiment": 0,
            "surprise": "0.37",
            "closePrice": "39.74"
        },
        {
            "fiscalDateEnding": "2012-09-30",
            "totalCurrentAssets": "555623000",
            "cashAndShortTermInvestments": "136118000",
            "totalCurrentLiabilities": "236322000",
            "currentDebt": "1270000",
            "netIncome": "-7907000",
            "capitalExpenditures": "43794000",
            "operatingCashflow": "-2057000",
            "grossProfit": "-713000",
            "totalRevenue": "271269000",
            "sentiment": 0,
            "surprise": "0.07",
            "closePrice": "40.36"
        },
        {
            "fiscalDateEnding": "2012-06-30",
            "totalCurrentAssets": "542309000",
            "cashAndShortTermInvestments": "129892000",
            "totalCurrentLiabilities": "225250000",
            "currentDebt": "1255000",
            "netIncome": "-14420000",
            "capitalExpenditures": "43209000",
            "operatingCashflow": "791000",
            "grossProfit": "-22597000",
            "totalRevenue": "228385000",
            "sentiment": 0,
            "surprise": "-0.06",
            "closePrice": "37.75"
        },
        {
            "fiscalDateEnding": "2012-03-31",
            "totalCurrentAssets": "563152000",
            "cashAndShortTermInvestments": "172583000",
            "totalCurrentLiabilities": "236042000",
            "currentDebt": "1240000",
            "netIncome": "-7378000",
            "capitalExpenditures": "52751000",
            "operatingCashflow": "76484000",
            "grossProfit": "-11534000",
            "totalRevenue": "230656000",
            "sentiment": 0,
            "surprise": "-0.06",
            "closePrice": "43.75"
        },
        {
            "fiscalDateEnding": "2011-12-31",
            "totalCurrentAssets": "429896000",
            "cashAndShortTermInvestments": "45842000",
            "totalCurrentLiabilities": "203466000",
            "currentDebt": "1226000",
            "netIncome": "5140000",
            "capitalExpenditures": "34663000",
            "operatingCashflow": "41179000",
            "grossProfit": "11712000",
            "totalRevenue": "204633000",
            "sentiment": 0,
            "surprise": "0.01",
            "closePrice": "49.5"
        },
        {
            "fiscalDateEnding": "2011-09-30",
            "totalCurrentAssets": "419719000",
            "cashAndShortTermInvestments": "36007000",
            "totalCurrentLiabilities": "184415000",
            "currentDebt": "1212000",
            "netIncome": "7975000",
            "capitalExpenditures": "100922000",
            "operatingCashflow": "14877000",
            "grossProfit": "15921000",
            "totalRevenue": "222813000",
            "sentiment": 0,
            "surprise": "0.1",
            "closePrice": "43.15"
        },
        {
            "fiscalDateEnding": "2011-06-30",
            "totalCurrentAssets": "370489000",
            "cashAndShortTermInvestments": "26113000",
            "totalCurrentLiabilities": "181035000",
            "currentDebt": "None",
            "netIncome": "1759000",
            "capitalExpenditures": "40686000",
            "operatingCashflow": "8909000",
            "grossProfit": "4029000",
            "totalRevenue": "193772000",
            "sentiment": 0,
            "surprise": "-0.07",
            "closePrice": "37.67"
        },
        {
            "fiscalDateEnding": "2011-03-31",
            "totalCurrentAssets": "370880000",
            "cashAndShortTermInvestments": "40490000",
            "totalCurrentLiabilities": "203423000",
            "currentDebt": "None",
            "netIncome": "12144000",
            "capitalExpenditures": "61017000",
            "operatingCashflow": "46305000",
            "grossProfit": "-717000",
            "totalRevenue": "209370000",
            "sentiment": 0,
            "surprise": "-0.01",
            "closePrice": "41.08"
        },
        {
            "fiscalDateEnding": "2010-12-31",
            "totalCurrentAssets": "359735000",
            "cashAndShortTermInvestments": "45364000",
            "totalCurrentLiabilities": "177961000",
            "currentDebt": "None",
            "netIncome": "12924000",
            "capitalExpenditures": "45309000",
            "operatingCashflow": "27226000",
            "grossProfit": "18536000",
            "totalRevenue": "195881000",
            "sentiment": 0,
            "surprise": "0.04",
            "closePrice": "45.0"
        },
        {
            "fiscalDateEnding": "2010-09-30",
            "totalCurrentAssets": "354869000",
            "cashAndShortTermInvestments": "53781000",
            "totalCurrentLiabilities": "182410000",
            "currentDebt": "None",
            "netIncome": "7786000",
            "capitalExpenditures": "72788000",
            "operatingCashflow": "57408000",
            "grossProfit": "24339000",
            "totalRevenue": "196939000",
            "sentiment": 0,
            "surprise": "-0.08",
            "closePrice": "41.04"
        },
        {
            "fiscalDateEnding": "2010-06-30",
            "totalCurrentAssets": "347116000",
            "cashAndShortTermInvestments": "57331000",
            "totalCurrentLiabilities": "170994000",
            "currentDebt": "None",
            "netIncome": "3261000",
            "capitalExpenditures": "45157000",
            "operatingCashflow": "38678000",
            "grossProfit": "3848000",
            "totalRevenue": "189863000",
            "sentiment": 0,
            "surprise": "-0.14",
            "closePrice": "36.85"
        }
    ]
}