{
    "VSH": [
        {
            "fiscalDateEnding": "2023-12-31",
            "totalCurrentAssets": "2297164000",
            "cashAndShortTermInvestments": "1008527000",
            "totalCurrentLiabilities": "691875000",
            "currentDebt": "None",
            "netIncome": "51472000",
            "capitalExpenditures": "145331000",
            "operatingCashflow": "6268000",
            "grossProfit": "200664000",
            "totalRevenue": "785236000",
            "sentiment": 0.20050896664597492,
            "surprise": "0.01",
            "closePrice": "21.0967341549296"
        },
        {
            "fiscalDateEnding": "2023-09-30",
            "totalCurrentAssets": "2440126000",
            "cashAndShortTermInvestments": "1174113000",
            "totalCurrentLiabilities": "716949000",
            "currentDebt": "None",
            "netIncome": "65529000",
            "capitalExpenditures": "66829000",
            "operatingCashflow": "122303000",
            "grossProfit": "237643000",
            "totalRevenue": "853653000",
            "sentiment": 0.2032597830921722,
            "surprise": "0.04",
            "closePrice": "22.1265108395767"
        },
        {
            "fiscalDateEnding": "2023-06-30",
            "totalCurrentAssets": "2395252000",
            "cashAndShortTermInvestments": "1103786000",
            "totalCurrentLiabilities": "758374000",
            "currentDebt": "None",
            "netIncome": "95038000",
            "capitalExpenditures": "71676000",
            "operatingCashflow": "107239000",
            "grossProfit": "257473000",
            "totalRevenue": "892110000",
            "sentiment": 0.2530641575572548,
            "surprise": "0.05",
            "closePrice": "26.659852776963"
        },
        {
            "fiscalDateEnding": "2023-03-31",
            "totalCurrentAssets": "2305895000",
            "cashAndShortTermInvestments": "847534000",
            "totalCurrentLiabilities": "749254000",
            "currentDebt": "None",
            "netIncome": "111781000",
            "capitalExpenditures": "45574000",
            "operatingCashflow": "129893000",
            "grossProfit": "278713000",
            "totalRevenue": "871046000",
            "sentiment": 0.2568475987548251,
            "surprise": "0.24",
            "closePrice": "24.3011302290759"
        },
        {
            "fiscalDateEnding": "2022-12-31",
            "totalCurrentAssets": "2121210000",
            "cashAndShortTermInvestments": "916097000",
            "totalCurrentLiabilities": "726258000",
            "currentDebt": "None",
            "netIncome": "72788000",
            "capitalExpenditures": "153133000",
            "operatingCashflow": "166496000",
            "grossProfit": "249120000",
            "totalRevenue": "855298000",
            "sentiment": 0.3463411197853475,
            "surprise": "-0.1",
            "closePrice": "20.6538951502837"
        },
        {
            "fiscalDateEnding": "2022-09-30",
            "totalCurrentAssets": "2110289000",
            "cashAndShortTermInvestments": "734992000",
            "totalCurrentLiabilities": "716964000",
            "currentDebt": "None",
            "netIncome": "140061000",
            "capitalExpenditures": "76475000",
            "operatingCashflow": "209480000",
            "grossProfit": "289538000",
            "totalRevenue": "924798000",
            "sentiment": 0.27692306134129513,
            "surprise": "0.06",
            "closePrice": "19.5272551430492"
        },
        {
            "fiscalDateEnding": "2022-06-30",
            "totalCurrentAssets": "2070420000",
            "cashAndShortTermInvestments": "765593000",
            "totalCurrentLiabilities": "704102000",
            "currentDebt": "None",
            "netIncome": "112388000",
            "capitalExpenditures": "59791000",
            "operatingCashflow": "74727000",
            "grossProfit": "261223000",
            "totalRevenue": "863512000",
            "sentiment": 0.05909783908708382,
            "surprise": "0.17",
            "closePrice": "20.124585796485"
        },
        {
            "fiscalDateEnding": "2022-03-31",
            "totalCurrentAssets": "2070211000",
            "cashAndShortTermInvestments": "789248000",
            "totalCurrentLiabilities": "676383000",
            "currentDebt": "None",
            "netIncome": "103573000",
            "capitalExpenditures": "35909000",
            "operatingCashflow": "33585000",
            "grossProfit": "259108000",
            "totalRevenue": "853793000",
            "sentiment": 0.031635539591300076,
            "surprise": "0.13",
            "closePrice": "18.6319434782076"
        },
        {
            "fiscalDateEnding": "2021-12-31",
            "totalCurrentAssets": "2010498000",
            "cashAndShortTermInvestments": "920851000",
            "totalCurrentLiabilities": "693667000",
            "currentDebt": "None",
            "netIncome": "36523000",
            "capitalExpenditures": "100216000",
            "operatingCashflow": "146652000",
            "grossProfit": "229956000",
            "totalRevenue": "843072000",
            "sentiment": 0,
            "surprise": "0",
            "closePrice": "19.4487806415537"
        },
        {
            "fiscalDateEnding": "2021-09-30",
            "totalCurrentAssets": "1973998000",
            "cashAndShortTermInvestments": "831760000",
            "totalCurrentLiabilities": "645734000",
            "currentDebt": "None",
            "netIncome": "96820000",
            "capitalExpenditures": "57446000",
            "operatingCashflow": "135669000",
            "grossProfit": "225736000",
            "totalRevenue": "813663000",
            "sentiment": 0,
            "surprise": "-0.02",
            "closePrice": "19.4513924228513"
        },
        {
            "fiscalDateEnding": "2021-06-30",
            "totalCurrentAssets": "1911670000",
            "cashAndShortTermInvestments": "726759000",
            "totalCurrentLiabilities": "639114000",
            "currentDebt": "None",
            "netIncome": "93192000",
            "capitalExpenditures": "32183000",
            "operatingCashflow": "117461000",
            "grossProfit": "229272000",
            "totalRevenue": "819120000",
            "sentiment": 0,
            "surprise": "0.02",
            "closePrice": "21.3689219324306"
        },
        {
            "fiscalDateEnding": "2021-03-31",
            "totalCurrentAssets": "1780925000",
            "cashAndShortTermInvestments": "643847000",
            "totalCurrentLiabilities": "588046000",
            "currentDebt": "None",
            "netIncome": "71435000",
            "capitalExpenditures": "28527000",
            "operatingCashflow": "57322000",
            "grossProfit": "202949000",
            "totalRevenue": "764632000",
            "sentiment": 0,
            "surprise": "0.02",
            "closePrice": "22.2344513413345"
        },
        {
            "fiscalDateEnding": "2020-12-31",
            "totalCurrentAssets": "1697336000",
            "cashAndShortTermInvestments": "619874000",
            "totalCurrentLiabilities": "562423000",
            "currentDebt": "None",
            "netIncome": "37567000",
            "capitalExpenditures": "52798000",
            "operatingCashflow": "125699000",
            "grossProfit": "152284000",
            "totalRevenue": "667180000",
            "sentiment": 0,
            "surprise": "0",
            "closePrice": "22.2251415460545"
        },
        {
            "fiscalDateEnding": "2020-09-30",
            "totalCurrentAssets": "1615344000",
            "cashAndShortTermInvestments": "682422000",
            "totalCurrentLiabilities": "503274000",
            "currentDebt": "None",
            "netIncome": "33484000",
            "capitalExpenditures": "21969000",
            "operatingCashflow": "64330000",
            "grossProfit": "151709000",
            "totalRevenue": "640160000",
            "sentiment": 0,
            "surprise": "0.02",
            "closePrice": "15.942474494387"
        },
        {
            "fiscalDateEnding": "2020-06-30",
            "totalCurrentAssets": "1623018000",
            "cashAndShortTermInvestments": "599930000",
            "totalCurrentLiabilities": "503376000",
            "currentDebt": "None",
            "netIncome": "24653000",
            "capitalExpenditures": "24504000",
            "operatingCashflow": "90431000",
            "grossProfit": "130670000",
            "totalRevenue": "581717000",
            "sentiment": 0,
            "surprise": "0.11",
            "closePrice": "15.6020705043175"
        },
        {
            "fiscalDateEnding": "2020-03-31",
            "totalCurrentAssets": "1725191000",
            "cashAndShortTermInvestments": "680703000",
            "totalCurrentLiabilities": "490273000",
            "currentDebt": "None",
            "netIncome": "27219000",
            "capitalExpenditures": "24328000",
            "operatingCashflow": "34478000",
            "grossProfit": "147240000",
            "totalRevenue": "612841000",
            "sentiment": 0,
            "surprise": "0.07",
            "closePrice": "14.0860701121283"
        },
        {
            "fiscalDateEnding": "2019-12-31",
            "totalCurrentAssets": "1704116000",
            "cashAndShortTermInvestments": "694133000",
            "totalCurrentLiabilities": "520428000",
            "currentDebt": "20219000",
            "netIncome": "13962000",
            "capitalExpenditures": "56374000",
            "operatingCashflow": "84423000",
            "grossProfit": "135361000",
            "totalRevenue": "609577000",
            "sentiment": 0,
            "surprise": "-0.05",
            "closePrice": "19.0514465344032"
        },
        {
            "fiscalDateEnding": "2019-09-30",
            "totalCurrentAssets": "1691080000",
            "cashAndShortTermInvestments": "731483000",
            "totalCurrentLiabilities": "481102000",
            "currentDebt": "16939000",
            "netIncome": "30038000",
            "capitalExpenditures": "30119000",
            "operatingCashflow": "76202000",
            "grossProfit": "150079000",
            "totalRevenue": "628329000",
            "sentiment": 0,
            "surprise": "0.03",
            "closePrice": "18.6053916698898"
        },
        {
            "fiscalDateEnding": "2019-06-30",
            "totalCurrentAssets": "1745397000",
            "cashAndShortTermInvestments": "790906000",
            "totalCurrentLiabilities": "511596000",
            "currentDebt": "15363000",
            "netIncome": "44477000",
            "capitalExpenditures": "33781000",
            "operatingCashflow": "56301000",
            "grossProfit": "174601000",
            "totalRevenue": "685240000",
            "sentiment": 0,
            "surprise": "0.01",
            "closePrice": "16.0901517501125"
        },
        {
            "fiscalDateEnding": "2019-03-31",
            "totalCurrentAssets": "1771579000",
            "cashAndShortTermInvestments": "749426000",
            "totalCurrentLiabilities": "574229000",
            "currentDebt": "18000",
            "netIncome": "75459000",
            "capitalExpenditures": "36367000",
            "operatingCashflow": "79518000",
            "grossProfit": "211159000",
            "totalRevenue": "745159000",
            "sentiment": 0,
            "surprise": "0.01",
            "closePrice": "16.2008488685875"
        },
        {
            "fiscalDateEnding": "2018-12-31",
            "totalCurrentAssets": "1783886000",
            "cashAndShortTermInvestments": "686032000",
            "totalCurrentLiabilities": "644106000",
            "currentDebt": "18000",
            "netIncome": "102419000",
            "capitalExpenditures": "103508000",
            "operatingCashflow": "149615000",
            "grossProfit": "219690000",
            "totalRevenue": "775892000",
            "sentiment": 0,
            "surprise": "0.07",
            "closePrice": "19.4903649629998"
        },
        {
            "fiscalDateEnding": "2018-09-30",
            "totalCurrentAssets": "2083800000",
            "cashAndShortTermInvestments": "928105000",
            "totalCurrentLiabilities": "562288000",
            "currentDebt": "4000",
            "netIncome": "77876000",
            "capitalExpenditures": "49745000",
            "operatingCashflow": "70721000",
            "grossProfit": "236296000",
            "totalRevenue": "780972000",
            "sentiment": 0,
            "surprise": "0.07",
            "closePrice": "15.9762973278612"
        },
        {
            "fiscalDateEnding": "2018-06-30",
            "totalCurrentAssets": "2144221000",
            "cashAndShortTermInvestments": "1007056000",
            "totalCurrentLiabilities": "550772000",
            "currentDebt": "123000",
            "netIncome": "103097000",
            "capitalExpenditures": "48373000",
            "operatingCashflow": "-8689000",
            "grossProfit": "227238000",
            "totalRevenue": "761030000",
            "sentiment": 0,
            "surprise": "0.06",
            "closePrice": "22.5539874209699"
        },
        {
            "fiscalDateEnding": "2018-03-31",
            "totalCurrentAssets": "2294945000",
            "cashAndShortTermInvestments": "839591000",
            "totalCurrentLiabilities": "529043000",
            "currentDebt": "56000",
            "netIncome": "62366000",
            "capitalExpenditures": "28273000",
            "operatingCashflow": "46859000",
            "grossProfit": "205300000",
            "totalRevenue": "716795000",
            "sentiment": 0,
            "surprise": "0.04",
            "closePrice": "18.0608230901025"
        },
        {
            "fiscalDateEnding": "2017-12-31",
            "totalCurrentAssets": "2195190000",
            "cashAndShortTermInvestments": "748032000",
            "totalCurrentLiabilities": "562535000",
            "currentDebt": "4000",
            "netIncome": "-177657000",
            "capitalExpenditures": "85642000",
            "operatingCashflow": "-243849000",
            "grossProfit": "177376000",
            "totalRevenue": "673462000",
            "sentiment": 0,
            "surprise": "-0.02",
            "closePrice": "17.287467856593"
        },
        {
            "fiscalDateEnding": "2017-09-30",
            "totalCurrentAssets": "2122962000",
            "cashAndShortTermInvestments": "575385000",
            "totalCurrentLiabilities": "490597000",
            "currentDebt": "25000",
            "netIncome": "64404000",
            "capitalExpenditures": "35723000",
            "operatingCashflow": "64583000",
            "grossProfit": "190147000",
            "totalRevenue": "677941000",
            "sentiment": 0,
            "surprise": "0.05",
            "closePrice": "19.2698056003703"
        },
        {
            "fiscalDateEnding": "2017-06-30",
            "totalCurrentAssets": "2050184000",
            "cashAndShortTermInvestments": "561032000",
            "totalCurrentLiabilities": "474929000",
            "currentDebt": "None",
            "netIncome": "56190000",
            "capitalExpenditures": "32399000",
            "operatingCashflow": "56409000",
            "grossProfit": "173837000",
            "totalRevenue": "643164000",
            "sentiment": 0,
            "surprise": "0.02",
            "closePrice": "15.3622054946307"
        },
        {
            "fiscalDateEnding": "2017-03-31",
            "totalCurrentAssets": "1953905000",
            "cashAndShortTermInvestments": "499386000",
            "totalCurrentLiabilities": "455103000",
            "currentDebt": "None",
            "netIncome": "36719000",
            "capitalExpenditures": "16668000",
            "operatingCashflow": "36949000",
            "grossProfit": "161749000",
            "totalRevenue": "604801000",
            "sentiment": 0,
            "surprise": "0.05",
            "closePrice": "14.8214791081348"
        },
        {
            "fiscalDateEnding": "2016-12-31",
            "totalCurrentAssets": "1864472000",
            "cashAndShortTermInvestments": "471781000",
            "totalCurrentLiabilities": "456850000",
            "currentDebt": "3000",
            "netIncome": "-48748000",
            "capitalExpenditures": "53289000",
            "operatingCashflow": "-48604000",
            "grossProfit": "132445000",
            "totalRevenue": "570819000",
            "sentiment": 0,
            "surprise": "-0.03",
            "closePrice": "13.843469301597"
        },
        {
            "fiscalDateEnding": "2016-09-30",
            "totalCurrentAssets": "1918054000",
            "cashAndShortTermInvestments": "511587000",
            "totalCurrentLiabilities": "462444000",
            "currentDebt": "None",
            "netIncome": "36440000",
            "capitalExpenditures": "30273000",
            "operatingCashflow": "36596000",
            "grossProfit": "153901000",
            "totalRevenue": "591955000",
            "sentiment": 0,
            "surprise": "0.01",
            "closePrice": "12.2166232525925"
        },
        {
            "fiscalDateEnding": "2016-06-30",
            "totalCurrentAssets": "1828929000",
            "cashAndShortTermInvestments": "475167000",
            "totalCurrentLiabilities": "437559000",
            "currentDebt": "None",
            "netIncome": "33086000",
            "capitalExpenditures": "31317000",
            "operatingCashflow": "33229000",
            "grossProfit": "146128000",
            "totalRevenue": "590051000",
            "sentiment": 0,
            "surprise": "0.01",
            "closePrice": "11.1613270195013"
        },
        {
            "fiscalDateEnding": "2016-03-31",
            "totalCurrentAssets": "1888618000",
            "cashAndShortTermInvestments": "531296000",
            "totalCurrentLiabilities": "438027000",
            "currentDebt": "None",
            "netIncome": "28014000",
            "capitalExpenditures": "19756000",
            "operatingCashflow": "28152000",
            "grossProfit": "137309000",
            "totalRevenue": "570606000",
            "sentiment": 0,
            "surprise": "0.03",
            "closePrice": "10.8486743217491"
        },
        {
            "fiscalDateEnding": "2015-12-31",
            "totalCurrentAssets": "1887492000",
            "cashAndShortTermInvestments": "475507000",
            "totalCurrentLiabilities": "457724000",
            "currentDebt": "4000",
            "netIncome": "-137815000",
            "capitalExpenditures": "60375000",
            "operatingCashflow": "-137626000",
            "grossProfit": "125556000",
            "totalRevenue": "555928000",
            "sentiment": 0,
            "surprise": "0.02",
            "closePrice": "9.56218208094286"
        },
        {
            "fiscalDateEnding": "2015-09-30",
            "totalCurrentAssets": "1933750000",
            "cashAndShortTermInvestments": "390305000",
            "totalCurrentLiabilities": "451055000",
            "currentDebt": "None",
            "netIncome": "-27666000",
            "capitalExpenditures": "37217000",
            "operatingCashflow": "-27550000",
            "grossProfit": "130144000",
            "totalRevenue": "560654000",
            "sentiment": 0,
            "surprise": "0.06",
            "closePrice": "9.89976549915206"
        },
        {
            "fiscalDateEnding": "2015-06-30",
            "totalCurrentAssets": "1914957000",
            "cashAndShortTermInvestments": "483020000",
            "totalCurrentLiabilities": "448313000",
            "currentDebt": "None",
            "netIncome": "26268000",
            "capitalExpenditures": "29768000",
            "operatingCashflow": "26518000",
            "grossProfit": "141482000",
            "totalRevenue": "590470000",
            "sentiment": 0,
            "surprise": "-0.03",
            "closePrice": "9.17663701300461"
        },
        {
            "fiscalDateEnding": "2015-03-31",
            "totalCurrentAssets": "1894989000",
            "cashAndShortTermInvestments": "517002000",
            "totalCurrentLiabilities": "441220000",
            "currentDebt": "None",
            "netIncome": "30699000",
            "capitalExpenditures": "19782000",
            "operatingCashflow": "30925000",
            "grossProfit": "145038000",
            "totalRevenue": "593436000",
            "sentiment": 0,
            "surprise": "0.01",
            "closePrice": "10.7402352438666"
        },
        {
            "fiscalDateEnding": "2014-12-31",
            "totalCurrentAssets": "1908635000",
            "cashAndShortTermInvestments": "592172000",
            "totalCurrentLiabilities": "446949000",
            "currentDebt": "None",
            "netIncome": "29206000",
            "capitalExpenditures": "66467000",
            "operatingCashflow": "29070000",
            "grossProfit": "143524000",
            "totalRevenue": "610764000",
            "sentiment": 0,
            "surprise": "-0.01",
            "closePrice": "11.3759966310829"
        },
        {
            "fiscalDateEnding": "2014-09-30",
            "totalCurrentAssets": "1996108000",
            "cashAndShortTermInvestments": "575302000",
            "totalCurrentLiabilities": "469981000",
            "currentDebt": "None",
            "netIncome": "26971000",
            "capitalExpenditures": "37171000",
            "operatingCashflow": "26977000",
            "grossProfit": "158392000",
            "totalRevenue": "638211000",
            "sentiment": 0,
            "surprise": "-0.02",
            "closePrice": "11.0755938669779"
        },
        {
            "fiscalDateEnding": "2014-06-30",
            "totalCurrentAssets": "2070040000",
            "cashAndShortTermInvestments": "659593000",
            "totalCurrentLiabilities": "457739000",
            "currentDebt": "None",
            "netIncome": "35642000",
            "capitalExpenditures": "33989000",
            "operatingCashflow": "36807000",
            "grossProfit": "164093000",
            "totalRevenue": "641929000",
            "sentiment": 0,
            "surprise": "0.02",
            "closePrice": "12.7140968337081"
        },
        {
            "fiscalDateEnding": "2014-03-31",
            "totalCurrentAssets": "2024218000",
            "cashAndShortTermInvestments": "661457000",
            "totalCurrentLiabilities": "449687000",
            "currentDebt": "None",
            "netIncome": "25810000",
            "capitalExpenditures": "19347000",
            "operatingCashflow": "29954000",
            "grossProfit": "145283000",
            "totalRevenue": "602378000",
            "sentiment": 0,
            "surprise": "0.02",
            "closePrice": "11.9989859595123"
        },
        {
            "fiscalDateEnding": "2013-12-31",
            "totalCurrentAssets": "1980680000",
            "cashAndShortTermInvestments": "640348000",
            "totalCurrentLiabilities": "449065000",
            "currentDebt": "None",
            "netIncome": "30021000",
            "capitalExpenditures": "61486000",
            "operatingCashflow": "30274000",
            "grossProfit": "144449000",
            "totalRevenue": "616170000",
            "sentiment": 0,
            "surprise": "0.02",
            "closePrice": "10.9699679486965"
        },
        {
            "fiscalDateEnding": "2013-09-30",
            "totalCurrentAssets": "1947140000",
            "cashAndShortTermInvestments": "644951000",
            "totalCurrentLiabilities": "442758000",
            "currentDebt": "None",
            "netIncome": "32719000",
            "capitalExpenditures": "44418000",
            "operatingCashflow": "33791000",
            "grossProfit": "143220000",
            "totalRevenue": "602890000",
            "sentiment": 0,
            "surprise": "-0.03",
            "closePrice": "10.2154198887333"
        },
        {
            "fiscalDateEnding": "2013-06-30",
            "totalCurrentAssets": "1886901000",
            "cashAndShortTermInvestments": "561199000",
            "totalCurrentLiabilities": "434534000",
            "currentDebt": "None",
            "netIncome": "31309000",
            "capitalExpenditures": "26992000",
            "operatingCashflow": "31485000",
            "grossProfit": "142857000",
            "totalRevenue": "597665000",
            "sentiment": 0,
            "surprise": "-0.02",
            "closePrice": "11.7245160086598"
        },
        {
            "fiscalDateEnding": "2013-03-31",
            "totalCurrentAssets": "1803219000",
            "cashAndShortTermInvestments": "632780000",
            "totalCurrentLiabilities": "396560000",
            "currentDebt": "None",
            "netIncome": "28931000",
            "capitalExpenditures": "20181000",
            "operatingCashflow": "23391000",
            "grossProfit": "136761000",
            "totalRevenue": "554254000",
            "sentiment": 0,
            "surprise": "0.07",
            "closePrice": "11.6415986394331"
        },
        {
            "fiscalDateEnding": "2012-12-31",
            "totalCurrentAssets": "1791263000",
            "cashAndShortTermInvestments": "697595000",
            "totalCurrentLiabilities": "412170000",
            "currentDebt": "None",
            "netIncome": "20975000",
            "capitalExpenditures": "63537000",
            "operatingCashflow": "21137000",
            "grossProfit": "108791000",
            "totalRevenue": "530570000",
            "sentiment": 0,
            "surprise": "0.03",
            "closePrice": "9.80083304259963"
        },
        {
            "fiscalDateEnding": "2012-09-30",
            "totalCurrentAssets": "1794520000",
            "cashAndShortTermInvestments": "637262000",
            "totalCurrentLiabilities": "428532000",
            "currentDebt": "None",
            "netIncome": "22280000",
            "capitalExpenditures": "39456000",
            "operatingCashflow": "22489000",
            "grossProfit": "133554000",
            "totalRevenue": "572781000",
            "sentiment": 0,
            "surprise": "-0.09",
            "closePrice": "6.86555817197334"
        },
        {
            "fiscalDateEnding": "2012-06-30",
            "totalCurrentAssets": "1822180000",
            "cashAndShortTermInvestments": "708772000",
            "totalCurrentLiabilities": "409076000",
            "currentDebt": "None",
            "netIncome": "45671000",
            "capitalExpenditures": "30483000",
            "operatingCashflow": "45830000",
            "grossProfit": "147619000",
            "totalRevenue": "588199000",
            "sentiment": 0,
            "surprise": "-0.02",
            "closePrice": "8.18394434267837"
        },
        {
            "fiscalDateEnding": "2012-03-31",
            "totalCurrentAssets": "1797123000",
            "cashAndShortTermInvestments": "785781000",
            "totalCurrentLiabilities": "410683000",
            "currentDebt": "None",
            "netIncome": "33812000",
            "capitalExpenditures": "16815000",
            "operatingCashflow": "22622000",
            "grossProfit": "136709000",
            "totalRevenue": "538547000",
            "sentiment": 0,
            "surprise": "0.04",
            "closePrice": "10.29833725796"
        },
        {
            "fiscalDateEnding": "2011-12-31",
            "totalCurrentAssets": "1830676000",
            "cashAndShortTermInvestments": "749088000",
            "totalCurrentLiabilities": "439788000",
            "currentDebt": "None",
            "netIncome": "30952000",
            "capitalExpenditures": "78933000",
            "operatingCashflow": "31202000",
            "grossProfit": "125656000",
            "totalRevenue": "551391000",
            "sentiment": 0,
            "surprise": "-0.03",
            "closePrice": "10.2900455210373"
        },
        {
            "fiscalDateEnding": "2011-09-30",
            "totalCurrentAssets": "1973639000",
            "cashAndShortTermInvestments": "705061000",
            "totalCurrentLiabilities": "503761000",
            "currentDebt": "None",
            "netIncome": "50487000",
            "capitalExpenditures": "44343000",
            "operatingCashflow": "50692000",
            "grossProfit": "167477000",
            "totalRevenue": "637649000",
            "sentiment": 0,
            "surprise": "-0.02",
            "closePrice": "8.27515344882777"
        },
        {
            "fiscalDateEnding": "2011-06-30",
            "totalCurrentAssets": "2001809000",
            "cashAndShortTermInvestments": "692592000",
            "totalCurrentLiabilities": "534351000",
            "currentDebt": "None",
            "netIncome": "82095000",
            "capitalExpenditures": "26765000",
            "operatingCashflow": "82496000",
            "grossProfit": "212190000",
            "totalRevenue": "709838000",
            "sentiment": 0,
            "surprise": "-0.01",
            "closePrice": "10.9948431594646"
        },
        {
            "fiscalDateEnding": "2011-03-31",
            "totalCurrentAssets": "1955942000",
            "cashAndShortTermInvestments": "668551000",
            "totalCurrentLiabilities": "537780000",
            "currentDebt": "None",
            "netIncome": "75287000",
            "capitalExpenditures": "18600000",
            "operatingCashflow": "75607000",
            "grossProfit": "214663000",
            "totalRevenue": "695151000",
            "sentiment": 0,
            "surprise": "0",
            "closePrice": "14.1871618746937"
        },
        {
            "fiscalDateEnding": "2010-12-31",
            "totalCurrentAssets": "1794504000",
            "cashAndShortTermInvestments": "897338000",
            "totalCurrentLiabilities": "527161000",
            "currentDebt": "None",
            "netIncome": "147228000",
            "capitalExpenditures": "65334000",
            "operatingCashflow": "147537000",
            "grossProfit": "211501000",
            "totalRevenue": "688612000",
            "sentiment": 0,
            "surprise": "0.04",
            "closePrice": "14.3612883500698"
        },
        {
            "fiscalDateEnding": "2010-09-30",
            "totalCurrentAssets": "1647350000",
            "cashAndShortTermInvestments": "745371000",
            "totalCurrentLiabilities": "560381000",
            "currentDebt": "None",
            "netIncome": "89799000",
            "capitalExpenditures": "30886000",
            "operatingCashflow": "90152000",
            "grossProfit": "218378000",
            "totalRevenue": "694365000",
            "sentiment": 0,
            "surprise": "0.06",
            "closePrice": "9.70133219952755"
        },
        {
            "fiscalDateEnding": "2010-06-30",
            "totalCurrentAssets": "1603996000",
            "cashAndShortTermInvestments": "674581000",
            "totalCurrentLiabilities": "545034000",
            "currentDebt": "None",
            "netIncome": "76659000",
            "capitalExpenditures": "31107000",
            "operatingCashflow": "109503000",
            "grossProfit": "210593000",
            "totalRevenue": "701655000",
            "sentiment": 0,
            "surprise": "0.11",
            "closePrice": "7.47914670425116"
        }
    ]
}