{
    "VZIO": [
        {
            "fiscalDateEnding": "2023-12-31",
            "totalCurrentAssets": "794400000",
            "cashAndShortTermInvestments": "351500000",
            "totalCurrentLiabilities": "492000000",
            "currentDebt": "None",
            "netIncome": "13200000",
            "capitalExpenditures": "900000",
            "operatingCashflow": "14300000",
            "grossProfit": "98200000",
            "totalRevenue": "502700000",
            "sentiment": 0.5490213987016507,
            "surprise": "0.06",
            "closePrice": "11.0"
        },
        {
            "fiscalDateEnding": "2023-09-30",
            "totalCurrentAssets": "752500000",
            "cashAndShortTermInvestments": "334900000",
            "totalCurrentLiabilities": "466100000",
            "currentDebt": "None",
            "netIncome": "13800000",
            "capitalExpenditures": "500000",
            "operatingCashflow": "12500000",
            "grossProfit": "96500000",
            "totalRevenue": "426200000",
            "sentiment": 0.31041468080051493,
            "surprise": "0.06",
            "closePrice": "5.28"
        },
        {
            "fiscalDateEnding": "2023-06-30",
            "totalCurrentAssets": "692000000",
            "cashAndShortTermInvestments": "321400000",
            "totalCurrentLiabilities": "426600000",
            "currentDebt": "None",
            "netIncome": "1900000",
            "capitalExpenditures": "1300000",
            "operatingCashflow": "-8300000",
            "grossProfit": "86100000",
            "totalRevenue": "394400000",
            "sentiment": 0.34323948291845713,
            "surprise": "0",
            "closePrice": "7.28"
        },
        {
            "fiscalDateEnding": "2023-03-31",
            "totalCurrentAssets": "697900000",
            "cashAndShortTermInvestments": "328900000",
            "totalCurrentLiabilities": "441200000",
            "currentDebt": "None",
            "netIncome": "-700000",
            "capitalExpenditures": "200000",
            "operatingCashflow": "-19300000",
            "grossProfit": "75400000",
            "totalRevenue": "356700000",
            "sentiment": 0.23430758049849415,
            "surprise": "0.0164",
            "closePrice": "8.64"
        },
        {
            "fiscalDateEnding": "2022-12-31",
            "totalCurrentAssets": "778400000",
            "cashAndShortTermInvestments": "347600000",
            "totalCurrentLiabilities": "523200000",
            "currentDebt": "None",
            "netIncome": "6300000",
            "capitalExpenditures": "1400000",
            "operatingCashflow": "21300000",
            "grossProfit": "85700000",
            "totalRevenue": "533500000",
            "sentiment": 0.2497411726789189,
            "surprise": "0.01",
            "closePrice": "10.25"
        },
        {
            "fiscalDateEnding": "2022-09-30",
            "totalCurrentAssets": "784200000",
            "cashAndShortTermInvestments": "325000000",
            "totalCurrentLiabilities": "523200000",
            "currentDebt": "None",
            "netIncome": "2000000",
            "capitalExpenditures": "1800000",
            "operatingCashflow": "-11500000",
            "grossProfit": "80100000",
            "totalRevenue": "435000000",
            "sentiment": 0.27048611179030807,
            "surprise": "0",
            "closePrice": "9.21"
        },
        {
            "fiscalDateEnding": "2022-06-30",
            "totalCurrentAssets": "743200000",
            "cashAndShortTermInvestments": "335800000",
            "totalCurrentLiabilities": "497600000",
            "currentDebt": "None",
            "netIncome": "2300000",
            "capitalExpenditures": "5900000",
            "operatingCashflow": "29800000",
            "grossProfit": "73900000",
            "totalRevenue": "408900000",
            "sentiment": 0.028399698742434625,
            "surprise": "0.03",
            "closePrice": "10.44"
        },
        {
            "fiscalDateEnding": "2022-03-31",
            "totalCurrentAssets": "758800000",
            "cashAndShortTermInvestments": "309700000",
            "totalCurrentLiabilities": "521000000",
            "currentDebt": "None",
            "netIncome": "-11000000",
            "capitalExpenditures": "4000000",
            "operatingCashflow": "-10500000",
            "grossProfit": "72800000",
            "totalRevenue": "485500000",
            "sentiment": 0.1283768422123151,
            "surprise": "-0.01",
            "closePrice": "7.57"
        },
        {
            "fiscalDateEnding": "2021-12-31",
            "totalCurrentAssets": "834700000",
            "cashAndShortTermInvestments": "331600000",
            "totalCurrentLiabilities": "591100000",
            "currentDebt": "None",
            "netIncome": "-10200000",
            "capitalExpenditures": "821000",
            "operatingCashflow": "-33800000",
            "grossProfit": "77200000",
            "totalRevenue": "628871000",
            "sentiment": 0,
            "surprise": "0.13",
            "closePrice": "13.24"
        },
        {
            "fiscalDateEnding": "2021-09-30",
            "totalCurrentAssets": "853640000",
            "cashAndShortTermInvestments": "375936000",
            "totalCurrentLiabilities": "629720000",
            "currentDebt": "None",
            "netIncome": "-18600000",
            "capitalExpenditures": "809000",
            "operatingCashflow": "24700000",
            "grossProfit": "82900000",
            "totalRevenue": "588316000",
            "sentiment": 0,
            "surprise": "0",
            "closePrice": "17.35"
        },
        {
            "fiscalDateEnding": "2021-06-30",
            "totalCurrentAssets": "670812000",
            "cashAndShortTermInvestments": "365380000",
            "totalCurrentLiabilities": "453172000",
            "currentDebt": "None",
            "netIncome": "-14000000",
            "capitalExpenditures": "417000",
            "operatingCashflow": "-33800000",
            "grossProfit": "79500000",
            "totalRevenue": "401157000",
            "sentiment": 0,
            "surprise": "0.01",
            "closePrice": "20.99"
        },
        {
            "fiscalDateEnding": "2021-03-31",
            "totalCurrentAssets": "750795000",
            "cashAndShortTermInvestments": "435135000",
            "totalCurrentLiabilities": "523392000",
            "currentDebt": "None",
            "netIncome": "3400000",
            "capitalExpenditures": "2353000",
            "operatingCashflow": "84800000",
            "grossProfit": "86700000",
            "totalRevenue": "505656000",
            "sentiment": 0,
            "surprise": "0.12",
            "closePrice": "27.41"
        }
    ]
}