{
    "WDAY": [
        {
            "fiscalDateEnding": "2024-01-31",
            "totalCurrentAssets": "9939000000",
            "cashAndShortTermInvestments": "7813000000",
            "totalCurrentLiabilities": "5055000000",
            "currentDebt": "None",
            "netIncome": "1188495000",
            "capitalExpenditures": "47635000",
            "operatingCashflow": "995645000",
            "grossProfit": "1078137000",
            "totalRevenue": "1897880000",
            "sentiment": 0.26305933720465996,
            "surprise": "0.1",
            "closePrice": "307.21"
        },
        {
            "fiscalDateEnding": "2023-10-31",
            "totalCurrentAssets": "8574163000",
            "cashAndShortTermInvestments": "6879984000",
            "totalCurrentLiabilities": "4029390000",
            "currentDebt": "None",
            "netIncome": "113709000",
            "capitalExpenditures": "60648000",
            "operatingCashflow": "450775000",
            "grossProfit": "1053875000",
            "totalRevenue": "1836333000",
            "sentiment": 0.22981007479284743,
            "surprise": "0.12",
            "closePrice": "237.33"
        },
        {
            "fiscalDateEnding": "2023-07-31",
            "totalCurrentAssets": "8381694000",
            "cashAndShortTermInvestments": "6657091000",
            "totalCurrentLiabilities": "4181959000",
            "currentDebt": "None",
            "netIncome": "78660000",
            "capitalExpenditures": "65119000",
            "operatingCashflow": "425264000",
            "grossProfit": "996504000",
            "totalRevenue": "1760651000",
            "sentiment": 0.32456478693855956,
            "surprise": "0.17",
            "closePrice": "224.87"
        },
        {
            "fiscalDateEnding": "2023-04-30",
            "totalCurrentAssets": "7873093000",
            "cashAndShortTermInvestments": "6328961000",
            "totalCurrentLiabilities": "4044089000",
            "currentDebt": "None",
            "netIncome": "136000",
            "capitalExpenditures": "68598000",
            "operatingCashflow": "277316000",
            "grossProfit": "899169000",
            "totalRevenue": "1655821000",
            "sentiment": 0.2228838561768324,
            "surprise": "0.19",
            "closePrice": "196.41"
        },
        {
            "fiscalDateEnding": "2023-01-31",
            "totalCurrentAssets": "8108000000",
            "cashAndShortTermInvestments": "6121394000",
            "totalCurrentLiabilities": "4628000000",
            "currentDebt": "None",
            "netIncome": "-125697000",
            "capitalExpenditures": "77329000",
            "operatingCashflow": "694452000",
            "grossProfit": "861223000",
            "totalRevenue": "1617335000",
            "sentiment": 0.3064661060708537,
            "surprise": "0.08",
            "closePrice": "184.93"
        },
        {
            "fiscalDateEnding": "2022-10-31",
            "totalCurrentAssets": "6970275000",
            "cashAndShortTermInvestments": "5492085000",
            "totalCurrentLiabilities": "3723399000",
            "currentDebt": "None",
            "netIncome": "-74721000",
            "capitalExpenditures": "59546000",
            "operatingCashflow": "408668000",
            "grossProfit": "858233000",
            "totalRevenue": "1573991000",
            "sentiment": 0.20274572024521872,
            "surprise": "0.15",
            "closePrice": "143.3"
        },
        {
            "fiscalDateEnding": "2022-07-31",
            "totalCurrentAssets": "7804657000",
            "cashAndShortTermInvestments": "6292967000",
            "totalCurrentLiabilities": "4857857000",
            "currentDebt": "1148982000",
            "netIncome": "-64158000",
            "capitalExpenditures": "168843000",
            "operatingCashflow": "114358000",
            "grossProfit": "814082000",
            "totalRevenue": "1505733000",
            "sentiment": -0.019444265131255446,
            "surprise": "0.03",
            "closePrice": "162.36"
        },
        {
            "fiscalDateEnding": "2022-04-30",
            "totalCurrentAssets": "7443226000",
            "cashAndShortTermInvestments": "6255355000",
            "totalCurrentLiabilities": "4781387000",
            "currentDebt": "1148126000",
            "netIncome": "-102173000",
            "capitalExpenditures": "58770000",
            "operatingCashflow": "439717000",
            "grossProfit": "768682000",
            "totalRevenue": "1421698000",
            "sentiment": 0.060606869724079936,
            "surprise": "-0.03",
            "closePrice": "168.15"
        },
        {
            "fiscalDateEnding": "2022-01-31",
            "totalCurrentAssets": "5214065000",
            "cashAndShortTermInvestments": "3644161000",
            "totalCurrentLiabilities": "5067855000",
            "currentDebt": "1222443000",
            "netIncome": "-73253000",
            "capitalExpenditures": "81365000",
            "operatingCashflow": "615149000",
            "grossProfit": "751785000",
            "totalRevenue": "1390103000",
            "sentiment": 0,
            "surprise": "0.07",
            "closePrice": "229.05"
        },
        {
            "fiscalDateEnding": "2021-10-31",
            "totalCurrentAssets": "4693708000",
            "cashAndShortTermInvestments": "3554981000",
            "totalCurrentLiabilities": "4275050000",
            "currentDebt": "1212215000",
            "netIncome": "43412000",
            "capitalExpenditures": "33339000",
            "operatingCashflow": "384654000",
            "grossProfit": "759756000",
            "totalRevenue": "1334862000",
            "sentiment": 0,
            "surprise": "0.24",
            "closePrice": "299.09"
        },
        {
            "fiscalDateEnding": "2021-07-31",
            "totalCurrentAssets": "4461114000",
            "cashAndShortTermInvestments": "3307958000",
            "totalCurrentLiabilities": "4274095000",
            "currentDebt": "1201964000",
            "netIncome": "105736000",
            "capitalExpenditures": "87852000",
            "operatingCashflow": "198473000",
            "grossProfit": "701846000",
            "totalRevenue": "1258938000",
            "sentiment": 0,
            "surprise": "0.45",
            "closePrice": "246.76"
        },
        {
            "fiscalDateEnding": "2021-04-30",
            "totalCurrentAssets": "3905797000",
            "cashAndShortTermInvestments": "2994529000",
            "totalCurrentLiabilities": "4210755000",
            "currentDebt": "1191722000",
            "netIncome": "-46522000",
            "capitalExpenditures": "241219000",
            "operatingCashflow": "452428000",
            "grossProfit": "647965000",
            "totalRevenue": "1169105000",
            "sentiment": 0,
            "surprise": "0.14",
            "closePrice": "237.07"
        },
        {
            "fiscalDateEnding": "2021-01-31",
            "totalCurrentAssets": "4802061000",
            "cashAndShortTermInvestments": "3535653000",
            "totalCurrentLiabilities": "4282648000",
            "currentDebt": "1103101000",
            "netIncome": "-71707000",
            "capitalExpenditures": "52431000",
            "operatingCashflow": "553746000",
            "grossProfit": "1131684000",
            "totalRevenue": "1131684000",
            "sentiment": 0,
            "surprise": "0.18",
            "closePrice": "251.19"
        },
        {
            "fiscalDateEnding": "2020-10-31",
            "totalCurrentAssets": "3958242000",
            "cashAndShortTermInvestments": "2947810000",
            "totalCurrentLiabilities": "3625205000",
            "currentDebt": "1091050000",
            "netIncome": "-24340000",
            "capitalExpenditures": "79269000",
            "operatingCashflow": "293802000",
            "grossProfit": "610832000",
            "totalRevenue": "1089590000",
            "sentiment": 0,
            "surprise": "0.19",
            "closePrice": "230.8"
        },
        {
            "fiscalDateEnding": "2020-07-31",
            "totalCurrentAssets": "3714181000",
            "cashAndShortTermInvestments": "1239696000",
            "totalCurrentLiabilities": "2553115000",
            "currentDebt": "37500000",
            "netIncome": "-28016000",
            "capitalExpenditures": "68319000",
            "operatingCashflow": "157210000",
            "grossProfit": "593724000",
            "totalRevenue": "1042665000",
            "sentiment": 0,
            "surprise": "0.18",
            "closePrice": "216.63"
        },
        {
            "fiscalDateEnding": "2020-04-30",
            "totalCurrentAssets": "3450367000",
            "cashAndShortTermInvestments": "1214213000",
            "totalCurrentLiabilities": "2770963000",
            "currentDebt": "336901000",
            "netIncome": "-158368000",
            "capitalExpenditures": "62427000",
            "operatingCashflow": "263683000",
            "grossProfit": "517195000",
            "totalRevenue": "1002437000",
            "sentiment": 0,
            "surprise": "-0.04",
            "closePrice": "170.38"
        },
        {
            "fiscalDateEnding": "2020-01-31",
            "totalCurrentAssets": "3094622000",
            "cashAndShortTermInvestments": "731141000",
            "totalCurrentLiabilities": "2969404000",
            "currentDebt": "310466000",
            "netIncome": "-127958000",
            "capitalExpenditures": "147578000",
            "operatingCashflow": "297114000",
            "grossProfit": "976299000",
            "totalRevenue": "976299000",
            "sentiment": 0,
            "surprise": "0.1",
            "closePrice": "171.2"
        },
        {
            "fiscalDateEnding": "2019-10-31",
            "totalCurrentAssets": "2955420000",
            "cashAndShortTermInvestments": "912748000",
            "totalCurrentLiabilities": "2491389000",
            "currentDebt": "308609000",
            "netIncome": "-115729000",
            "capitalExpenditures": "55163000",
            "operatingCashflow": "258002000",
            "grossProfit": "474086000",
            "totalRevenue": "921997000",
            "sentiment": 0,
            "surprise": "0.16",
            "closePrice": "173.5"
        },
        {
            "fiscalDateEnding": "2019-07-31",
            "totalCurrentAssets": "2789032000",
            "cashAndShortTermInvestments": "619514000",
            "totalCurrentLiabilities": "3434264000",
            "currentDebt": "1298743000",
            "netIncome": "-120712000",
            "capitalExpenditures": "75576000",
            "operatingCashflow": "100319000",
            "grossProfit": "439732000",
            "totalRevenue": "873279000",
            "sentiment": 0,
            "surprise": "0.09",
            "closePrice": "187.65"
        },
        {
            "fiscalDateEnding": "2019-04-30",
            "totalCurrentAssets": "2665134000",
            "cashAndShortTermInvestments": "781772000",
            "totalCurrentLiabilities": "2443079000",
            "currentDebt": "235408000",
            "netIncome": "-116275000",
            "capitalExpenditures": "65535000",
            "operatingCashflow": "209163000",
            "grossProfit": "401898000",
            "totalRevenue": "820454000",
            "sentiment": 0,
            "surprise": "0.02",
            "closePrice": "212.87"
        },
        {
            "fiscalDateEnding": "2019-01-31",
            "totalCurrentAssets": "2700596000",
            "cashAndShortTermInvestments": "682681000",
            "totalCurrentLiabilities": "2430691000",
            "currentDebt": "232514000",
            "netIncome": "-104361000",
            "capitalExpenditures": "44872000",
            "operatingCashflow": "250513000",
            "grossProfit": "788628000",
            "totalRevenue": "788628000",
            "sentiment": 0,
            "surprise": "0.09",
            "closePrice": "197.93"
        },
        {
            "fiscalDateEnding": "2018-10-31",
            "totalCurrentAssets": "2271279000",
            "cashAndShortTermInvestments": "572763000",
            "totalCurrentLiabilities": "2055885000",
            "currentDebt": "229684000",
            "netIncome": "-153331000",
            "capitalExpenditures": "55427000",
            "operatingCashflow": "114296000",
            "grossProfit": "296492000",
            "totalRevenue": "739034000",
            "sentiment": 0,
            "surprise": "0.17",
            "closePrice": "145.3"
        },
        {
            "fiscalDateEnding": "2018-07-31",
            "totalCurrentAssets": "3614038000",
            "cashAndShortTermInvestments": "3145704000",
            "totalCurrentLiabilities": "1913947000",
            "currentDebt": "226877000",
            "netIncome": "-86156000",
            "capitalExpenditures": "53346000",
            "operatingCashflow": "57616000",
            "grossProfit": "344347000",
            "totalRevenue": "654205000",
            "sentiment": 0,
            "surprise": "0.05",
            "closePrice": "156.69"
        },
        {
            "fiscalDateEnding": "2018-04-30",
            "totalCurrentAssets": "3880809000",
            "cashAndShortTermInvestments": "1036045000",
            "totalCurrentLiabilities": "2196654000",
            "currentDebt": "570251000",
            "netIncome": "-74410000",
            "capitalExpenditures": "48862000",
            "operatingCashflow": "184233000",
            "grossProfit": "233901000",
            "totalRevenue": "618643000",
            "sentiment": 0,
            "surprise": "0.07",
            "closePrice": "130.96"
        },
        {
            "fiscalDateEnding": "2018-01-31",
            "totalCurrentAssets": "3956978000",
            "cashAndShortTermInvestments": "1134355000",
            "totalCurrentLiabilities": "2058874000",
            "currentDebt": "341509000",
            "netIncome": "-89100000",
            "capitalExpenditures": "36059000",
            "operatingCashflow": "126548000",
            "grossProfit": "582480000",
            "totalRevenue": "582480000",
            "sentiment": 0,
            "surprise": "0.08",
            "closePrice": "128.21"
        },
        {
            "fiscalDateEnding": "2017-10-31",
            "totalCurrentAssets": "3693772000",
            "cashAndShortTermInvestments": "1336984000",
            "totalCurrentLiabilities": "1749546000",
            "currentDebt": "336936000",
            "netIncome": "-85546000",
            "capitalExpenditures": "36356000",
            "operatingCashflow": "144031000",
            "grossProfit": "196445000",
            "totalRevenue": "555389000",
            "sentiment": 0,
            "surprise": "0.09",
            "closePrice": "106.54"
        },
        {
            "fiscalDateEnding": "2017-07-31",
            "totalCurrentAssets": "2586224000",
            "cashAndShortTermInvestments": "748599000",
            "totalCurrentLiabilities": "1676574000",
            "currentDebt": "332422000",
            "netIncome": "-82532000",
            "capitalExpenditures": "38528000",
            "operatingCashflow": "15126000",
            "grossProfit": "171384000",
            "totalRevenue": "525320000",
            "sentiment": 0,
            "surprise": "0.09",
            "closePrice": "107.54"
        },
        {
            "fiscalDateEnding": "2017-04-30",
            "totalCurrentAssets": "2533820000",
            "cashAndShortTermInvestments": "498931000",
            "totalCurrentLiabilities": "1289444000",
            "currentDebt": "None",
            "netIncome": "-64044000",
            "capitalExpenditures": "30593000",
            "operatingCashflow": "180022000",
            "grossProfit": "162660000",
            "totalRevenue": "479861000",
            "sentiment": 0,
            "surprise": "0.13",
            "closePrice": "101.5"
        },
        {
            "fiscalDateEnding": "2017-01-31",
            "totalCurrentAssets": "2524445000",
            "cashAndShortTermInvestments": "539923000",
            "totalCurrentLiabilities": "1285243000",
            "currentDebt": "None",
            "netIncome": "-81986000",
            "capitalExpenditures": "32278000",
            "operatingCashflow": "109731000",
            "grossProfit": "436672000",
            "totalRevenue": "439584000",
            "sentiment": 0,
            "surprise": "0.08",
            "closePrice": "90.19"
        },
        {
            "fiscalDateEnding": "2016-10-31",
            "totalCurrentAssets": "2294595000",
            "cashAndShortTermInvestments": "386557000",
            "totalCurrentLiabilities": "1098096000",
            "currentDebt": "None",
            "netIncome": "-114066000",
            "capitalExpenditures": "27518000",
            "operatingCashflow": "71556000",
            "grossProfit": "99619000",
            "totalRevenue": "413522000",
            "sentiment": 0,
            "surprise": "0.07",
            "closePrice": "81.6"
        },
        {
            "fiscalDateEnding": "2016-07-31",
            "totalCurrentAssets": "2430090000",
            "cashAndShortTermInvestments": "405529000",
            "totalCurrentLiabilities": "1007553000",
            "currentDebt": "None",
            "netIncome": "-108025000",
            "capitalExpenditures": "26539000",
            "operatingCashflow": "6522000",
            "grossProfit": "99706000",
            "totalRevenue": "373657000",
            "sentiment": 0,
            "surprise": "-0.02",
            "closePrice": "79.65"
        },
        {
            "fiscalDateEnding": "2016-04-30",
            "totalCurrentAssets": "2372131000",
            "cashAndShortTermInvestments": "404604000",
            "totalCurrentLiabilities": "970252000",
            "currentDebt": "None",
            "netIncome": "-80622000",
            "capitalExpenditures": "34478000",
            "operatingCashflow": "162817000",
            "grossProfit": "91205000",
            "totalRevenue": "347677000",
            "sentiment": 0,
            "surprise": "0.07",
            "closePrice": "75.84"
        },
        {
            "fiscalDateEnding": "2016-01-31",
            "totalCurrentAssets": "2362308000",
            "cashAndShortTermInvestments": "300087000",
            "totalCurrentLiabilities": "922679000",
            "currentDebt": "None",
            "netIncome": "-66258000",
            "capitalExpenditures": "41985000",
            "operatingCashflow": "98491000",
            "grossProfit": "323427000",
            "totalRevenue": "323427000",
            "sentiment": 0,
            "surprise": "0.03",
            "closePrice": "60.45"
        },
        {
            "fiscalDateEnding": "2015-10-31",
            "totalCurrentAssets": "2157075000",
            "cashAndShortTermInvestments": "219893000",
            "totalCurrentLiabilities": "751681000",
            "currentDebt": "80000",
            "netIncome": "-77811000",
            "capitalExpenditures": "37893000",
            "operatingCashflow": "52759000",
            "grossProfit": "71377000",
            "totalRevenue": "305266000",
            "sentiment": 0,
            "surprise": "0.03",
            "closePrice": "84.3"
        },
        {
            "fiscalDateEnding": "2015-07-31",
            "totalCurrentAssets": "2140528000",
            "cashAndShortTermInvestments": "230578000",
            "totalCurrentLiabilities": "706271000",
            "currentDebt": "743000",
            "netIncome": "-69421000",
            "capitalExpenditures": "25469000",
            "operatingCashflow": "15188000",
            "grossProfit": "63104000",
            "totalRevenue": "282696000",
            "sentiment": 0,
            "surprise": "0.08",
            "closePrice": "72.4"
        },
        {
            "fiscalDateEnding": "2015-04-30",
            "totalCurrentAssets": "2120993000",
            "cashAndShortTermInvestments": "270484000",
            "totalCurrentLiabilities": "666554000",
            "currentDebt": "1759000",
            "netIncome": "-61558000",
            "capitalExpenditures": "28320000",
            "operatingCashflow": "92199000",
            "grossProfit": "59144000",
            "totalRevenue": "250957000",
            "sentiment": 0,
            "surprise": "0.06",
            "closePrice": "92.49"
        },
        {
            "fiscalDateEnding": "2015-01-31",
            "totalCurrentAssets": "2108387000",
            "cashAndShortTermInvestments": "298192000",
            "totalCurrentLiabilities": "641265000",
            "currentDebt": "3207000",
            "netIncome": "-59466000",
            "capitalExpenditures": "37665000",
            "operatingCashflow": "48275000",
            "grossProfit": "226273000",
            "totalRevenue": "226273000",
            "sentiment": 0,
            "surprise": "0",
            "closePrice": "93.94"
        },
        {
            "fiscalDateEnding": "2014-10-31",
            "totalCurrentAssets": "2009746000",
            "cashAndShortTermInvestments": "192142000",
            "totalCurrentLiabilities": "537633000",
            "currentDebt": "4681000",
            "netIncome": "-59912000",
            "capitalExpenditures": "27699000",
            "operatingCashflow": "41042000",
            "grossProfit": "45548000",
            "totalRevenue": "215070000",
            "sentiment": 0,
            "surprise": "0.07",
            "closePrice": "92.49"
        },
        {
            "fiscalDateEnding": "2014-07-31",
            "totalCurrentAssets": "1980810000",
            "cashAndShortTermInvestments": "262634000",
            "totalCurrentLiabilities": "489465000",
            "currentDebt": "5133000",
            "netIncome": "-69215000",
            "capitalExpenditures": "28409000",
            "operatingCashflow": "-26117000",
            "grossProfit": "25594000",
            "totalRevenue": "186780000",
            "sentiment": 0,
            "surprise": "0.03",
            "closePrice": "90.3"
        },
        {
            "fiscalDateEnding": "2014-04-30",
            "totalCurrentAssets": "2013893000",
            "cashAndShortTermInvestments": "246001000",
            "totalCurrentLiabilities": "487320000",
            "currentDebt": "8442000",
            "netIncome": "-59389000",
            "capitalExpenditures": "9873000",
            "operatingCashflow": "21697000",
            "grossProfit": "22024000",
            "totalRevenue": "159737000",
            "sentiment": 0,
            "surprise": "0.02",
            "closePrice": "82.13"
        },
        {
            "fiscalDateEnding": "2014-01-31",
            "totalCurrentAssets": "2023658000",
            "cashAndShortTermInvestments": "581326000",
            "totalCurrentLiabilities": "421890000",
            "currentDebt": "9377000",
            "netIncome": "-55982000",
            "capitalExpenditures": "12341000",
            "operatingCashflow": "34793000",
            "grossProfit": "141866000",
            "totalRevenue": "141866000",
            "sentiment": 0,
            "surprise": "0.03",
            "closePrice": "100.28"
        },
        {
            "fiscalDateEnding": "2013-10-31",
            "totalCurrentAssets": "1405602000",
            "cashAndShortTermInvestments": "183460000",
            "totalCurrentLiabilities": "361702000",
            "currentDebt": "10044000",
            "netIncome": "-47534000",
            "capitalExpenditures": "16757000",
            "operatingCashflow": "7076000",
            "grossProfit": "79281000",
            "totalRevenue": "127872000",
            "sentiment": 0,
            "surprise": "0.05",
            "closePrice": "73.3"
        },
        {
            "fiscalDateEnding": "2013-07-31",
            "totalCurrentAssets": "1395395000",
            "cashAndShortTermInvestments": "437432000",
            "totalCurrentLiabilities": "310721000",
            "currentDebt": "10720000",
            "netIncome": "-35978000",
            "capitalExpenditures": "29732000",
            "operatingCashflow": "-12916000",
            "grossProfit": "66801000",
            "totalRevenue": "107555000",
            "sentiment": 0,
            "surprise": "0.05",
            "closePrice": "76.01"
        },
        {
            "fiscalDateEnding": "2013-04-30",
            "totalCurrentAssets": "893684000",
            "cashAndShortTermInvestments": "219264000",
            "totalCurrentLiabilities": "309132000",
            "currentDebt": "11179000",
            "netIncome": "-33015000",
            "capitalExpenditures": "1895000",
            "operatingCashflow": "17310000",
            "grossProfit": "54946000",
            "totalRevenue": "91645000",
            "sentiment": 0,
            "surprise": "0.03",
            "closePrice": "65.75"
        },
        {
            "fiscalDateEnding": "2013-01-31",
            "totalCurrentAssets": "884302000",
            "cashAndShortTermInvestments": "84158000",
            "totalCurrentLiabilities": "254774000",
            "currentDebt": "12008000",
            "netIncome": "-30944000",
            "capitalExpenditures": "9095000",
            "operatingCashflow": "5940000",
            "grossProfit": "48533000",
            "totalRevenue": "81519000",
            "sentiment": 0,
            "surprise": "0.05",
            "closePrice": "61.63"
        },
        {
            "fiscalDateEnding": "2012-10-31",
            "totalCurrentAssets": "881654000",
            "cashAndShortTermInvestments": "442980000",
            "totalCurrentLiabilities": "214894000",
            "currentDebt": "6946000",
            "netIncome": "-41471000",
            "capitalExpenditures": "801000",
            "operatingCashflow": "-9358000",
            "grossProfit": "42424000",
            "totalRevenue": "72618000",
            "sentiment": 0,
            "surprise": "0.18",
            "closePrice": "53.19"
        }
    ]
}