{
    "WDC": [
        {
            "fiscalDateEnding": "2023-12-31",
            "totalCurrentAssets": "7838000000",
            "cashAndShortTermInvestments": "2481000000",
            "totalCurrentLiabilities": "4693000000",
            "currentDebt": "1042000000",
            "netIncome": "-287000000",
            "capitalExpenditures": "150000000",
            "operatingCashflow": "-92000000",
            "grossProfit": "492000000",
            "totalRevenue": "2924000000",
            "sentiment": 0.16238478864249248,
            "surprise": "0.44",
            "closePrice": "60.33"
        },
        {
            "fiscalDateEnding": "2023-09-30",
            "totalCurrentAssets": "7577000000",
            "cashAndShortTermInvestments": "2032000000",
            "totalCurrentLiabilities": "5792000000",
            "currentDebt": "1850000000",
            "netIncome": "-685000000",
            "capitalExpenditures": "124000000",
            "operatingCashflow": "-626000000",
            "grossProfit": "99000000",
            "totalRevenue": "2739000000",
            "sentiment": 0.23361942439234298,
            "surprise": "0.14",
            "closePrice": "41.8"
        },
        {
            "fiscalDateEnding": "2023-06-30",
            "totalCurrentAssets": "7886000000",
            "cashAndShortTermInvestments": "2023000000",
            "totalCurrentLiabilities": "5434000000",
            "currentDebt": "1213000000",
            "netIncome": "-715000000",
            "capitalExpenditures": "119000000",
            "operatingCashflow": "-68000000",
            "grossProfit": "92000000",
            "totalRevenue": "2583000000",
            "sentiment": 0.04908613709069803,
            "surprise": "0.03",
            "closePrice": "42.56"
        },
        {
            "fiscalDateEnding": "2023-03-31",
            "totalCurrentAssets": "8483000000",
            "cashAndShortTermInvestments": "2220000000",
            "totalCurrentLiabilities": "5261000000",
            "currentDebt": "1175000000",
            "netIncome": "-572000000",
            "capitalExpenditures": "124000000",
            "operatingCashflow": "-381000000",
            "grossProfit": "286000000",
            "totalRevenue": "2723000000",
            "sentiment": 0.08394662144539791,
            "surprise": "0.2",
            "closePrice": "34.18"
        },
        {
            "fiscalDateEnding": "2022-12-31",
            "totalCurrentAssets": "8381000000",
            "cashAndShortTermInvestments": "1871000000",
            "totalCurrentLiabilities": "4382000000",
            "currentDebt": "38000000",
            "netIncome": "-451000000",
            "capitalExpenditures": "258000000",
            "operatingCashflow": "35000000",
            "grossProfit": "528000000",
            "totalRevenue": "3034000000",
            "sentiment": 0.1001412614970668,
            "surprise": "-0.3",
            "closePrice": "43.95"
        },
        {
            "fiscalDateEnding": "2022-09-30",
            "totalCurrentAssets": "9071000000",
            "cashAndShortTermInvestments": "2049000000",
            "totalCurrentLiabilities": "4966000000",
            "currentDebt": "None",
            "netIncome": "47000000",
            "capitalExpenditures": "320000000",
            "operatingCashflow": "6000000",
            "grossProfit": "981000000",
            "totalRevenue": "3665000000",
            "sentiment": -0.02931251254584015,
            "surprise": "-0.16",
            "closePrice": "34.34"
        },
        {
            "fiscalDateEnding": "2022-06-30",
            "totalCurrentAssets": "9453000000",
            "cashAndShortTermInvestments": "2327000000",
            "totalCurrentLiabilities": "5237000000",
            "currentDebt": "None",
            "netIncome": "301000000",
            "capitalExpenditures": "280000000",
            "operatingCashflow": "295000000",
            "grossProfit": "1445000000",
            "totalRevenue": "4464000000",
            "sentiment": -0.015634732872475014,
            "surprise": "0.05",
            "closePrice": "47.09"
        },
        {
            "fiscalDateEnding": "2022-03-31",
            "totalCurrentAssets": "9178000000",
            "cashAndShortTermInvestments": "2505000000",
            "totalCurrentLiabilities": "4397000000",
            "currentDebt": "None",
            "netIncome": "25000000",
            "capitalExpenditures": "291000000",
            "operatingCashflow": "398000000",
            "grossProfit": "1181000000",
            "totalRevenue": "4306000000",
            "sentiment": -0.06264158603917123,
            "surprise": "0.17",
            "closePrice": "52.61"
        },
        {
            "fiscalDateEnding": "2021-12-31",
            "totalCurrentAssets": "9535000000",
            "cashAndShortTermInvestments": "2531000000",
            "totalCurrentLiabilities": "4929000000",
            "currentDebt": "251000000",
            "netIncome": "564000000",
            "capitalExpenditures": "306000000",
            "operatingCashflow": "666000000",
            "grossProfit": "1583000000",
            "totalRevenue": "4757000000",
            "sentiment": 0,
            "surprise": "0.17",
            "closePrice": "53.84"
        },
        {
            "fiscalDateEnding": "2021-09-30",
            "totalCurrentAssets": "9856000000",
            "cashAndShortTermInvestments": "3290000000",
            "totalCurrentLiabilities": "4709000000",
            "currentDebt": "None",
            "netIncome": "610000000",
            "capitalExpenditures": "245000000",
            "operatingCashflow": "521000000",
            "grossProfit": "1665000000",
            "totalRevenue": "4973000000",
            "sentiment": 0,
            "surprise": "0.04",
            "closePrice": "57.28"
        },
        {
            "fiscalDateEnding": "2021-06-30",
            "totalCurrentAssets": "9757000000",
            "cashAndShortTermInvestments": "3370000000",
            "totalCurrentLiabilities": "4870000000",
            "currentDebt": "251000000",
            "netIncome": "622000000",
            "capitalExpenditures": "326000000",
            "operatingCashflow": "994000000",
            "grossProfit": "1566000000",
            "totalRevenue": "4845000000",
            "sentiment": 0,
            "surprise": "0.65",
            "closePrice": "64.94"
        },
        {
            "fiscalDateEnding": "2021-03-31",
            "totalCurrentAssets": "9032000000",
            "cashAndShortTermInvestments": "2734000000",
            "totalCurrentLiabilities": "4501000000",
            "currentDebt": "None",
            "netIncome": "197000000",
            "capitalExpenditures": "244000000",
            "operatingCashflow": "116000000",
            "grossProfit": "1091000000",
            "totalRevenue": "4056000000",
            "sentiment": 0,
            "surprise": "0.34",
            "closePrice": "71.13"
        },
        {
            "fiscalDateEnding": "2020-12-31",
            "totalCurrentAssets": "9109000000",
            "cashAndShortTermInvestments": "2956000000",
            "totalCurrentLiabilities": "4526000000",
            "currentDebt": "None",
            "netIncome": "62000000",
            "capitalExpenditures": "239000000",
            "operatingCashflow": "425000000",
            "grossProfit": "960000000",
            "totalRevenue": "3862000000",
            "sentiment": 0,
            "surprise": "0.15",
            "closePrice": "52.65"
        },
        {
            "fiscalDateEnding": "2020-09-30",
            "totalCurrentAssets": "9005000000",
            "cashAndShortTermInvestments": "2995000000",
            "totalCurrentLiabilities": "4429000000",
            "currentDebt": "None",
            "netIncome": "-60000000",
            "capitalExpenditures": "337000000",
            "operatingCashflow": "363000000",
            "grossProfit": "904000000",
            "totalRevenue": "3837000000",
            "sentiment": 0,
            "surprise": "0.1",
            "closePrice": "38.81"
        },
        {
            "fiscalDateEnding": "2020-06-30",
            "totalCurrentAssets": "9048000000",
            "cashAndShortTermInvestments": "3048000000",
            "totalCurrentLiabilities": "4406000000",
            "currentDebt": "None",
            "netIncome": "148000000",
            "capitalExpenditures": "215000000",
            "operatingCashflow": "172000000",
            "grossProfit": "1083000000",
            "totalRevenue": "4198000000",
            "sentiment": 0,
            "surprise": "0.01",
            "closePrice": "44.47"
        },
        {
            "fiscalDateEnding": "2020-03-31",
            "totalCurrentAssets": "8553000000",
            "cashAndShortTermInvestments": "2943000000",
            "totalCurrentLiabilities": "4471000000",
            "currentDebt": "None",
            "netIncome": "17000000",
            "capitalExpenditures": "127000000",
            "operatingCashflow": "142000000",
            "grossProfit": "1005000000",
            "totalRevenue": "4175000000",
            "sentiment": 0,
            "surprise": "-0.08",
            "closePrice": "46.08"
        },
        {
            "fiscalDateEnding": "2019-12-31",
            "totalCurrentAssets": "8627000000",
            "cashAndShortTermInvestments": "3137000000",
            "totalCurrentLiabilities": "4482000000",
            "currentDebt": "None",
            "netIncome": "-139000000",
            "capitalExpenditures": "160000000",
            "operatingCashflow": "257000000",
            "grossProfit": "935000000",
            "totalRevenue": "4234000000",
            "sentiment": 0,
            "surprise": "0.04",
            "closePrice": "66.0993316195373"
        },
        {
            "fiscalDateEnding": "2019-09-30",
            "totalCurrentAssets": "8500000000",
            "cashAndShortTermInvestments": "3248000000",
            "totalCurrentLiabilities": "4288000000",
            "currentDebt": "None",
            "netIncome": "-276000000",
            "capitalExpenditures": "145000000",
            "operatingCashflow": "253000000",
            "grossProfit": "758000000",
            "totalRevenue": "4040000000",
            "sentiment": 0,
            "surprise": "0.04",
            "closePrice": "60.8970156621054"
        },
        {
            "fiscalDateEnding": "2019-06-30",
            "totalCurrentAssets": "8477000000",
            "cashAndShortTermInvestments": "3455000000",
            "totalCurrentLiabilities": "3817000000",
            "currentDebt": "None",
            "netIncome": "-197000000",
            "capitalExpenditures": "154000000",
            "operatingCashflow": "169000000",
            "grossProfit": "465000000",
            "totalRevenue": "3634000000",
            "sentiment": 0,
            "surprise": "0",
            "closePrice": "52.3421047438361"
        },
        {
            "fiscalDateEnding": "2019-03-31",
            "totalCurrentAssets": "8902000000",
            "cashAndShortTermInvestments": "3682000000",
            "totalCurrentLiabilities": "4212000000",
            "currentDebt": "None",
            "netIncome": "-581000000",
            "capitalExpenditures": "222000000",
            "operatingCashflow": "204000000",
            "grossProfit": "579000000",
            "totalRevenue": "3556000000",
            "sentiment": 0,
            "surprise": "-0.29",
            "closePrice": "48.4762723083396"
        },
        {
            "fiscalDateEnding": "2018-12-31",
            "totalCurrentAssets": "9742000000",
            "cashAndShortTermInvestments": "4013000000",
            "totalCurrentLiabilities": "4350000000",
            "currentDebt": "None",
            "netIncome": "-487000000",
            "capitalExpenditures": "223000000",
            "operatingCashflow": "469000000",
            "grossProfit": "1044000000",
            "totalRevenue": "4115000000",
            "sentiment": 0,
            "surprise": "-0.06",
            "closePrice": "38.1375369251828"
        },
        {
            "fiscalDateEnding": "2018-09-30",
            "totalCurrentAssets": "10571000000",
            "cashAndShortTermInvestments": "4646000000",
            "totalCurrentLiabilities": "4385000000",
            "currentDebt": "None",
            "netIncome": "511000000",
            "capitalExpenditures": "277000000",
            "operatingCashflow": "705000000",
            "grossProfit": "1664000000",
            "totalRevenue": "4910000000",
            "sentiment": 0,
            "surprise": "0",
            "closePrice": "50.6293836406432"
        },
        {
            "fiscalDateEnding": "2018-06-30",
            "totalCurrentAssets": "10638000000",
            "cashAndShortTermInvestments": "5005000000",
            "totalCurrentLiabilities": "4456000000",
            "currentDebt": "None",
            "netIncome": "756000000",
            "capitalExpenditures": "192000000",
            "operatingCashflow": "863000000",
            "grossProfit": "1852000000",
            "totalRevenue": "5117000000",
            "sentiment": 0,
            "surprise": "0.12",
            "closePrice": "71.650045428898"
        },
        {
            "fiscalDateEnding": "2018-03-31",
            "totalCurrentAssets": "10164000000",
            "cashAndShortTermInvestments": "4963000000",
            "totalCurrentLiabilities": "4259000000",
            "currentDebt": "None",
            "netIncome": "61000000",
            "capitalExpenditures": "227000000",
            "operatingCashflow": "1027000000",
            "grossProfit": "1927000000",
            "totalRevenue": "3959000000",
            "sentiment": 0,
            "surprise": "0.33",
            "closePrice": "81.1789028894585"
        },
        {
            "fiscalDateEnding": "2017-12-31",
            "totalCurrentAssets": "11113000000",
            "cashAndShortTermInvestments": "6272000000",
            "totalCurrentLiabilities": "4353000000",
            "currentDebt": "None",
            "netIncome": "-823000000",
            "capitalExpenditures": "256000000",
            "operatingCashflow": "1182000000",
            "grossProfit": "2013000000",
            "totalRevenue": "5139000000",
            "sentiment": 0,
            "surprise": "0.16",
            "closePrice": "80.8078005702219"
        },
        {
            "fiscalDateEnding": "2017-09-30",
            "totalCurrentAssets": "11820000000",
            "cashAndShortTermInvestments": "6886000000",
            "totalCurrentLiabilities": "4469000000",
            "currentDebt": "None",
            "netIncome": "681000000",
            "capitalExpenditures": "160000000",
            "operatingCashflow": "1133000000",
            "grossProfit": "1913000000",
            "totalRevenue": "4975000000",
            "sentiment": 0,
            "surprise": "0.27",
            "closePrice": "81.578522361454"
        },
        {
            "fiscalDateEnding": "2017-06-30",
            "totalCurrentAssets": "11056000000",
            "cashAndShortTermInvestments": "6354000000",
            "totalCurrentLiabilities": "4344000000",
            "currentDebt": "None",
            "netIncome": "280000000",
            "capitalExpenditures": "125000000",
            "operatingCashflow": "939000000",
            "grossProfit": "1681000000",
            "totalRevenue": "4842000000",
            "sentiment": 0,
            "surprise": "0.12",
            "closePrice": "83.3976658011286"
        },
        {
            "fiscalDateEnding": "2017-03-31",
            "totalCurrentAssets": "10313000000",
            "cashAndShortTermInvestments": "5652000000",
            "totalCurrentLiabilities": "4309000000",
            "currentDebt": "None",
            "netIncome": "248000000",
            "capitalExpenditures": "123000000",
            "operatingCashflow": "998000000",
            "grossProfit": "1523000000",
            "totalRevenue": "4444000000",
            "sentiment": 0,
            "surprise": "0.25",
            "closePrice": "77.3673691292409"
        },
        {
            "fiscalDateEnding": "2016-12-31",
            "totalCurrentAssets": "9606000000",
            "cashAndShortTermInvestments": "4940000000",
            "totalCurrentLiabilities": "4088000000",
            "currentDebt": "None",
            "netIncome": "235000000",
            "capitalExpenditures": "146000000",
            "operatingCashflow": "1060000000",
            "grossProfit": "1533000000",
            "totalRevenue": "4683000000",
            "sentiment": 0,
            "surprise": "0.18",
            "closePrice": "71.790182649208"
        },
        {
            "fiscalDateEnding": "2016-09-30",
            "totalCurrentAssets": "9123000000",
            "cashAndShortTermInvestments": "4077000000",
            "totalCurrentLiabilities": "3919000000",
            "currentDebt": "None",
            "netIncome": "-366000000",
            "capitalExpenditures": "184000000",
            "operatingCashflow": "440000000",
            "grossProfit": "1335000000",
            "totalRevenue": "4474000000",
            "sentiment": 0,
            "surprise": "0.14",
            "closePrice": "50.3433870312176"
        },
        {
            "fiscalDateEnding": "2016-06-30",
            "totalCurrentAssets": "12584000000",
            "cashAndShortTermInvestments": "8151000000",
            "totalCurrentLiabilities": "6949000000",
            "currentDebt": "None",
            "netIncome": "-366000000",
            "capitalExpenditures": "151000000",
            "operatingCashflow": "355000000",
            "grossProfit": "821000000",
            "totalRevenue": "3495000000",
            "sentiment": 0,
            "surprise": "0.08",
            "closePrice": "47.4228150903929"
        },
        {
            "fiscalDateEnding": "2016-03-31",
            "totalCurrentAssets": "8740000000",
            "cashAndShortTermInvestments": "5887000000",
            "totalCurrentLiabilities": "2781000000",
            "currentDebt": "None",
            "netIncome": "74000000",
            "capitalExpenditures": "133000000",
            "operatingCashflow": "485000000",
            "grossProfit": "753000000",
            "totalRevenue": "2822000000",
            "sentiment": 0,
            "surprise": "-0.07",
            "closePrice": "40.2347119070337"
        },
        {
            "fiscalDateEnding": "2015-12-31",
            "totalCurrentAssets": "8948000000",
            "cashAndShortTermInvestments": "5363000000",
            "totalCurrentLiabilities": "3245000000",
            "currentDebt": "None",
            "netIncome": "251000000",
            "capitalExpenditures": "149000000",
            "operatingCashflow": "598000000",
            "grossProfit": "906000000",
            "totalRevenue": "3317000000",
            "sentiment": 0,
            "surprise": "0.06",
            "closePrice": "39.48363866956"
        },
        {
            "fiscalDateEnding": "2015-09-30",
            "totalCurrentAssets": "8655000000",
            "cashAndShortTermInvestments": "5081000000",
            "totalCurrentLiabilities": "3231000000",
            "currentDebt": "None",
            "netIncome": "283000000",
            "capitalExpenditures": "151000000",
            "operatingCashflow": "545000000",
            "grossProfit": "955000000",
            "totalRevenue": "3360000000",
            "sentiment": 0,
            "surprise": "0",
            "closePrice": "57.874417539845"
        },
        {
            "fiscalDateEnding": "2015-06-30",
            "totalCurrentAssets": "8513000000",
            "cashAndShortTermInvestments": "5024000000",
            "totalCurrentLiabilities": "3238000000",
            "currentDebt": "None",
            "netIncome": "220000000",
            "capitalExpenditures": "156000000",
            "operatingCashflow": "488000000",
            "grossProfit": "930000000",
            "totalRevenue": "3191000000",
            "sentiment": 0,
            "surprise": "0.07",
            "closePrice": "67.0779611455327"
        },
        {
            "fiscalDateEnding": "2015-03-31",
            "totalCurrentAssets": "8429000000",
            "cashAndShortTermInvestments": "4812000000",
            "totalCurrentLiabilities": "3218000000",
            "currentDebt": "None",
            "netIncome": "384000000",
            "capitalExpenditures": "150000000",
            "operatingCashflow": "684000000",
            "grossProfit": "1032000000",
            "totalRevenue": "3550000000",
            "sentiment": 0,
            "surprise": "-0.02",
            "closePrice": "82.8613003332124"
        },
        {
            "fiscalDateEnding": "2014-12-31",
            "totalCurrentAssets": "8660000000",
            "cashAndShortTermInvestments": "4902000000",
            "totalCurrentLiabilities": "3289000000",
            "currentDebt": "None",
            "netIncome": "438000000",
            "capitalExpenditures": "146000000",
            "operatingCashflow": "243000000",
            "grossProfit": "1110000000",
            "totalRevenue": "3888000000",
            "sentiment": 0,
            "surprise": "0.16",
            "closePrice": "82.1812799280893"
        },
        {
            "fiscalDateEnding": "2014-09-30",
            "totalCurrentAssets": "8990000000",
            "cashAndShortTermInvestments": "5159000000",
            "totalCurrentLiabilities": "3918000000",
            "currentDebt": "None",
            "netIncome": "423000000",
            "capitalExpenditures": "160000000",
            "operatingCashflow": "827000000",
            "grossProfit": "1149000000",
            "totalRevenue": "3943000000",
            "sentiment": 0,
            "surprise": "0.07",
            "closePrice": "78.073197017128"
        },
        {
            "fiscalDateEnding": "2014-06-30",
            "totalCurrentAssets": "8720000000",
            "cashAndShortTermInvestments": "4804000000",
            "totalCurrentLiabilities": "3845000000",
            "currentDebt": "None",
            "netIncome": "317000000",
            "capitalExpenditures": "161000000",
            "operatingCashflow": "712000000",
            "grossProfit": "1029000000",
            "totalRevenue": "3651000000",
            "sentiment": 0,
            "surprise": "0.11",
            "closePrice": "84.5015126867046"
        },
        {
            "fiscalDateEnding": "2014-03-31",
            "totalCurrentAssets": "8306000000",
            "cashAndShortTermInvestments": "4569000000",
            "totalCurrentLiabilities": "3747000000",
            "currentDebt": "None",
            "netIncome": "375000000",
            "capitalExpenditures": "161000000",
            "operatingCashflow": "698000000",
            "grossProfit": "1076000000",
            "totalRevenue": "3699000000",
            "sentiment": 0,
            "surprise": "0.06",
            "closePrice": "73.2495006871721"
        },
        {
            "fiscalDateEnding": "2013-12-31",
            "totalCurrentAssets": "8288000000",
            "cashAndShortTermInvestments": "4655000000",
            "totalCurrentLiabilities": "4620000000",
            "currentDebt": "None",
            "netIncome": "430000000",
            "capitalExpenditures": "170000000",
            "operatingCashflow": "726000000",
            "grossProfit": "1156000000",
            "totalRevenue": "3972000000",
            "sentiment": 0,
            "surprise": "0.11",
            "closePrice": "73.0043277517024"
        },
        {
            "fiscalDateEnding": "2013-09-30",
            "totalCurrentAssets": "8261000000",
            "cashAndShortTermInvestments": "4869000000",
            "totalCurrentLiabilities": "4427000000",
            "currentDebt": "None",
            "netIncome": "495000000",
            "capitalExpenditures": "136000000",
            "operatingCashflow": "680000000",
            "grossProfit": "1099000000",
            "totalRevenue": "3804000000",
            "sentiment": 0,
            "surprise": "0.07",
            "closePrice": "58.0440353929003"
        },
        {
            "fiscalDateEnding": "2013-06-30",
            "totalCurrentAssets": "7598000000",
            "cashAndShortTermInvestments": "4309000000",
            "totalCurrentLiabilities": "3973000000",
            "currentDebt": "None",
            "netIncome": "-265000000",
            "capitalExpenditures": "136000000",
            "operatingCashflow": "684000000",
            "grossProfit": "1050000000",
            "totalRevenue": "3728000000",
            "sentiment": 0,
            "surprise": "0.15",
            "closePrice": "55.3487207145068"
        },
        {
            "fiscalDateEnding": "2013-03-31",
            "totalCurrentAssets": "7340000000",
            "cashAndShortTermInvestments": "4060000000",
            "totalCurrentLiabilities": "3226000000",
            "currentDebt": "None",
            "netIncome": "391000000",
            "capitalExpenditures": "188000000",
            "operatingCashflow": "727000000",
            "grossProfit": "1061000000",
            "totalRevenue": "3764000000",
            "sentiment": 0,
            "surprise": "0.33",
            "closePrice": "43.1799151162623"
        },
        {
            "fiscalDateEnding": "2012-12-31",
            "totalCurrentAssets": "7175000000",
            "cashAndShortTermInvestments": "3816000000",
            "totalCurrentLiabilities": "3326000000",
            "currentDebt": "None",
            "netIncome": "335000000",
            "capitalExpenditures": "246000000",
            "operatingCashflow": "772000000",
            "grossProfit": "1059000000",
            "totalRevenue": "3824000000",
            "sentiment": 0,
            "surprise": "0.27",
            "closePrice": "38.2248349396625"
        },
        {
            "fiscalDateEnding": "2012-09-30",
            "totalCurrentAssets": "7186000000",
            "cashAndShortTermInvestments": "3537000000",
            "totalCurrentLiabilities": "3695000000",
            "currentDebt": "None",
            "netIncome": "519000000",
            "capitalExpenditures": "382000000",
            "operatingCashflow": "936000000",
            "grossProfit": "1193000000",
            "totalRevenue": "4035000000",
            "sentiment": 0,
            "surprise": "0.07",
            "closePrice": "28.4624091737927"
        },
        {
            "fiscalDateEnding": "2012-06-30",
            "totalCurrentAssets": "7141000000",
            "cashAndShortTermInvestments": "3208000000",
            "totalCurrentLiabilities": "4032000000",
            "currentDebt": "None",
            "netIncome": "745000000",
            "capitalExpenditures": "324000000",
            "operatingCashflow": "1129000000",
            "grossProfit": "1472000000",
            "totalRevenue": "4754000000",
            "sentiment": 0,
            "surprise": "0.88",
            "closePrice": "26.0268742286128"
        },
        {
            "fiscalDateEnding": "2012-03-31",
            "totalCurrentAssets": "7445000000",
            "cashAndShortTermInvestments": "3377000000",
            "totalCurrentLiabilities": "4535000000",
            "currentDebt": "None",
            "netIncome": "483000000",
            "capitalExpenditures": "140000000",
            "operatingCashflow": "1208000000",
            "grossProfit": "977000000",
            "totalRevenue": "3034000000",
            "sentiment": 0,
            "surprise": "0.93",
            "closePrice": "35.3490961959293"
        },
        {
            "fiscalDateEnding": "2011-12-31",
            "totalCurrentAssets": "5398000000",
            "cashAndShortTermInvestments": "3924000000",
            "totalCurrentLiabilities": "1552000000",
            "currentDebt": "None",
            "netIncome": "145000000",
            "capitalExpenditures": "119000000",
            "operatingCashflow": "378000000",
            "grossProfit": "648000000",
            "totalRevenue": "1995000000",
            "sentiment": 0,
            "surprise": "0.8",
            "closePrice": "27.82238387666"
        },
        {
            "fiscalDateEnding": "2011-09-30",
            "totalCurrentAssets": "5926000000",
            "cashAndShortTermInvestments": "3675000000",
            "totalCurrentLiabilities": "2354000000",
            "currentDebt": "None",
            "netIncome": "239000000",
            "capitalExpenditures": "134000000",
            "operatingCashflow": "352000000",
            "grossProfit": "541000000",
            "totalRevenue": "2694000000",
            "sentiment": 0,
            "surprise": "0.14",
            "closePrice": "19.5902927670864"
        },
        {
            "fiscalDateEnding": "2011-06-30",
            "totalCurrentAssets": "5487000000",
            "cashAndShortTermInvestments": "3490000000",
            "totalCurrentLiabilities": "2170000000",
            "currentDebt": "None",
            "netIncome": "158000000",
            "capitalExpenditures": "153000000",
            "operatingCashflow": "447000000",
            "grossProfit": "469000000",
            "totalRevenue": "2403000000",
            "sentiment": 0,
            "surprise": "0.14",
            "closePrice": "28.1590419356688"
        },
        {
            "fiscalDateEnding": "2011-03-31",
            "totalCurrentAssets": "5153000000",
            "cashAndShortTermInvestments": "3230000000",
            "totalCurrentLiabilities": "1995000000",
            "currentDebt": "None",
            "netIncome": "146000000",
            "capitalExpenditures": "175000000",
            "operatingCashflow": "313000000",
            "grossProfit": "410000000",
            "totalRevenue": "2252000000",
            "sentiment": 0,
            "surprise": "0",
            "closePrice": "32.5836907112137"
        },
        {
            "fiscalDateEnding": "2010-12-31",
            "totalCurrentAssets": "5120000000",
            "cashAndShortTermInvestments": "3110000000",
            "totalCurrentLiabilities": "2144000000",
            "currentDebt": "None",
            "netIncome": "225000000",
            "capitalExpenditures": "250000000",
            "operatingCashflow": "505000000",
            "grossProfit": "475000000",
            "totalRevenue": "2475000000",
            "sentiment": 0,
            "surprise": "0.38",
            "closePrice": "27.2051774351437"
        },
        {
            "fiscalDateEnding": "2010-09-30",
            "totalCurrentAssets": "4961000000",
            "cashAndShortTermInvestments": "2858000000",
            "totalCurrentLiabilities": "2174000000",
            "currentDebt": "None",
            "netIncome": "197000000",
            "capitalExpenditures": "200000000",
            "operatingCashflow": "390000000",
            "grossProfit": "437000000",
            "totalRevenue": "2396000000",
            "sentiment": 0,
            "surprise": "0.03",
            "closePrice": "24.2073175763507"
        },
        {
            "fiscalDateEnding": "2010-06-30",
            "totalCurrentAssets": "4720000000",
            "cashAndShortTermInvestments": "2734000000",
            "totalCurrentLiabilities": "2023000000",
            "currentDebt": "None",
            "netIncome": "265000000",
            "capitalExpenditures": "185000000",
            "operatingCashflow": "363000000",
            "grossProfit": "535000000",
            "totalRevenue": "2382000000",
            "sentiment": 0,
            "surprise": "-0.12",
            "closePrice": "24.1912862402074"
        },
        {
            "fiscalDateEnding": "2010-03-31",
            "totalCurrentAssets": "4778000000",
            "cashAndShortTermInvestments": "2826000000",
            "totalCurrentLiabilities": "1957000000",
            "currentDebt": "None",
            "netIncome": "400000000",
            "capitalExpenditures": "177000000",
            "operatingCashflow": "588000000",
            "grossProfit": "665000000",
            "totalRevenue": "2641000000",
            "sentiment": 0.06432968083441995,
            "surprise": "0.16",
            "closePrice": "32.6077377154286"
        },
        {
            "fiscalDateEnding": "2010-12-31",
            "totalCurrentAssets": "4416000000",
            "cashAndShortTermInvestments": "3110000000",
            "totalCurrentLiabilities": "2007000000",
            "currentDebt": "None",
            "netIncome": "429000000",
            "capitalExpenditures": "199000000",
            "operatingCashflow": "557000000",
            "grossProfit": "687000000",
            "totalRevenue": "2619000000",
            "sentiment": 0,
            "surprise": "0.38",
            "closePrice": "27.2051774351437"
        },
        {
            "fiscalDateEnding": "2009-09-30",
            "totalCurrentAssets": "3750000000",
            "cashAndShortTermInvestments": "2056000000",
            "totalCurrentLiabilities": "1749000000",
            "currentDebt": "None",
            "netIncome": "288000000",
            "capitalExpenditures": "176000000",
            "operatingCashflow": "434000000",
            "grossProfit": "514000000",
            "totalRevenue": "2208000000",
            "sentiment": 0,
            "surprise": "0.31",
            "closePrice": "29.7461442138534"
        }
    ]
}