{
    "WEX": [
        {
            "fiscalDateEnding": "2023-12-31",
            "totalCurrentAssets": "8935300000",
            "cashAndShortTermInvestments": "3997900000",
            "totalCurrentLiabilities": "8519200000",
            "currentDebt": "1041100000",
            "netIncome": "84900000",
            "capitalExpenditures": "41900000",
            "operatingCashflow": "761900000",
            "grossProfit": "407400000",
            "totalRevenue": "663300000",
            "sentiment": 0.38386195467013234,
            "surprise": "0.12",
            "closePrice": "207.03"
        },
        {
            "fiscalDateEnding": "2023-09-30",
            "totalCurrentAssets": "9131800000",
            "cashAndShortTermInvestments": "3583000000",
            "totalCurrentLiabilities": "8856300000",
            "currentDebt": "957300000",
            "netIncome": "18400000",
            "capitalExpenditures": "36400000",
            "operatingCashflow": "46500000",
            "grossProfit": "416300000",
            "totalRevenue": "651400000",
            "sentiment": 0.4116866599661253,
            "surprise": "0.28",
            "closePrice": "166.09"
        },
        {
            "fiscalDateEnding": "2023-06-30",
            "totalCurrentAssets": "8704600000",
            "cashAndShortTermInvestments": "3542500000",
            "totalCurrentLiabilities": "8334400000",
            "currentDebt": "723000000",
            "netIncome": "95300000",
            "capitalExpenditures": "34700000",
            "operatingCashflow": "72400000",
            "grossProfit": "386300000",
            "totalRevenue": "621300000",
            "sentiment": 0.4363914635936762,
            "surprise": "0.12",
            "closePrice": "191.05"
        },
        {
            "fiscalDateEnding": "2023-03-31",
            "totalCurrentAssets": "8051200000",
            "cashAndShortTermInvestments": "3400200000",
            "totalCurrentLiabilities": "7502600000",
            "currentDebt": "290400000",
            "netIncome": "68000000",
            "capitalExpenditures": "35100000",
            "operatingCashflow": "27100000",
            "grossProfit": "364700000",
            "totalRevenue": "612000000",
            "sentiment": 0.17342720682795945,
            "surprise": "0.11",
            "closePrice": "173.29"
        },
        {
            "fiscalDateEnding": "2022-12-31",
            "totalCurrentAssets": "6817100000",
            "cashAndShortTermInvestments": "2317300000",
            "totalCurrentLiabilities": "6294100000",
            "currentDebt": "202600000",
            "netIncome": "88693000",
            "capitalExpenditures": "37399000",
            "operatingCashflow": "572825000",
            "grossProfit": "366761000",
            "totalRevenue": "618611000",
            "sentiment": 0.33124746435893304,
            "surprise": "0.22",
            "closePrice": "199.77"
        },
        {
            "fiscalDateEnding": "2022-09-30",
            "totalCurrentAssets": "7198727000",
            "cashAndShortTermInvestments": "2138811000",
            "totalCurrentLiabilities": "6414257000",
            "currentDebt": "156483000",
            "netIncome": "-44100000",
            "capitalExpenditures": "33213000",
            "operatingCashflow": "428000000",
            "grossProfit": "364000000",
            "totalRevenue": "616100000",
            "sentiment": 0.18955145141749924,
            "surprise": "0.09",
            "closePrice": "158.65"
        },
        {
            "fiscalDateEnding": "2022-06-30",
            "totalCurrentAssets": "7426034000",
            "cashAndShortTermInvestments": "1881216000",
            "totalCurrentLiabilities": "6398878000",
            "currentDebt": "175834000",
            "netIncome": "34100000",
            "capitalExpenditures": "21438000",
            "operatingCashflow": "-152700000",
            "grossProfit": "373900000",
            "totalRevenue": "598200000",
            "sentiment": 0.05060075675080527,
            "surprise": "0.33",
            "closePrice": "170.12"
        },
        {
            "fiscalDateEnding": "2022-03-31",
            "totalCurrentAssets": "6337739000",
            "cashAndShortTermInvestments": "1555257000",
            "totalCurrentLiabilities": "5253445000",
            "currentDebt": "157622000",
            "netIncome": "88500000",
            "capitalExpenditures": "24163000",
            "operatingCashflow": "-168700000",
            "grossProfit": "315300000",
            "totalRevenue": "517500000",
            "sentiment": 0.054263718433818164,
            "surprise": "0.19",
            "closePrice": "165.89"
        },
        {
            "fiscalDateEnding": "2021-12-31",
            "totalCurrentAssets": "5299512000",
            "cashAndShortTermInvestments": "1537577000",
            "totalCurrentLiabilities": "4399699000",
            "currentDebt": "155769000",
            "netIncome": "51113000",
            "capitalExpenditures": "30557000",
            "operatingCashflow": "-32224000",
            "grossProfit": "304795000",
            "totalRevenue": "497538000",
            "sentiment": 0,
            "surprise": "0.13",
            "closePrice": "168.96"
        },
        {
            "fiscalDateEnding": "2021-09-30",
            "totalCurrentAssets": "4435754000",
            "cashAndShortTermInvestments": "533830000",
            "totalCurrentLiabilities": "3604635000",
            "currentDebt": "183244000",
            "netIncome": "51734000",
            "capitalExpenditures": "18444000",
            "operatingCashflow": "111627000",
            "grossProfit": "302834000",
            "totalRevenue": "482764000",
            "sentiment": 0,
            "surprise": "0.18",
            "closePrice": "160.84"
        },
        {
            "fiscalDateEnding": "2021-06-30",
            "totalCurrentAssets": "4093922000",
            "cashAndShortTermInvestments": "425322000",
            "totalCurrentLiabilities": "3515759000",
            "currentDebt": "146470000",
            "netIncome": "9967000",
            "capitalExpenditures": "18760000",
            "operatingCashflow": "95313000",
            "grossProfit": "287832000",
            "totalRevenue": "459483000",
            "sentiment": 0,
            "surprise": "0.36",
            "closePrice": "194.61"
        },
        {
            "fiscalDateEnding": "2021-03-31",
            "totalCurrentAssets": "3708411000",
            "cashAndShortTermInvestments": "561199000",
            "totalCurrentLiabilities": "3307745000",
            "currentDebt": "354298000",
            "netIncome": "22479000",
            "capitalExpenditures": "18280000",
            "operatingCashflow": "-217295000",
            "grossProfit": "252972000",
            "totalRevenue": "410757000",
            "sentiment": 0,
            "surprise": "0.13",
            "closePrice": "212.23"
        },
        {
            "fiscalDateEnding": "2020-12-31",
            "totalCurrentAssets": "3502847000",
            "cashAndShortTermInvestments": "852033000",
            "totalCurrentLiabilities": "2740853000",
            "currentDebt": "152730000",
            "netIncome": "-224075000",
            "capitalExpenditures": "20820000",
            "operatingCashflow": "-37652000",
            "grossProfit": "230419000",
            "totalRevenue": "398990000",
            "sentiment": 0,
            "surprise": "-0.01",
            "closePrice": "230.0"
        },
        {
            "fiscalDateEnding": "2020-09-30",
            "totalCurrentAssets": "4031089000",
            "cashAndShortTermInvestments": "1521622000",
            "totalCurrentLiabilities": "2672409000",
            "currentDebt": "127084000",
            "netIncome": "-58961000",
            "capitalExpenditures": "18193000",
            "operatingCashflow": "48510000",
            "grossProfit": "225244000",
            "totalRevenue": "382116000",
            "sentiment": 0,
            "surprise": "-0.12",
            "closePrice": "126.0"
        },
        {
            "fiscalDateEnding": "2020-06-30",
            "totalCurrentAssets": "3560845000",
            "cashAndShortTermInvestments": "1271523000",
            "totalCurrentLiabilities": "2589622000",
            "currentDebt": "119374000",
            "netIncome": "12718000",
            "capitalExpenditures": "20793000",
            "operatingCashflow": "385723000",
            "grossProfit": "185184000",
            "totalRevenue": "347084000",
            "sentiment": 0,
            "surprise": "-0.17",
            "closePrice": "160.03"
        },
        {
            "fiscalDateEnding": "2020-03-31",
            "totalCurrentAssets": "3311692000",
            "cashAndShortTermInvestments": "861188000",
            "totalCurrentLiabilities": "2485719000",
            "currentDebt": "147219000",
            "netIncome": "-13632000",
            "capitalExpenditures": "20665000",
            "operatingCashflow": "340223000",
            "grossProfit": "245847000",
            "totalRevenue": "431679000",
            "sentiment": 0,
            "surprise": "-0.24",
            "closePrice": "137.89"
        },
        {
            "fiscalDateEnding": "2019-12-31",
            "totalCurrentAssets": "3842375000",
            "cashAndShortTermInvestments": "818932000",
            "totalCurrentLiabilities": "3049943000",
            "currentDebt": "248531000",
            "netIncome": "65584000",
            "capitalExpenditures": "23765000",
            "operatingCashflow": "457936000",
            "grossProfit": "259960000",
            "totalRevenue": "440045000",
            "sentiment": 0,
            "surprise": "0.05",
            "closePrice": "228.62"
        },
        {
            "fiscalDateEnding": "2019-09-30",
            "totalCurrentAssets": "4054458000",
            "cashAndShortTermInvestments": "531410000",
            "totalCurrentLiabilities": "3113314000",
            "currentDebt": "196586000",
            "netIncome": "43078000",
            "capitalExpenditures": "30841000",
            "operatingCashflow": "125829000",
            "grossProfit": "294284000",
            "totalRevenue": "459963000",
            "sentiment": 0,
            "surprise": "0",
            "closePrice": "189.18"
        },
        {
            "fiscalDateEnding": "2019-06-30",
            "totalCurrentAssets": "4307735000",
            "cashAndShortTermInvestments": "768393000",
            "totalCurrentLiabilities": "3037054000",
            "currentDebt": "173627000",
            "netIncome": "31527000",
            "capitalExpenditures": "19869000",
            "operatingCashflow": "9296000",
            "grossProfit": "281034000",
            "totalRevenue": "441807000",
            "sentiment": 0,
            "surprise": "0.02",
            "closePrice": "202.92"
        },
        {
            "fiscalDateEnding": "2019-03-31",
            "totalCurrentAssets": "3645164000",
            "cashAndShortTermInvestments": "387274000",
            "totalCurrentLiabilities": "2616428000",
            "currentDebt": "184357000",
            "netIncome": "16134000",
            "capitalExpenditures": "28385000",
            "operatingCashflow": "70110000",
            "grossProfit": "228643000",
            "totalRevenue": "381876000",
            "sentiment": 0,
            "surprise": "0.03",
            "closePrice": "204.24"
        },
        {
            "fiscalDateEnding": "2018-12-31",
            "totalCurrentAssets": "3398126000",
            "cashAndShortTermInvestments": "547898000",
            "totalCurrentLiabilities": "2311571000",
            "currentDebt": "216517000",
            "netIncome": "21257000",
            "capitalExpenditures": "33736000",
            "operatingCashflow": "212543000",
            "grossProfit": "243625000",
            "totalRevenue": "381196000",
            "sentiment": 0,
            "surprise": "0.02",
            "closePrice": "182.28"
        },
        {
            "fiscalDateEnding": "2018-09-30",
            "totalCurrentAssets": "3908678000",
            "cashAndShortTermInvestments": "533361000",
            "totalCurrentLiabilities": "2612465000",
            "currentDebt": "238864000",
            "netIncome": "56644000",
            "capitalExpenditures": "18792000",
            "operatingCashflow": "254352000",
            "grossProfit": "239779000",
            "totalRevenue": "386617000",
            "sentiment": 0,
            "surprise": "0.07",
            "closePrice": "175.96"
        },
        {
            "fiscalDateEnding": "2018-06-30",
            "totalCurrentAssets": "3671259000",
            "cashAndShortTermInvestments": "310784000",
            "totalCurrentLiabilities": "2549312000",
            "currentDebt": "379538000",
            "netIncome": "38424000",
            "capitalExpenditures": "19854000",
            "operatingCashflow": "-154472000",
            "grossProfit": "235730000",
            "totalRevenue": "370798000",
            "sentiment": 0,
            "surprise": "0.04",
            "closePrice": "188.94"
        },
        {
            "fiscalDateEnding": "2018-03-31",
            "totalCurrentAssets": "3421209000",
            "cashAndShortTermInvestments": "373169000",
            "totalCurrentLiabilities": "2356889000",
            "currentDebt": "300710000",
            "netIncome": "51970000",
            "capitalExpenditures": "14770000",
            "operatingCashflow": "87806000",
            "grossProfit": "225435000",
            "totalRevenue": "354028000",
            "sentiment": 0,
            "surprise": "0.08",
            "closePrice": "167.12"
        },
        {
            "fiscalDateEnding": "2017-12-31",
            "totalCurrentAssets": "3206059000",
            "cashAndShortTermInvestments": "514870000",
            "totalCurrentLiabilities": "2575856000",
            "currentDebt": "397218000",
            "netIncome": "87181000",
            "capitalExpenditures": "23181000",
            "operatingCashflow": "179973000",
            "grossProfit": "197004000",
            "totalRevenue": "331579000",
            "sentiment": 0,
            "surprise": "0.03",
            "closePrice": "154.3"
        },
        {
            "fiscalDateEnding": "2017-09-30",
            "totalCurrentAssets": "401963000",
            "cashAndShortTermInvestments": "251118000",
            "totalCurrentLiabilities": "1167728000",
            "currentDebt": "None",
            "netIncome": "26232000",
            "capitalExpenditures": "18615000",
            "operatingCashflow": "47216000",
            "grossProfit": "185870000",
            "totalRevenue": "320677000",
            "sentiment": 0,
            "surprise": "0.02",
            "closePrice": "121.48"
        },
        {
            "fiscalDateEnding": "2017-06-30",
            "totalCurrentAssets": "340965000",
            "cashAndShortTermInvestments": "219001000",
            "totalCurrentLiabilities": "1047830000",
            "currentDebt": "None",
            "netIncome": "19770000",
            "capitalExpenditures": "15787000",
            "operatingCashflow": "-30818000",
            "grossProfit": "175381000",
            "totalRevenue": "303868000",
            "sentiment": 0,
            "surprise": "0.01",
            "closePrice": "111.27"
        },
        {
            "fiscalDateEnding": "2017-03-31",
            "totalCurrentAssets": "305180000",
            "cashAndShortTermInvestments": "203995000",
            "totalCurrentLiabilities": "964922000",
            "currentDebt": "None",
            "netIncome": "26879000",
            "capitalExpenditures": "21693000",
            "operatingCashflow": "-60944000",
            "grossProfit": "176037000",
            "totalRevenue": "292453000",
            "sentiment": 0,
            "surprise": "0.02",
            "closePrice": "102.45"
        },
        {
            "fiscalDateEnding": "2016-12-31",
            "totalCurrentAssets": "294020000",
            "cashAndShortTermInvestments": "196603000",
            "totalCurrentLiabilities": "940579000",
            "currentDebt": "None",
            "netIncome": "5288000",
            "capitalExpenditures": "20783000",
            "operatingCashflow": "-60313000",
            "grossProfit": "290840000",
            "totalRevenue": "188296000",
            "sentiment": 0,
            "surprise": "0.03",
            "closePrice": "113.52"
        },
        {
            "fiscalDateEnding": "2016-09-30",
            "totalCurrentAssets": "626402000",
            "cashAndShortTermInvestments": "537150000",
            "totalCurrentLiabilities": "998624000",
            "currentDebt": "None",
            "netIncome": "19696000",
            "capitalExpenditures": "9274000",
            "operatingCashflow": "-24097000",
            "grossProfit": "92892000",
            "totalRevenue": "324235000",
            "sentiment": 0,
            "surprise": "0.12",
            "closePrice": "112.79"
        },
        {
            "fiscalDateEnding": "2016-06-30",
            "totalCurrentAssets": "405088000",
            "cashAndShortTermInvestments": "317847000",
            "totalCurrentLiabilities": "769002000",
            "currentDebt": "None",
            "netIncome": "12567000",
            "capitalExpenditures": "15248000",
            "operatingCashflow": "-143191000",
            "grossProfit": "75219000",
            "totalRevenue": "258059000",
            "sentiment": 0,
            "surprise": "0.06",
            "closePrice": "95.28"
        },
        {
            "fiscalDateEnding": "2016-03-31",
            "totalCurrentAssets": "601600000",
            "cashAndShortTermInvestments": "515322000",
            "totalCurrentLiabilities": "617159000",
            "currentDebt": "None",
            "netIncome": "23086000",
            "capitalExpenditures": "20494000",
            "operatingCashflow": "86415000",
            "grossProfit": "60632000",
            "totalRevenue": "216746000",
            "sentiment": 0,
            "surprise": "0.09",
            "closePrice": "95.67"
        },
        {
            "fiscalDateEnding": "2015-12-31",
            "totalCurrentAssets": "373368000",
            "cashAndShortTermInvestments": "285644000",
            "totalCurrentLiabilities": "534991000",
            "currentDebt": "None",
            "netIncome": "20901000",
            "capitalExpenditures": "16374000",
            "operatingCashflow": "197515000",
            "grossProfit": "212163000",
            "totalRevenue": "212642000",
            "sentiment": 0,
            "surprise": "-0.51",
            "closePrice": "60.14"
        },
        {
            "fiscalDateEnding": "2015-09-30",
            "totalCurrentAssets": "625382000",
            "cashAndShortTermInvestments": "533626000",
            "totalCurrentLiabilities": "703819000",
            "currentDebt": "None",
            "netIncome": "32166000",
            "capitalExpenditures": "19416000",
            "operatingCashflow": "194570000",
            "grossProfit": "83472000",
            "totalRevenue": "224464000",
            "sentiment": 0,
            "surprise": "-0.13",
            "closePrice": "84.66"
        },
        {
            "fiscalDateEnding": "2015-06-30",
            "totalCurrentAssets": "288591000",
            "cashAndShortTermInvestments": "184332000",
            "totalCurrentLiabilities": "722391000",
            "currentDebt": "None",
            "netIncome": "26492000",
            "capitalExpenditures": "15627000",
            "operatingCashflow": "-118632000",
            "grossProfit": "70744000",
            "totalRevenue": "206152000",
            "sentiment": 0,
            "surprise": "0",
            "closePrice": "103.56"
        },
        {
            "fiscalDateEnding": "2015-03-31",
            "totalCurrentAssets": "511017000",
            "cashAndShortTermInvestments": "511017000",
            "totalCurrentLiabilities": "645116000",
            "currentDebt": "None",
            "netIncome": "22345000",
            "capitalExpenditures": "12074000",
            "operatingCashflow": "171647000",
            "grossProfit": "52945000",
            "totalRevenue": "193486000",
            "sentiment": 0,
            "surprise": "0.11",
            "closePrice": "115.15"
        },
        {
            "fiscalDateEnding": "2014-12-31",
            "totalCurrentAssets": "290690000",
            "cashAndShortTermInvestments": "290690000",
            "totalCurrentLiabilities": "563183000",
            "currentDebt": "None",
            "netIncome": "47893000",
            "capitalExpenditures": "18730000",
            "operatingCashflow": "299052000",
            "grossProfit": "211864000",
            "totalRevenue": "211864000",
            "sentiment": 0,
            "surprise": "-0.16",
            "closePrice": "99.49"
        },
        {
            "fiscalDateEnding": "2014-09-30",
            "totalCurrentAssets": "576706000",
            "cashAndShortTermInvestments": "576706000",
            "totalCurrentLiabilities": "778247000",
            "currentDebt": "None",
            "netIncome": "74443000",
            "capitalExpenditures": "16799000",
            "operatingCashflow": "170723000",
            "grossProfit": "93754000",
            "totalRevenue": "232622000",
            "sentiment": 0,
            "surprise": "0.22",
            "closePrice": "108.14"
        },
        {
            "fiscalDateEnding": "2014-06-30",
            "totalCurrentAssets": "319023000",
            "cashAndShortTermInvestments": "319023000",
            "totalCurrentLiabilities": "799758000",
            "currentDebt": "None",
            "netIncome": "43333000",
            "capitalExpenditures": "11222000",
            "operatingCashflow": "-95606000",
            "grossProfit": "94192000",
            "totalRevenue": "194417000",
            "sentiment": 0,
            "surprise": "0.16",
            "closePrice": "110.09"
        },
        {
            "fiscalDateEnding": "2014-03-31",
            "totalCurrentAssets": "354772000",
            "cashAndShortTermInvestments": "354772000",
            "totalCurrentLiabilities": "733144000",
            "currentDebt": "None",
            "netIncome": "36542000",
            "capitalExpenditures": "11382000",
            "operatingCashflow": "-77756000",
            "grossProfit": "74490000",
            "totalRevenue": "172385000",
            "sentiment": 0,
            "surprise": "0.02",
            "closePrice": "95.97"
        },
        {
            "fiscalDateEnding": "2013-12-31",
            "totalCurrentAssets": "361486000",
            "cashAndShortTermInvestments": "361486000",
            "totalCurrentLiabilities": "1625000",
            "currentDebt": "None",
            "netIncome": "34468000",
            "capitalExpenditures": "9333000",
            "operatingCashflow": "64839000",
            "grossProfit": "182283000",
            "totalRevenue": "182283000",
            "sentiment": 0,
            "surprise": "0.04",
            "closePrice": "85.5"
        },
        {
            "fiscalDateEnding": "2013-09-30",
            "totalCurrentAssets": "391171000",
            "cashAndShortTermInvestments": "391171000",
            "totalCurrentLiabilities": "786681000",
            "currentDebt": "None",
            "netIncome": "43838000",
            "capitalExpenditures": "17105000",
            "operatingCashflow": "-57688000",
            "grossProfit": "91933000",
            "totalRevenue": "188502000",
            "sentiment": 0,
            "surprise": "0.1",
            "closePrice": "91.09"
        },
        {
            "fiscalDateEnding": "2013-06-30",
            "totalCurrentAssets": "299559000",
            "cashAndShortTermInvestments": "299559000",
            "totalCurrentLiabilities": "799314000",
            "currentDebt": "None",
            "netIncome": "42213000",
            "capitalExpenditures": "7457000",
            "operatingCashflow": "3834000",
            "grossProfit": "76807000",
            "totalRevenue": "171260000",
            "sentiment": 0,
            "surprise": "0.01",
            "closePrice": "86.94"
        },
        {
            "fiscalDateEnding": "2013-03-31",
            "totalCurrentAssets": "349720000",
            "cashAndShortTermInvestments": "349720000",
            "totalCurrentLiabilities": "781635000",
            "currentDebt": "None",
            "netIncome": "28689000",
            "capitalExpenditures": "5560000",
            "operatingCashflow": "28566000",
            "grossProfit": "69465000",
            "totalRevenue": "160172000",
            "sentiment": 0,
            "surprise": "0.02",
            "closePrice": "67.91"
        },
        {
            "fiscalDateEnding": "2012-12-31",
            "totalCurrentAssets": "197662000",
            "cashAndShortTermInvestments": "197662000",
            "totalCurrentLiabilities": "1313000",
            "currentDebt": "None",
            "netIncome": "29053000",
            "capitalExpenditures": "6240000",
            "operatingCashflow": "97117000",
            "grossProfit": "168998000",
            "totalRevenue": "168998000",
            "sentiment": 0,
            "surprise": "0.01",
            "closePrice": "74.46"
        },
        {
            "fiscalDateEnding": "2012-09-30",
            "totalCurrentAssets": "435303000",
            "cashAndShortTermInvestments": "435303000",
            "totalCurrentLiabilities": "2154773000",
            "currentDebt": "None",
            "netIncome": "14298000",
            "capitalExpenditures": "5862000",
            "operatingCashflow": "25247000",
            "grossProfit": "46325000",
            "totalRevenue": "153198000",
            "sentiment": 0,
            "surprise": "-0.05",
            "closePrice": "73.78"
        },
        {
            "fiscalDateEnding": "2012-06-30",
            "totalCurrentAssets": "208002000",
            "cashAndShortTermInvestments": "208002000",
            "totalCurrentLiabilities": "1864278000",
            "currentDebt": "None",
            "netIncome": "30335000",
            "capitalExpenditures": "10966000",
            "operatingCashflow": "-12315000",
            "grossProfit": "74914000",
            "totalRevenue": "146118000",
            "sentiment": 0,
            "surprise": "0.02",
            "closePrice": "60.03"
        },
        {
            "fiscalDateEnding": "2012-03-31",
            "totalCurrentAssets": "31157000",
            "cashAndShortTermInvestments": "30443000",
            "totalCurrentLiabilities": "1358087000",
            "currentDebt": "None",
            "netIncome": "23236000",
            "capitalExpenditures": "4968000",
            "operatingCashflow": "-38238000",
            "grossProfit": "67780000",
            "totalRevenue": "133948000",
            "sentiment": 0,
            "surprise": "0.01",
            "closePrice": "60.29"
        },
        {
            "fiscalDateEnding": "2011-12-31",
            "totalCurrentAssets": "25791000",
            "cashAndShortTermInvestments": "25791000",
            "totalCurrentLiabilities": "1164518000",
            "currentDebt": "None",
            "netIncome": "32792000",
            "capitalExpenditures": "8627000",
            "operatingCashflow": "125643000",
            "grossProfit": "139836000",
            "totalRevenue": "139836000",
            "sentiment": 0,
            "surprise": "0.07",
            "closePrice": "61.89"
        },
        {
            "fiscalDateEnding": "2011-09-30",
            "totalCurrentAssets": "49323000",
            "cashAndShortTermInvestments": "42077000",
            "totalCurrentLiabilities": "1718837000",
            "currentDebt": "None",
            "netIncome": "48100000",
            "capitalExpenditures": "7445000",
            "operatingCashflow": "34305000",
            "grossProfit": "73941000",
            "totalRevenue": "140897000",
            "sentiment": 0,
            "surprise": "0.06",
            "closePrice": "50.06"
        },
        {
            "fiscalDateEnding": "2011-06-30",
            "totalCurrentAssets": "57012000",
            "cashAndShortTermInvestments": "57012000",
            "totalCurrentLiabilities": "1435379000",
            "currentDebt": "None",
            "netIncome": "40615000",
            "capitalExpenditures": "5994000",
            "operatingCashflow": "-64252000",
            "grossProfit": "70982000",
            "totalRevenue": "133687000",
            "sentiment": 0,
            "surprise": "0.04",
            "closePrice": "47.21"
        },
        {
            "fiscalDateEnding": "2011-03-31",
            "totalCurrentAssets": "35862000",
            "cashAndShortTermInvestments": "35862000",
            "totalCurrentLiabilities": "1292419000",
            "currentDebt": "None",
            "netIncome": "12115000",
            "capitalExpenditures": "6423000",
            "operatingCashflow": "-44528000",
            "grossProfit": "56725000",
            "totalRevenue": "113153000",
            "sentiment": 0,
            "surprise": "0.06",
            "closePrice": "55.2"
        },
        {
            "fiscalDateEnding": "2010-12-31",
            "totalCurrentAssets": "18045000",
            "cashAndShortTermInvestments": "18045000",
            "totalCurrentLiabilities": "1013910000",
            "currentDebt": "None",
            "netIncome": "18468000",
            "capitalExpenditures": "8566000",
            "operatingCashflow": "-15318000",
            "grossProfit": "114896000",
            "totalRevenue": "114896000",
            "sentiment": 0,
            "surprise": "0.03",
            "closePrice": "52.23"
        },
        {
            "fiscalDateEnding": "2010-09-30",
            "totalCurrentAssets": "26044000",
            "cashAndShortTermInvestments": "26044000",
            "totalCurrentLiabilities": "1453051000",
            "currentDebt": "None",
            "netIncome": "20571000",
            "capitalExpenditures": "6923000",
            "operatingCashflow": "21652000",
            "grossProfit": "54169000",
            "totalRevenue": "104732000",
            "sentiment": 0,
            "surprise": "0.04",
            "closePrice": "44.89"
        },
        {
            "fiscalDateEnding": "2010-06-30",
            "totalCurrentAssets": "19602000",
            "cashAndShortTermInvestments": "13208000",
            "totalCurrentLiabilities": "1042084000",
            "currentDebt": "None",
            "netIncome": "30036000",
            "capitalExpenditures": "6792000",
            "operatingCashflow": "-23204000",
            "grossProfit": "56614000",
            "totalRevenue": "95657000",
            "sentiment": 0,
            "surprise": "0.03",
            "closePrice": "33.32"
        }
    ]
}