{
    "WK": [
        {
            "fiscalDateEnding": "2023-12-31",
            "totalCurrentAssets": "1008936000",
            "cashAndShortTermInvestments": "813722000",
            "totalCurrentLiabilities": "484500000",
            "currentDebt": "532000",
            "netIncome": "-4196000",
            "capitalExpenditures": "460000",
            "operatingCashflow": "24342000",
            "grossProfit": "128808000",
            "totalRevenue": "163451000",
            "sentiment": 0.3458594907157967,
            "surprise": "0.08",
            "closePrice": "94.19"
        },
        {
            "fiscalDateEnding": "2023-09-30",
            "totalCurrentAssets": "947151000",
            "cashAndShortTermInvestments": "782418000",
            "totalCurrentLiabilities": "438010000",
            "currentDebt": "525000",
            "netIncome": "-56269000",
            "capitalExpenditures": "943000",
            "operatingCashflow": "14991000",
            "grossProfit": "119820000",
            "totalRevenue": "110738000",
            "sentiment": 0.337455647730274,
            "surprise": "-0.69",
            "closePrice": "91.5"
        },
        {
            "fiscalDateEnding": "2023-06-30",
            "totalCurrentAssets": "619885000",
            "cashAndShortTermInvestments": "466251000",
            "totalCurrentLiabilities": "424313000",
            "currentDebt": "518000",
            "netIncome": "-20910000",
            "capitalExpenditures": "679000",
            "operatingCashflow": "25979000",
            "grossProfit": "115518000",
            "totalRevenue": "153376000",
            "sentiment": 0.2983946059967533,
            "surprise": "0.1",
            "closePrice": "102.68"
        },
        {
            "fiscalDateEnding": "2023-03-31",
            "totalCurrentAssets": "585441000",
            "cashAndShortTermInvestments": "439823000",
            "totalCurrentLiabilities": "396028000",
            "currentDebt": "511000",
            "netIncome": "-46150000",
            "capitalExpenditures": "277000",
            "operatingCashflow": "5563000",
            "grossProfit": "111671000",
            "totalRevenue": "148127000",
            "sentiment": 0.28260800567207434,
            "surprise": "0.1",
            "closePrice": "91.02"
        },
        {
            "fiscalDateEnding": "2022-12-31",
            "totalCurrentAssets": "600089000",
            "cashAndShortTermInvestments": "430792000",
            "totalCurrentLiabilities": "406940000",
            "currentDebt": "504000",
            "netIncome": "-13902000",
            "capitalExpenditures": "1284000",
            "operatingCashflow": "-1268000",
            "grossProfit": "109447000",
            "totalRevenue": "142301000",
            "sentiment": 0.28022405984938686,
            "surprise": "0.18",
            "closePrice": "85.51"
        },
        {
            "fiscalDateEnding": "2022-09-30",
            "totalCurrentAssets": "567876000",
            "cashAndShortTermInvestments": "433008000",
            "totalCurrentLiabilities": "375767000",
            "currentDebt": "609000",
            "netIncome": "-29691000",
            "capitalExpenditures": "1085000",
            "operatingCashflow": "4855000",
            "grossProfit": "100430000",
            "totalRevenue": "131339000",
            "sentiment": 0.23084338458787546,
            "surprise": "0.11",
            "closePrice": "67.81"
        },
        {
            "fiscalDateEnding": "2022-06-30",
            "totalCurrentAssets": "555289000",
            "cashAndShortTermInvestments": "428965000",
            "totalCurrentLiabilities": "365327000",
            "currentDebt": "936000",
            "netIncome": "-28861000",
            "capitalExpenditures": "677000",
            "operatingCashflow": "8684000",
            "grossProfit": "99312000",
            "totalRevenue": "130037000",
            "sentiment": 0.1286164684550674,
            "surprise": "0.09",
            "closePrice": "68.52"
        },
        {
            "fiscalDateEnding": "2022-03-31",
            "totalCurrentAssets": "645058000",
            "cashAndShortTermInvestments": "523533000",
            "totalCurrentLiabilities": "340612000",
            "currentDebt": "1257000",
            "netIncome": "-18493000",
            "capitalExpenditures": "572000",
            "operatingCashflow": "-937000",
            "grossProfit": "98801000",
            "totalRevenue": "128156000",
            "sentiment": 0.13181048350723987,
            "surprise": "0.1",
            "closePrice": "94.08"
        },
        {
            "fiscalDateEnding": "2021-12-31",
            "totalCurrentAssets": "657092000",
            "cashAndShortTermInvestments": "530446000",
            "totalCurrentLiabilities": "646499000",
            "currentDebt": "300236000",
            "netIncome": "-14324000",
            "capitalExpenditures": "1135000",
            "operatingCashflow": "9268000",
            "grossProfit": "91622000",
            "totalRevenue": "117263000",
            "sentiment": 0,
            "surprise": "0.09",
            "closePrice": "102.59"
        },
        {
            "fiscalDateEnding": "2021-09-30",
            "totalCurrentAssets": "630915000",
            "cashAndShortTermInvestments": "522349000",
            "totalCurrentLiabilities": "616688000",
            "currentDebt": "298117000",
            "netIncome": "-6568000",
            "capitalExpenditures": "835000",
            "operatingCashflow": "16313000",
            "grossProfit": "86288000",
            "totalRevenue": "109185000",
            "sentiment": 0,
            "surprise": "0.26",
            "closePrice": "146.47"
        },
        {
            "fiscalDateEnding": "2021-06-30",
            "totalCurrentAssets": "658962000",
            "cashAndShortTermInvestments": "551613000",
            "totalCurrentLiabilities": "307090000",
            "currentDebt": "1752000",
            "netIncome": "-9514000",
            "capitalExpenditures": "863000",
            "operatingCashflow": "12760000",
            "grossProfit": "80996000",
            "totalRevenue": "102085000",
            "sentiment": 0,
            "surprise": "0.06",
            "closePrice": "128.66"
        },
        {
            "fiscalDateEnding": "2021-03-31",
            "totalCurrentAssets": "633369000",
            "cashAndShortTermInvestments": "540619000",
            "totalCurrentLiabilities": "278579000",
            "currentDebt": "1728000",
            "netIncome": "-7324000",
            "capitalExpenditures": "920000",
            "operatingCashflow": "11503000",
            "grossProfit": "80546000",
            "totalRevenue": "100737000",
            "sentiment": 0,
            "surprise": "0.05",
            "closePrice": "88.31"
        },
        {
            "fiscalDateEnding": "2020-12-31",
            "totalCurrentAssets": "633085000",
            "cashAndShortTermInvestments": "530038000",
            "totalCurrentLiabilities": "281794000",
            "currentDebt": "1705000",
            "netIncome": "-8013000",
            "capitalExpenditures": "153000",
            "operatingCashflow": "13353000",
            "grossProfit": "70183000",
            "totalRevenue": "90337000",
            "sentiment": 0,
            "surprise": "0.0875",
            "closePrice": "108.12"
        },
        {
            "fiscalDateEnding": "2020-09-30",
            "totalCurrentAssets": "609376000",
            "cashAndShortTermInvestments": "523882000",
            "totalCurrentLiabilities": "251224000",
            "currentDebt": "1429000",
            "netIncome": "-10355000",
            "capitalExpenditures": "481000",
            "operatingCashflow": "7874000",
            "grossProfit": "66213000",
            "totalRevenue": "84527000",
            "sentiment": 0,
            "surprise": "0.16",
            "closePrice": "57.41"
        },
        {
            "fiscalDateEnding": "2020-06-30",
            "totalCurrentAssets": "577671000",
            "cashAndShortTermInvestments": "508572000",
            "totalCurrentLiabilities": "232973000",
            "currentDebt": "1395000",
            "netIncome": "-19612000",
            "capitalExpenditures": "770000",
            "operatingCashflow": "7189000",
            "grossProfit": "61616000",
            "totalRevenue": "80297000",
            "sentiment": 0,
            "surprise": "0.09",
            "closePrice": "58.41"
        },
        {
            "fiscalDateEnding": "2020-03-31",
            "totalCurrentAssets": "565234000",
            "cashAndShortTermInvestments": "496023000",
            "totalCurrentLiabilities": "221993000",
            "currentDebt": "5702000",
            "netIncome": "-10418000",
            "capitalExpenditures": "765000",
            "operatingCashflow": "4827000",
            "grossProfit": "63405000",
            "totalRevenue": "82247000",
            "sentiment": 0,
            "surprise": "0.18",
            "closePrice": "38.35"
        },
        {
            "fiscalDateEnding": "2019-12-31",
            "totalCurrentAssets": "571232000",
            "cashAndShortTermInvestments": "487956000",
            "totalCurrentLiabilities": "232102000",
            "currentDebt": "3064000",
            "netIncome": "-16141000",
            "capitalExpenditures": "266000",
            "operatingCashflow": "2339000",
            "grossProfit": "57217000",
            "totalRevenue": "76731000",
            "sentiment": 0,
            "surprise": "0.07",
            "closePrice": "48.31"
        },
        {
            "fiscalDateEnding": "2019-09-30",
            "totalCurrentAssets": "550897000",
            "cashAndShortTermInvestments": "484768000",
            "totalCurrentLiabilities": "209844000",
            "currentDebt": "4122000",
            "netIncome": "-15893000",
            "capitalExpenditures": "714000",
            "operatingCashflow": "4697000",
            "grossProfit": "52428000",
            "totalRevenue": "72220000",
            "sentiment": 0,
            "surprise": "0.05",
            "closePrice": "40.87"
        },
        {
            "fiscalDateEnding": "2019-06-30",
            "totalCurrentAssets": "205353000",
            "cashAndShortTermInvestments": "137568000",
            "totalCurrentLiabilities": "204434000",
            "currentDebt": "4070000",
            "netIncome": "-8153000",
            "capitalExpenditures": "1031000",
            "operatingCashflow": "18763000",
            "grossProfit": "52807000",
            "totalRevenue": "73051000",
            "sentiment": 0,
            "surprise": "-0.0803",
            "closePrice": "55.21"
        },
        {
            "fiscalDateEnding": "2019-03-31",
            "totalCurrentAssets": "183515000",
            "cashAndShortTermInvestments": "114404000",
            "totalCurrentLiabilities": "187794000",
            "currentDebt": "None",
            "netIncome": "-7292000",
            "capitalExpenditures": "1827000",
            "operatingCashflow": "5119000",
            "grossProfit": "50427000",
            "totalRevenue": "69523000",
            "sentiment": 0,
            "surprise": "0.05",
            "closePrice": "52.45"
        },
        {
            "fiscalDateEnding": "2018-12-31",
            "totalCurrentAssets": "177231000",
            "cashAndShortTermInvestments": "98348000",
            "totalCurrentLiabilities": "191581000",
            "currentDebt": "1222000",
            "netIncome": "-7721000",
            "capitalExpenditures": "457000",
            "operatingCashflow": "-419000",
            "grossProfit": "47041000",
            "totalRevenue": "63955000",
            "sentiment": 0,
            "surprise": "-0.0736",
            "closePrice": "44.24"
        },
        {
            "fiscalDateEnding": "2018-09-30",
            "totalCurrentAssets": "150691000",
            "cashAndShortTermInvestments": "96988000",
            "totalCurrentLiabilities": "169043000",
            "currentDebt": "1181000",
            "netIncome": "-10964000",
            "capitalExpenditures": "569000",
            "operatingCashflow": "7582000",
            "grossProfit": "45214000",
            "totalRevenue": "60425000",
            "sentiment": 0,
            "surprise": "0.12",
            "closePrice": "37.16"
        },
        {
            "fiscalDateEnding": "2018-06-30",
            "totalCurrentAssets": "133673000",
            "cashAndShortTermInvestments": "80711000",
            "totalCurrentLiabilities": "155359000",
            "currentDebt": "1160000",
            "netIncome": "-21768000",
            "capitalExpenditures": "274000",
            "operatingCashflow": "-2546000",
            "grossProfit": "42834000",
            "totalRevenue": "58681000",
            "sentiment": 0,
            "surprise": "0.12",
            "closePrice": "25.5"
        },
        {
            "fiscalDateEnding": "2018-03-31",
            "totalCurrentAssets": "131269000",
            "cashAndShortTermInvestments": "81057000",
            "totalCurrentLiabilities": "144529000",
            "currentDebt": "1161000",
            "netIncome": "-9618000",
            "capitalExpenditures": "73000",
            "operatingCashflow": "1783000",
            "grossProfit": "43395000",
            "totalRevenue": "119362000",
            "sentiment": 0,
            "surprise": "0.1",
            "closePrice": "23.05"
        },
        {
            "fiscalDateEnding": "2017-12-31",
            "totalCurrentAssets": "115292000",
            "cashAndShortTermInvestments": "76697000",
            "totalCurrentLiabilities": "129341000",
            "currentDebt": "1168000",
            "netIncome": "-14321000",
            "capitalExpenditures": "107000",
            "operatingCashflow": "-6228000",
            "grossProfit": "38417000",
            "totalRevenue": "54055000",
            "sentiment": 0,
            "surprise": "0.03",
            "closePrice": "26.05"
        },
        {
            "fiscalDateEnding": "2017-09-30",
            "totalCurrentAssets": "111649000",
            "cashAndShortTermInvestments": "77751000",
            "totalCurrentLiabilities": "123778000",
            "currentDebt": "1184000",
            "netIncome": "-14073000",
            "capitalExpenditures": "1042000",
            "operatingCashflow": "5186000",
            "grossProfit": "36416000",
            "totalRevenue": "51604000",
            "sentiment": 0,
            "surprise": "0.06",
            "closePrice": "22.6"
        },
        {
            "fiscalDateEnding": "2017-06-30",
            "totalCurrentAssets": "110606000",
            "cashAndShortTermInvestments": "72863000",
            "totalCurrentLiabilities": "112558000",
            "currentDebt": "1263000",
            "netIncome": "-10196000",
            "capitalExpenditures": "84000",
            "operatingCashflow": "3982000",
            "grossProfit": "35105000",
            "totalRevenue": "48916000",
            "sentiment": 0,
            "surprise": "0.06",
            "closePrice": "19.1"
        },
        {
            "fiscalDateEnding": "2017-03-31",
            "totalCurrentAssets": "95434000",
            "cashAndShortTermInvestments": "64702000",
            "totalCurrentLiabilities": "97962000",
            "currentDebt": "1278000",
            "netIncome": "-5836000",
            "capitalExpenditures": "152000",
            "operatingCashflow": "2580000",
            "grossProfit": "37686000",
            "totalRevenue": "51449000",
            "sentiment": 0,
            "surprise": "0.11",
            "closePrice": "17.05"
        },
        {
            "fiscalDateEnding": "2016-12-31",
            "totalCurrentAssets": "98042000",
            "cashAndShortTermInvestments": "62716000",
            "totalCurrentLiabilities": "99887000",
            "currentDebt": "1305000",
            "netIncome": "-7516000",
            "capitalExpenditures": "839000",
            "operatingCashflow": "9952000",
            "grossProfit": "33166000",
            "totalRevenue": "45919000",
            "sentiment": 0,
            "surprise": "0.12",
            "closePrice": "13.5"
        },
        {
            "fiscalDateEnding": "2016-09-30",
            "totalCurrentAssets": "84057000",
            "cashAndShortTermInvestments": "53837000",
            "totalCurrentLiabilities": "89059000",
            "currentDebt": "1452000",
            "netIncome": "-12891000",
            "capitalExpenditures": "129000",
            "operatingCashflow": "2793000",
            "grossProfit": "31976000",
            "totalRevenue": "44248000",
            "sentiment": 0,
            "surprise": "0.11",
            "closePrice": "16.5"
        },
        {
            "fiscalDateEnding": "2016-06-30",
            "totalCurrentAssets": "76973000",
            "cashAndShortTermInvestments": "50929000",
            "totalCurrentLiabilities": "79601000",
            "currentDebt": "1645000",
            "netIncome": "-11525000",
            "capitalExpenditures": "656000",
            "operatingCashflow": "-4036000",
            "grossProfit": "30434000",
            "totalRevenue": "42543000",
            "sentiment": 0,
            "surprise": "0.14",
            "closePrice": "13.72"
        },
        {
            "fiscalDateEnding": "2016-03-31",
            "totalCurrentAssets": "78849000",
            "cashAndShortTermInvestments": "55891000",
            "totalCurrentLiabilities": "74608000",
            "currentDebt": "1750000",
            "netIncome": "-12045000",
            "capitalExpenditures": "467000",
            "operatingCashflow": "-19078000",
            "grossProfit": "31445000",
            "totalRevenue": "44061000",
            "sentiment": 0,
            "surprise": "0.06",
            "closePrice": "11.88"
        },
        {
            "fiscalDateEnding": "2015-12-31",
            "totalCurrentAssets": "97878000",
            "cashAndShortTermInvestments": "76170000",
            "totalCurrentLiabilities": "84084000",
            "currentDebt": "1826000",
            "netIncome": "-10293000",
            "capitalExpenditures": "226000",
            "operatingCashflow": "-5037000",
            "grossProfit": "28869000",
            "totalRevenue": "39374000",
            "sentiment": 0,
            "surprise": "0.06",
            "closePrice": "13.6"
        },
        {
            "fiscalDateEnding": "2015-09-30",
            "totalCurrentAssets": "99072000",
            "cashAndShortTermInvestments": "81753000",
            "totalCurrentLiabilities": "77645000",
            "currentDebt": "2003000",
            "netIncome": "-14630000",
            "capitalExpenditures": "695000",
            "operatingCashflow": "-4718000",
            "grossProfit": "26492000",
            "totalRevenue": "35774000",
            "sentiment": 0,
            "surprise": "0.07",
            "closePrice": "16.68"
        },
        {
            "fiscalDateEnding": "2015-06-30",
            "totalCurrentAssets": "103593000",
            "cashAndShortTermInvestments": "86432000",
            "totalCurrentLiabilities": "70240000",
            "currentDebt": "2107000",
            "netIncome": "-11029000",
            "capitalExpenditures": "354000",
            "operatingCashflow": "-2608000",
            "grossProfit": "24215000",
            "totalRevenue": "33455000",
            "sentiment": 0,
            "surprise": "0.03",
            "closePrice": "14.78"
        },
        {
            "fiscalDateEnding": "2015-03-31",
            "totalCurrentAssets": "106065000",
            "cashAndShortTermInvestments": "89893000",
            "totalCurrentLiabilities": "62315000",
            "currentDebt": "2020000",
            "netIncome": "-7447000",
            "capitalExpenditures": "954000",
            "operatingCashflow": "-9229000",
            "grossProfit": "25492000",
            "totalRevenue": "34644000",
            "sentiment": 0,
            "surprise": "0.05",
            "closePrice": "14.34"
        },
        {
            "fiscalDateEnding": "2014-12-31",
            "totalCurrentAssets": "116541000",
            "cashAndShortTermInvestments": "101131000",
            "totalCurrentLiabilities": "66730000",
            "currentDebt": "2025000",
            "netIncome": "-12657000",
            "capitalExpenditures": "679000",
            "operatingCashflow": "-4607000",
            "grossProfit": "20168000",
            "totalRevenue": "29366000",
            "sentiment": 0,
            "surprise": "0.03",
            "closePrice": "14.51"
        }
    ]
}