{
    "WOLF": [
        {
            "fiscalDateEnding": "2023-12-31",
            "totalCurrentAssets": "3446100000",
            "cashAndShortTermInvestments": "2635700000",
            "totalCurrentLiabilities": "671200000",
            "currentDebt": "400000",
            "netIncome": "-144700000",
            "capitalExpenditures": "612100000",
            "operatingCashflow": "-202500000",
            "grossProfit": "27800000",
            "totalRevenue": "144300000",
            "sentiment": 0.14284237819464898,
            "surprise": "0.11",
            "closePrice": "32.55"
        },
        {
            "fiscalDateEnding": "2023-09-30",
            "totalCurrentAssets": "4079700000",
            "cashAndShortTermInvestments": "3347600000",
            "totalCurrentLiabilities": "749300000",
            "currentDebt": "400000",
            "netIncome": "-395700000",
            "capitalExpenditures": "443300000",
            "operatingCashflow": "-147400000",
            "grossProfit": "24700000",
            "totalRevenue": "135900000",
            "sentiment": 0.18659965033000125,
            "surprise": "0.14",
            "closePrice": "27.72"
        },
        {
            "fiscalDateEnding": "2023-06-30",
            "totalCurrentAssets": "3606500000",
            "cashAndShortTermInvestments": "2954900000",
            "totalCurrentLiabilities": "627800000",
            "currentDebt": "500000",
            "netIncome": "-113300000",
            "capitalExpenditures": "427400000",
            "operatingCashflow": "-51900000",
            "grossProfit": "64600000",
            "totalRevenue": "220000000",
            "sentiment": 0.14579367619209285,
            "surprise": "-0.22",
            "closePrice": "53.17"
        },
        {
            "fiscalDateEnding": "2023-03-31",
            "totalCurrentAssets": "2848800000",
            "cashAndShortTermInvestments": "2248200000",
            "totalCurrentLiabilities": "607200000",
            "currentDebt": "500000",
            "netIncome": "-99500000",
            "capitalExpenditures": "294200000",
            "operatingCashflow": "-11000000",
            "grossProfit": "68100000",
            "totalRevenue": "215200000",
            "sentiment": 0.07471928386001268,
            "surprise": "0.02",
            "closePrice": "57.4"
        },
        {
            "fiscalDateEnding": "2022-12-31",
            "totalCurrentAssets": "3084300000",
            "cashAndShortTermInvestments": "2484400000",
            "totalCurrentLiabilities": "460000000",
            "currentDebt": "500000",
            "netIncome": "-90900000",
            "capitalExpenditures": "128100000",
            "operatingCashflow": "-67000000",
            "grossProfit": "56700000",
            "totalRevenue": "209200000",
            "sentiment": 0.14515582190191248,
            "surprise": "0.01",
            "closePrice": "81.96"
        },
        {
            "fiscalDateEnding": "2022-09-30",
            "totalCurrentAssets": "1754200000",
            "cashAndShortTermInvestments": "1197200000",
            "totalCurrentLiabilities": "380800000",
            "currentDebt": "400000",
            "netIncome": "-26200000",
            "capitalExpenditures": "112600000",
            "operatingCashflow": "-12700000",
            "grossProfit": "67700000",
            "totalRevenue": "235500000",
            "sentiment": 0.22356796421886638,
            "surprise": "0",
            "closePrice": "106.44"
        },
        {
            "fiscalDateEnding": "2022-06-30",
            "totalCurrentAssets": "1762400000",
            "cashAndShortTermInvestments": "1198800000",
            "totalCurrentLiabilities": "388500000",
            "currentDebt": "500000",
            "netIncome": "32400000",
            "capitalExpenditures": "110900000",
            "operatingCashflow": "-30800000",
            "grossProfit": "78900000",
            "totalRevenue": "221100000",
            "sentiment": -0.07852001903204761,
            "surprise": "0.08",
            "closePrice": "85.65"
        },
        {
            "fiscalDateEnding": "2022-03-31",
            "totalCurrentAssets": "1838000000",
            "cashAndShortTermInvestments": "1286100000",
            "totalCurrentLiabilities": "322600000",
            "currentDebt": "500000",
            "netIncome": "-66500000",
            "capitalExpenditures": "135500000",
            "operatingCashflow": "-28400000",
            "grossProfit": "64000000",
            "totalRevenue": "184100000",
            "sentiment": -0.14361414131606923,
            "surprise": "0.02",
            "closePrice": "101.52"
        },
        {
            "fiscalDateEnding": "2021-12-31",
            "totalCurrentAssets": "1149600000",
            "cashAndShortTermInvestments": "686500000",
            "totalCurrentLiabilities": "341000000",
            "currentDebt": "400000",
            "netIncome": "-96700000",
            "capitalExpenditures": "143900000",
            "operatingCashflow": "-32500000",
            "grossProfit": "57000000",
            "totalRevenue": "144100000",
            "sentiment": 0,
            "surprise": "0.02",
            "closePrice": "89.79"
        },
        {
            "fiscalDateEnding": "2021-09-30",
            "totalCurrentAssets": "1231900000",
            "cashAndShortTermInvestments": "857800000",
            "totalCurrentLiabilities": "319000000",
            "currentDebt": "8700000",
            "netIncome": "-70100000",
            "capitalExpenditures": "260300000",
            "operatingCashflow": "-62500000",
            "grossProfit": "49400000",
            "totalRevenue": "150100000",
            "sentiment": 0,
            "surprise": "0.02",
            "closePrice": "90.87"
        },
        {
            "fiscalDateEnding": "2021-06-30",
            "totalCurrentAssets": "1478700000",
            "cashAndShortTermInvestments": "1154600000",
            "totalCurrentLiabilities": "448800000",
            "currentDebt": "5200000",
            "netIncome": "-147600000",
            "capitalExpenditures": "178800000",
            "operatingCashflow": "-50000000",
            "grossProfit": "43800000",
            "totalRevenue": "145800000",
            "sentiment": 0,
            "surprise": "0.01",
            "closePrice": "86.2479648899271"
        },
        {
            "fiscalDateEnding": "2021-03-31",
            "totalCurrentAssets": "1598300000",
            "cashAndShortTermInvestments": "1293300000",
            "totalCurrentLiabilities": "382800000",
            "currentDebt": "400000",
            "netIncome": "-108900000",
            "capitalExpenditures": "138200000",
            "operatingCashflow": "-49600000",
            "grossProfit": "44000000",
            "totalRevenue": "126500000",
            "sentiment": 0,
            "surprise": "0.01",
            "closePrice": "112.72734008164"
        },
        {
            "fiscalDateEnding": "2020-12-31",
            "totalCurrentAssets": "1479300000",
            "cashAndShortTermInvestments": "968700000",
            "totalCurrentLiabilities": "385600000",
            "currentDebt": "400000",
            "netIncome": "-83000000",
            "capitalExpenditures": "143500000",
            "operatingCashflow": "-26300000",
            "grossProfit": "41300000",
            "totalRevenue": "117300000",
            "sentiment": 0,
            "surprise": "0.01",
            "closePrice": "102.177589013945"
        },
        {
            "fiscalDateEnding": "2020-09-30",
            "totalCurrentAssets": "1485300000",
            "cashAndShortTermInvestments": "1138500000",
            "totalCurrentLiabilities": "343400000",
            "currentDebt": "400000",
            "netIncome": "-184400000",
            "capitalExpenditures": "115900000",
            "operatingCashflow": "400000",
            "grossProfit": "35500000",
            "totalRevenue": "203300000",
            "sentiment": 0,
            "surprise": "0.02",
            "closePrice": "66.2184375073736"
        },
        {
            "fiscalDateEnding": "2020-06-30",
            "totalCurrentAssets": "1592800000",
            "cashAndShortTermInvestments": "1239700000",
            "totalCurrentLiabilities": "291200000",
            "currentDebt": "3600000",
            "netIncome": "-39500000",
            "capitalExpenditures": "70200000",
            "operatingCashflow": "10500000",
            "grossProfit": "29100000",
            "totalRevenue": "205700000",
            "sentiment": 0,
            "surprise": "0.01",
            "closePrice": "68.43838512541"
        },
        {
            "fiscalDateEnding": "2020-03-31",
            "totalCurrentAssets": "1230200000",
            "cashAndShortTermInvestments": "852900000",
            "totalCurrentLiabilities": "251400000",
            "currentDebt": "5000000",
            "netIncome": "-60100000",
            "capitalExpenditures": "69800000",
            "operatingCashflow": "-27700000",
            "grossProfit": "41300000",
            "totalRevenue": "207700000",
            "sentiment": 0,
            "surprise": "0.01",
            "closePrice": "46.2489087090913"
        },
        {
            "fiscalDateEnding": "2019-12-31",
            "totalCurrentAssets": "1292600000",
            "cashAndShortTermInvestments": "951500000",
            "totalCurrentLiabilities": "248500000",
            "currentDebt": "6100000",
            "netIncome": "-54300000",
            "capitalExpenditures": "61200000",
            "operatingCashflow": "8200000",
            "grossProfit": "35600000",
            "totalRevenue": "241100000",
            "sentiment": 0,
            "surprise": "-0.01",
            "closePrice": "50.6888039451641"
        },
        {
            "fiscalDateEnding": "2019-09-30",
            "totalCurrentAssets": "1353000000",
            "cashAndShortTermInvestments": "993900000",
            "totalCurrentLiabilities": "242700000",
            "currentDebt": "5300000",
            "netIncome": "-37800000",
            "capitalExpenditures": "43100000",
            "operatingCashflow": "-20000000",
            "grossProfit": "52500000",
            "totalRevenue": "241700000",
            "sentiment": 0,
            "surprise": "0.02",
            "closePrice": "48.1188645855454"
        },
        {
            "fiscalDateEnding": "2019-06-30",
            "totalCurrentAssets": "1412800000",
            "cashAndShortTermInvestments": "1051400000",
            "totalCurrentLiabilities": "268200000",
            "currentDebt": "None",
            "netIncome": "-133700000",
            "capitalExpenditures": "37330000",
            "operatingCashflow": "13300000",
            "grossProfit": "88700000",
            "totalRevenue": "251200000",
            "sentiment": 0,
            "surprise": "0.01",
            "closePrice": "58.2386257992969"
        },
        {
            "fiscalDateEnding": "2019-03-31",
            "totalCurrentAssets": "1498839000",
            "cashAndShortTermInvestments": "789268000",
            "totalCurrentLiabilities": "334420000",
            "currentDebt": "None",
            "netIncome": "-227800000",
            "capitalExpenditures": "36904000",
            "operatingCashflow": "61300000",
            "grossProfit": "100500000",
            "totalRevenue": "266689000",
            "sentiment": 0,
            "surprise": "0.04",
            "closePrice": "64.7784714848635"
        },
        {
            "fiscalDateEnding": "2018-12-31",
            "totalCurrentAssets": "1276211000",
            "cashAndShortTermInvestments": "723668000",
            "totalCurrentLiabilities": "294725000",
            "currentDebt": "None",
            "netIncome": "-2500000",
            "capitalExpenditures": "39024000",
            "operatingCashflow": "82900000",
            "grossProfit": "103500000",
            "totalRevenue": "406216000",
            "sentiment": 0,
            "surprise": "0.06",
            "closePrice": "49.4188339114226"
        },
        {
            "fiscalDateEnding": "2018-09-23",
            "totalCurrentAssets": "1229798000",
            "cashAndShortTermInvestments": "665540000",
            "totalCurrentLiabilities": "293596000",
            "currentDebt": "None",
            "netIncome": "-11100000",
            "capitalExpenditures": "39742000",
            "operatingCashflow": "44800000",
            "grossProfit": "98300000",
            "totalRevenue": "404971000",
            "sentiment": 0,
            "surprise": "0.1",
            "closePrice": "37.5391142257144"
        },
        {
            "fiscalDateEnding": "2018-06-30",
            "totalCurrentAssets": "890400000",
            "cashAndShortTermInvestments": "387100000",
            "totalCurrentLiabilities": "248600000",
            "currentDebt": "None",
            "netIncome": "-33300000",
            "capitalExpenditures": "59457000",
            "operatingCashflow": "48077000",
            "grossProfit": "87600000",
            "totalRevenue": "409454000",
            "sentiment": 0,
            "surprise": "0.03",
            "closePrice": "50.158816450768"
        },
        {
            "fiscalDateEnding": "2018-03-31",
            "totalCurrentAssets": "909510000",
            "cashAndShortTermInvestments": "401465000",
            "totalCurrentLiabilities": "243300000",
            "currentDebt": "None",
            "netIncome": "-240400000",
            "capitalExpenditures": "46192000",
            "operatingCashflow": "19611000",
            "grossProfit": "75100000",
            "totalRevenue": "357883000",
            "sentiment": 0,
            "surprise": "0.03",
            "closePrice": "39.3590712819424"
        },
        {
            "fiscalDateEnding": "2017-12-31",
            "totalCurrentAssets": "1128239000",
            "cashAndShortTermInvestments": "649909000",
            "totalCurrentLiabilities": "245722000",
            "currentDebt": "None",
            "netIncome": "13700000",
            "capitalExpenditures": "51228000",
            "operatingCashflow": "51689000",
            "grossProfit": "70300000",
            "totalRevenue": "364070000",
            "sentiment": 0,
            "surprise": "-0.02",
            "closePrice": "35.0191736863217"
        },
        {
            "fiscalDateEnding": "2017-09-30",
            "totalCurrentAssets": "1106469000",
            "cashAndShortTermInvestments": "624854000",
            "totalCurrentLiabilities": "229368000",
            "currentDebt": "None",
            "netIncome": "-20000000",
            "capitalExpenditures": "38926000",
            "operatingCashflow": "54123000",
            "grossProfit": "69000000",
            "totalRevenue": "358341000",
            "sentiment": 0,
            "surprise": "0",
            "closePrice": "29.339307708643"
        },
        {
            "fiscalDateEnding": "2017-06-30",
            "totalCurrentAssets": "1100630000",
            "cashAndShortTermInvestments": "610938000",
            "totalCurrentLiabilities": "212023000",
            "currentDebt": "None",
            "netIncome": "-5890000",
            "capitalExpenditures": "33562000",
            "operatingCashflow": "57346000",
            "grossProfit": "98001000",
            "totalRevenue": "358939000",
            "sentiment": 0,
            "surprise": "0",
            "closePrice": "23.0294565961162"
        },
        {
            "fiscalDateEnding": "2017-03-31",
            "totalCurrentAssets": "1099371000",
            "cashAndShortTermInvestments": "591877000",
            "totalCurrentLiabilities": "207401000",
            "currentDebt": "None",
            "netIncome": "-99013000",
            "capitalExpenditures": "24724000",
            "operatingCashflow": "43438000",
            "grossProfit": "86076000",
            "totalRevenue": "343439000",
            "sentiment": 0,
            "surprise": "0.07",
            "closePrice": "24.8194143602086"
        },
        {
            "fiscalDateEnding": "2016-12-31",
            "totalCurrentAssets": "1499695000",
            "cashAndShortTermInvestments": "591114000",
            "totalCurrentLiabilities": "214649000",
            "currentDebt": "None",
            "netIncome": "6219000",
            "capitalExpenditures": "19458000",
            "operatingCashflow": "101618000",
            "grossProfit": "140566000",
            "totalRevenue": "344576000",
            "sentiment": 0,
            "surprise": "0.1",
            "closePrice": "27.4093532479177"
        },
        {
            "fiscalDateEnding": "2016-09-30",
            "totalCurrentAssets": "1522525000",
            "cashAndShortTermInvestments": "589048000",
            "totalCurrentLiabilities": "210875000",
            "currentDebt": "None",
            "netIncome": "566000",
            "capitalExpenditures": "21589000",
            "operatingCashflow": "18098000",
            "grossProfit": "109929000",
            "totalRevenue": "322365000",
            "sentiment": 0,
            "surprise": "-0.01",
            "closePrice": "25.1994053939265"
        },
        {
            "fiscalDateEnding": "2016-06-30",
            "totalCurrentAssets": "1156707000",
            "cashAndShortTermInvestments": "605305000",
            "totalCurrentLiabilities": "222999000",
            "currentDebt": "None",
            "netIncome": "-10641000",
            "capitalExpenditures": "23735000",
            "operatingCashflow": "64553000",
            "grossProfit": "113023000",
            "totalRevenue": "388413000",
            "sentiment": 0,
            "surprise": "-0.01",
            "closePrice": "27.4793515962342"
        },
        {
            "fiscalDateEnding": "2016-03-31",
            "totalCurrentAssets": "1193439000",
            "cashAndShortTermInvestments": "620450000",
            "totalCurrentLiabilities": "218002000",
            "currentDebt": "None",
            "netIncome": "152000",
            "capitalExpenditures": "21294000",
            "operatingCashflow": "14967000",
            "grossProfit": "109033000",
            "totalRevenue": "367371000",
            "sentiment": 0,
            "surprise": "0.03",
            "closePrice": "24.5894197871688"
        },
        {
            "fiscalDateEnding": "2015-12-31",
            "totalCurrentAssets": "1175174000",
            "cashAndShortTermInvestments": "617153000",
            "totalCurrentLiabilities": "235639000",
            "currentDebt": "None",
            "netIncome": "13442000",
            "capitalExpenditures": "35235000",
            "operatingCashflow": "76962000",
            "grossProfit": "134445000",
            "totalRevenue": "433407000",
            "sentiment": 0,
            "surprise": "0.06",
            "closePrice": "24.2894268658125"
        },
        {
            "fiscalDateEnding": "2015-09-30",
            "totalCurrentAssets": "1251543000",
            "cashAndShortTermInvestments": "632082000",
            "totalCurrentLiabilities": "251818000",
            "currentDebt": "None",
            "netIncome": "-24489000",
            "capitalExpenditures": "54197000",
            "operatingCashflow": "46834000",
            "grossProfit": "130573000",
            "totalRevenue": "406622000",
            "sentiment": 0,
            "surprise": "0.01",
            "closePrice": "24.9094122366155"
        },
        {
            "fiscalDateEnding": "2015-06-30",
            "totalCurrentAssets": "1308250000",
            "cashAndShortTermInvestments": "713191000",
            "totalCurrentLiabilities": "254786000",
            "currentDebt": "None",
            "netIncome": "-88100000",
            "capitalExpenditures": "52824000",
            "operatingCashflow": "87555000",
            "grossProfit": "76690000",
            "totalRevenue": "382157000",
            "sentiment": 0,
            "surprise": "-0.15",
            "closePrice": "25.1994053939265"
        },
        {
            "fiscalDateEnding": "2015-03-31",
            "totalCurrentAssets": "1398462000",
            "cashAndShortTermInvestments": "782041000",
            "totalCurrentLiabilities": "200265000",
            "currentDebt": "None",
            "netIncome": "476000",
            "capitalExpenditures": "49848000",
            "operatingCashflow": "65647000",
            "grossProfit": "125148000",
            "totalRevenue": "408836000",
            "sentiment": 0,
            "surprise": "-0.01",
            "closePrice": "35.3991647200396"
        },
        {
            "fiscalDateEnding": "2014-12-31",
            "totalCurrentAssets": "1487895000",
            "cashAndShortTermInvestments": "829925000",
            "totalCurrentLiabilities": "244944000",
            "currentDebt": "None",
            "netIncome": "11977000",
            "capitalExpenditures": "54727000",
            "operatingCashflow": "14768000",
            "grossProfit": "136520000",
            "totalRevenue": "410057000",
            "sentiment": 0,
            "surprise": "0.11",
            "closePrice": "32.3392369222057"
        },
        {
            "fiscalDateEnding": "2014-09-30",
            "totalCurrentAssets": "1756681000",
            "cashAndShortTermInvestments": "1104843000",
            "totalCurrentLiabilities": "292878000",
            "currentDebt": "None",
            "netIncome": "10955000",
            "capitalExpenditures": "68252000",
            "operatingCashflow": "13284000",
            "grossProfit": "135561000",
            "totalRevenue": "425994000",
            "sentiment": 0,
            "surprise": "-0.12",
            "closePrice": "33.1492178098676"
        },
        {
            "fiscalDateEnding": "2014-06-30",
            "totalCurrentAssets": "1773891000",
            "cashAndShortTermInvestments": "1162466000",
            "totalCurrentLiabilities": "306655000",
            "currentDebt": "None",
            "netIncome": "29849000",
            "capitalExpenditures": "64371000",
            "operatingCashflow": "91138000",
            "grossProfit": "162266000",
            "totalRevenue": "436290000",
            "sentiment": 0,
            "surprise": "0.01",
            "closePrice": "49.198839102428"
        },
        {
            "fiscalDateEnding": "2014-03-31",
            "totalCurrentAssets": "1782070000",
            "cashAndShortTermInvestments": "1223411000",
            "totalCurrentLiabilities": "263720000",
            "currentDebt": "None",
            "netIncome": "28164000",
            "capitalExpenditures": "40873000",
            "operatingCashflow": "60183000",
            "grossProfit": "149994000",
            "totalRevenue": "404527000",
            "sentiment": 0,
            "surprise": "0.01",
            "closePrice": "58.0486302824379"
        },
        {
            "fiscalDateEnding": "2013-12-31",
            "totalCurrentAssets": "1733957000",
            "cashAndShortTermInvestments": "1184451000",
            "totalCurrentLiabilities": "275043000",
            "currentDebt": "None",
            "netIncome": "35681000",
            "capitalExpenditures": "55047000",
            "operatingCashflow": "98751000",
            "grossProfit": "155778000",
            "totalRevenue": "414539000",
            "sentiment": 0,
            "surprise": "0.07",
            "closePrice": "62.8285174960478"
        },
        {
            "fiscalDateEnding": "2013-09-30",
            "totalCurrentAssets": "1650252000",
            "cashAndShortTermInvestments": "1088847000",
            "totalCurrentLiabilities": "258780000",
            "currentDebt": "None",
            "netIncome": "30497000",
            "capitalExpenditures": "38449000",
            "operatingCashflow": "69236000",
            "grossProfit": "150757000",
            "totalRevenue": "390613000",
            "sentiment": 0,
            "surprise": "0",
            "closePrice": "74.3182463839928"
        },
        {
            "fiscalDateEnding": "2013-06-30",
            "totalCurrentAssets": "1515766000",
            "cashAndShortTermInvestments": "1023915000",
            "totalCurrentLiabilities": "207411000",
            "currentDebt": "None",
            "netIncome": "28242000",
            "capitalExpenditures": "27126000",
            "operatingCashflow": "61164000",
            "grossProfit": "140725000",
            "totalRevenue": "375009000",
            "sentiment": 0,
            "surprise": "0",
            "closePrice": "75.7582124065029"
        },
        {
            "fiscalDateEnding": "2013-03-31",
            "totalCurrentAssets": "1399912000",
            "cashAndShortTermInvestments": "937051000",
            "totalCurrentLiabilities": "198566000",
            "currentDebt": "None",
            "netIncome": "22157000",
            "capitalExpenditures": "30749000",
            "operatingCashflow": "45776000",
            "grossProfit": "133010000",
            "totalRevenue": "348934000",
            "sentiment": 0,
            "surprise": "0",
            "closePrice": "57.6886387768104"
        },
        {
            "fiscalDateEnding": "2012-12-31",
            "totalCurrentAssets": "1298409000",
            "cashAndShortTermInvestments": "885803000",
            "totalCurrentLiabilities": "175953000",
            "currentDebt": "None",
            "netIncome": "20403000",
            "capitalExpenditures": "22306000",
            "operatingCashflow": "92608000",
            "grossProfit": "133476000",
            "totalRevenue": "346286000",
            "sentiment": 0,
            "surprise": "0.02",
            "closePrice": "33.4692102593143"
        },
        {
            "fiscalDateEnding": "2012-09-23",
            "totalCurrentAssets": "1240245000",
            "cashAndShortTermInvestments": "816284000",
            "totalCurrentLiabilities": "174953000",
            "currentDebt": "None",
            "netIncome": "16123000",
            "capitalExpenditures": "18145000",
            "operatingCashflow": "85686000",
            "grossProfit": "116049000",
            "totalRevenue": "315753000",
            "sentiment": 0,
            "surprise": "0.01",
            "closePrice": "26.1876820745145"
        },
        {
            "fiscalDateEnding": "2012-06-30",
            "totalCurrentAssets": "1164281000",
            "cashAndShortTermInvestments": "744513000",
            "totalCurrentLiabilities": "149177000",
            "currentDebt": "None",
            "netIncome": "10026000",
            "capitalExpenditures": "25054000",
            "operatingCashflow": "71703000",
            "grossProfit": "106903000",
            "totalRevenue": "306759000",
            "sentiment": 0,
            "surprise": "0.02",
            "closePrice": "26.3383785186758"
        },
        {
            "fiscalDateEnding": "2012-03-31",
            "totalCurrentAssets": "1151532000",
            "cashAndShortTermInvestments": "710094000",
            "totalCurrentLiabilities": "159849000",
            "currentDebt": "None",
            "netIncome": "9489000",
            "capitalExpenditures": "26084000",
            "operatingCashflow": "48340000",
            "grossProfit": "99413000",
            "totalRevenue": "284801000",
            "sentiment": 0,
            "surprise": "-0.01",
            "closePrice": "31.8992473042165"
        },
        {
            "fiscalDateEnding": "2011-12-31",
            "totalCurrentAssets": "1104546000",
            "cashAndShortTermInvestments": "687246000",
            "totalCurrentLiabilities": "149164000",
            "currentDebt": "None",
            "netIncome": "12078000",
            "capitalExpenditures": "22960000",
            "operatingCashflow": "80592000",
            "grossProfit": "105118000",
            "totalRevenue": "304118000",
            "sentiment": 0,
            "surprise": "-0.01",
            "closePrice": "23.3294495174725"
        },
        {
            "fiscalDateEnding": "2011-09-30",
            "totalCurrentAssets": "1080672000",
            "cashAndShortTermInvestments": "632228000",
            "totalCurrentLiabilities": "152378000",
            "currentDebt": "None",
            "netIncome": "12819000",
            "capitalExpenditures": "38121000",
            "operatingCashflow": "41645000",
            "grossProfit": "98028000",
            "totalRevenue": "268980000",
            "sentiment": 0,
            "surprise": "-0.01",
            "closePrice": "27.7793445175904"
        },
        {
            "fiscalDateEnding": "2011-06-30",
            "totalCurrentAssets": "1456895000",
            "cashAndShortTermInvestments": "1085797000",
            "totalCurrentLiabilities": "140316000",
            "currentDebt": "None",
            "netIncome": "19808000",
            "capitalExpenditures": "51783000",
            "operatingCashflow": "64458000",
            "grossProfit": "92703000",
            "totalRevenue": "243027000",
            "sentiment": 0,
            "surprise": "0.01",
            "closePrice": "29.4893041693212"
        },
        {
            "fiscalDateEnding": "2011-03-31",
            "totalCurrentAssets": "1440920000",
            "cashAndShortTermInvestments": "1073092000",
            "totalCurrentLiabilities": "123142000",
            "currentDebt": "None",
            "netIncome": "18881000",
            "capitalExpenditures": "66468000",
            "operatingCashflow": "41166000",
            "grossProfit": "91395000",
            "totalRevenue": "219168000",
            "sentiment": 0,
            "surprise": "-0.02",
            "closePrice": "40.8090370684977"
        },
        {
            "fiscalDateEnding": "2010-12-31",
            "totalCurrentAssets": "1453228000",
            "cashAndShortTermInvestments": "1110828000",
            "totalCurrentLiabilities": "134928000",
            "currentDebt": "None",
            "netIncome": "49775000",
            "capitalExpenditures": "67865000",
            "operatingCashflow": "57238000",
            "grossProfit": "121146000",
            "totalRevenue": "256983000",
            "sentiment": 0,
            "surprise": "-0.03",
            "closePrice": "62.7085203275053"
        }
    ]
}