{
    "XRX": [
        {
            "fiscalDateEnding": "2023-12-31",
            "totalCurrentAssets": "3177000000",
            "cashAndShortTermInvestments": "519000000",
            "totalCurrentLiabilities": "2779000000",
            "currentDebt": "567000000",
            "netIncome": "-58000000",
            "capitalExpenditures": "10000000",
            "operatingCashflow": "389000000",
            "grossProfit": "1192000000",
            "totalRevenue": "1808000000",
            "sentiment": 0.31585999679287435,
            "surprise": "-0.09",
            "closePrice": "17.8979166666667"
        },
        {
            "fiscalDateEnding": "2023-09-30",
            "totalCurrentAssets": "3354000000",
            "cashAndShortTermInvestments": "532000000",
            "totalCurrentLiabilities": "3006000000",
            "currentDebt": "870000000",
            "netIncome": "49000000",
            "capitalExpenditures": "12000000",
            "operatingCashflow": "124000000",
            "grossProfit": "1208000000",
            "totalRevenue": "1682000000",
            "sentiment": 0.30305615609365283,
            "surprise": "0.1",
            "closePrice": "12.2211164217856"
        },
        {
            "fiscalDateEnding": "2023-06-30",
            "totalCurrentAssets": "3390000000",
            "cashAndShortTermInvestments": "477000000",
            "totalCurrentLiabilities": "2949000000",
            "currentDebt": "891000000",
            "netIncome": "-61000000",
            "capitalExpenditures": "7000000",
            "operatingCashflow": "95000000",
            "grossProfit": "1271000000",
            "totalRevenue": "1780000000",
            "sentiment": 0.3139459752424585,
            "surprise": "0.14",
            "closePrice": "15.6738372134208"
        },
        {
            "fiscalDateEnding": "2023-03-31",
            "totalCurrentAssets": "3640000000",
            "cashAndShortTermInvestments": "591000000",
            "totalCurrentLiabilities": "2879000000",
            "currentDebt": "553000000",
            "netIncome": "71000000",
            "capitalExpenditures": "8000000",
            "operatingCashflow": "78000000",
            "grossProfit": "1310000000",
            "totalRevenue": "1759000000",
            "sentiment": 0.33045738933959035,
            "surprise": "0.32",
            "closePrice": "14.5569376789948"
        },
        {
            "fiscalDateEnding": "2022-12-31",
            "totalCurrentAssets": "4107000000",
            "cashAndShortTermInvestments": "1045000000",
            "totalCurrentLiabilities": "3330000000",
            "currentDebt": "860000000",
            "netIncome": "121000000",
            "capitalExpenditures": "18000000",
            "operatingCashflow": "186000000",
            "grossProfit": "-3526000000",
            "totalRevenue": "1941000000",
            "sentiment": 0.18384512166109243,
            "surprise": "0.4",
            "closePrice": "15.9094986929915"
        },
        {
            "fiscalDateEnding": "2022-09-30",
            "totalCurrentAssets": "3895000000",
            "cashAndShortTermInvestments": "932000000",
            "totalCurrentLiabilities": "3343000000",
            "currentDebt": "1070000000",
            "netIncome": "-383000000",
            "capitalExpenditures": "10000000",
            "operatingCashflow": "-8000000",
            "grossProfit": "1297000000",
            "totalRevenue": "1784000000",
            "sentiment": 0.0777205901117948,
            "surprise": "-0.21",
            "closePrice": "12.4561674267789"
        },
        {
            "fiscalDateEnding": "2022-06-30",
            "totalCurrentAssets": "4102000000",
            "cashAndShortTermInvestments": "1151000000",
            "totalCurrentLiabilities": "3415000000",
            "currentDebt": "1108000000",
            "netIncome": "-4000000",
            "capitalExpenditures": "13000000",
            "operatingCashflow": "-85000000",
            "grossProfit": "1291000000",
            "totalRevenue": "1791000000",
            "sentiment": -0.196497823357675,
            "surprise": "0.05",
            "closePrice": "14.6474125827859"
        },
        {
            "fiscalDateEnding": "2022-03-31",
            "totalCurrentAssets": "4566000000",
            "cashAndShortTermInvestments": "1681000000",
            "totalCurrentLiabilities": "3769000000",
            "currentDebt": "1450000000",
            "netIncome": "-56000000",
            "capitalExpenditures": "16000000",
            "operatingCashflow": "66000000",
            "grossProfit": "1193000000",
            "totalRevenue": "1712000000",
            "sentiment": -0.13977044105382264,
            "surprise": "-0.25",
            "closePrice": "14.7250560991164"
        },
        {
            "fiscalDateEnding": "2021-12-31",
            "totalCurrentAssets": "4701000000",
            "cashAndShortTermInvestments": "1840000000",
            "totalCurrentLiabilities": "2829000000",
            "currentDebt": "650000000",
            "netIncome": "-675000000",
            "capitalExpenditures": "16000000",
            "operatingCashflow": "198000000",
            "grossProfit": "1352000000",
            "totalRevenue": "1844000000",
            "sentiment": 0,
            "surprise": "0.04",
            "closePrice": "17.3629101854381"
        },
        {
            "fiscalDateEnding": "2021-09-30",
            "totalCurrentAssets": "5236000000",
            "cashAndShortTermInvestments": "2209000000",
            "totalCurrentLiabilities": "2784000000",
            "currentDebt": "646000000",
            "netIncome": "90000000",
            "capitalExpenditures": "19000000",
            "operatingCashflow": "100000000",
            "grossProfit": "1356000000",
            "totalRevenue": "1823000000",
            "sentiment": 0,
            "surprise": "0.04",
            "closePrice": "15.6446722185057"
        },
        {
            "fiscalDateEnding": "2021-06-30",
            "totalCurrentAssets": "5175000000",
            "cashAndShortTermInvestments": "2124000000",
            "totalCurrentLiabilities": "2691000000",
            "currentDebt": "642000000",
            "netIncome": "91000000",
            "capitalExpenditures": "16000000",
            "operatingCashflow": "214000000",
            "grossProfit": "1355000000",
            "totalRevenue": "1855000000",
            "sentiment": 0,
            "surprise": "0.12",
            "closePrice": "21.0687940024104"
        },
        {
            "fiscalDateEnding": "2021-03-31",
            "totalCurrentAssets": "5420000000",
            "cashAndShortTermInvestments": "2379000000",
            "totalCurrentLiabilities": "2645000000",
            "currentDebt": "678000000",
            "netIncome": "39000000",
            "capitalExpenditures": "17000000",
            "operatingCashflow": "117000000",
            "grossProfit": "1254000000",
            "totalRevenue": "1777000000",
            "sentiment": 0,
            "surprise": "-0.08",
            "closePrice": "19.9212863191463"
        },
        {
            "fiscalDateEnding": "2020-12-31",
            "totalCurrentAssets": "5783000000",
            "cashAndShortTermInvestments": "2625000000",
            "totalCurrentLiabilities": "2478000000",
            "currentDebt": "394000000",
            "netIncome": "77000000",
            "capitalExpenditures": "14000000",
            "operatingCashflow": "235000000",
            "grossProfit": "1305000000",
            "totalRevenue": "1920000000",
            "sentiment": 0,
            "surprise": "-0.02",
            "closePrice": "17.5243226311842"
        },
        {
            "fiscalDateEnding": "2020-09-30",
            "totalCurrentAssets": "6541000000",
            "cashAndShortTermInvestments": "3242000000",
            "totalCurrentLiabilities": "3327000000",
            "currentDebt": "1218000000",
            "netIncome": "90000000",
            "capitalExpenditures": "18000000",
            "operatingCashflow": "106000000",
            "grossProfit": "1311000000",
            "totalRevenue": "1832000000",
            "sentiment": 0,
            "surprise": "0.26",
            "closePrice": "15.2370230644835"
        },
        {
            "fiscalDateEnding": "2020-06-30",
            "totalCurrentAssets": "5391000000",
            "cashAndShortTermInvestments": "2272000000",
            "totalCurrentLiabilities": "3791000000",
            "currentDebt": "1793000000",
            "netIncome": "27000000",
            "capitalExpenditures": "19000000",
            "operatingCashflow": "34000000",
            "grossProfit": "1070000000",
            "totalRevenue": "1551000000",
            "sentiment": 0,
            "surprise": "0.22",
            "closePrice": "12.3465683744249"
        },
        {
            "fiscalDateEnding": "2020-03-31",
            "totalCurrentAssets": "5977000000",
            "cashAndShortTermInvestments": "2622000000",
            "totalCurrentLiabilities": "3373000000",
            "currentDebt": "1050000000",
            "netIncome": "-2000000",
            "capitalExpenditures": "23000000",
            "operatingCashflow": "173000000",
            "grossProfit": "1191000000",
            "totalRevenue": "1886000000",
            "sentiment": 0,
            "surprise": "-0.08",
            "closePrice": "14.1687554571398"
        },
        {
            "fiscalDateEnding": "2019-12-31",
            "totalCurrentAssets": "6140000000",
            "cashAndShortTermInvestments": "2740000000",
            "totalCurrentLiabilities": "3435000000",
            "currentDebt": "1049000000",
            "netIncome": "818000000",
            "capitalExpenditures": "21000000",
            "operatingCashflow": "438000000",
            "grossProfit": "1816000000",
            "totalRevenue": "2451000000",
            "sentiment": 0,
            "surprise": "0.22",
            "closePrice": "28.965759972675"
        },
        {
            "fiscalDateEnding": "2019-09-30",
            "totalCurrentAssets": "4340000000",
            "cashAndShortTermInvestments": "922000000",
            "totalCurrentLiabilities": "3923000000",
            "currentDebt": "1602000000",
            "netIncome": "221000000",
            "capitalExpenditures": "17000000",
            "operatingCashflow": "356000000",
            "grossProfit": "1694000000",
            "totalRevenue": "2287000000",
            "sentiment": 0,
            "surprise": "0.22",
            "closePrice": "26.924746105778"
        }
    ]
}