{
    "YOU": [
        {
            "fiscalDateEnding": "2023-12-31",
            "totalCurrentAssets": "770034000",
            "cashAndShortTermInvestments": "723097000",
            "totalCurrentLiabilities": "552049000",
            "currentDebt": "None",
            "netIncome": "13975000",
            "capitalExpenditures": "4181000",
            "operatingCashflow": "94131000",
            "grossProfit": "63434000",
            "totalRevenue": "171312000",
            "sentiment": 0,
            "surprise": "0.01",
            "closePrice": "18.3243168133395"
        },
        {
            "fiscalDateEnding": "2023-09-30",
            "totalCurrentAssets": "781043000",
            "cashAndShortTermInvestments": "736566000",
            "totalCurrentLiabilities": "478272000",
            "currentDebt": "None",
            "netIncome": "15346000",
            "capitalExpenditures": "4075000",
            "operatingCashflow": "-4860000",
            "grossProfit": "58815000",
            "totalRevenue": "160831000",
            "sentiment": 0,
            "surprise": "0.1",
            "closePrice": "18.3775965472351"
        },
        {
            "fiscalDateEnding": "2023-06-30",
            "totalCurrentAssets": "806545000",
            "cashAndShortTermInvestments": "765017000",
            "totalCurrentLiabilities": "496766000",
            "currentDebt": "None",
            "netIncome": "4011000",
            "capitalExpenditures": "8455000",
            "operatingCashflow": "75005000",
            "grossProfit": "48286000",
            "totalRevenue": "150315000",
            "sentiment": 0,
            "surprise": "0.08",
            "closePrice": "22.7246658424843"
        },
        {
            "fiscalDateEnding": "2023-03-31",
            "totalCurrentAssets": "784599000",
            "cashAndShortTermInvestments": "748008000",
            "totalCurrentLiabilities": "464598000",
            "currentDebt": "None",
            "netIncome": "-5224000",
            "capitalExpenditures": "9424000",
            "operatingCashflow": "60757000",
            "grossProfit": "27058000",
            "totalRevenue": "132246000",
            "sentiment": 0,
            "surprise": "0.01",
            "closePrice": "22.4295680128352"
        },
        {
            "fiscalDateEnding": "2022-12-31",
            "totalCurrentAssets": "741600000",
            "cashAndShortTermInvestments": "704749000",
            "totalCurrentLiabilities": "397473000",
            "currentDebt": "None",
            "netIncome": "-11327000",
            "capitalExpenditures": "8498000",
            "operatingCashflow": "79280000",
            "grossProfit": "-7112000",
            "totalRevenue": "128411000",
            "sentiment": 0,
            "surprise": "0.1",
            "closePrice": "26.8647402382471"
        },
        {
            "fiscalDateEnding": "2022-09-30",
            "totalCurrentAssets": "706484000",
            "cashAndShortTermInvestments": "671387000",
            "totalCurrentLiabilities": "340584000",
            "currentDebt": "None",
            "netIncome": "-36764000",
            "capitalExpenditures": "7938000",
            "operatingCashflow": "13175000",
            "grossProfit": "-31638000",
            "totalRevenue": "115919000",
            "sentiment": 0,
            "surprise": "0.31",
            "closePrice": "27.6832948889028"
        },
        {
            "fiscalDateEnding": "2022-06-30",
            "totalCurrentAssets": "702585000",
            "cashAndShortTermInvestments": "673669000",
            "totalCurrentLiabilities": "331980000",
            "currentDebt": "None",
            "netIncome": "-7155000",
            "capitalExpenditures": "9838000",
            "operatingCashflow": "50923000",
            "grossProfit": "17113000",
            "totalRevenue": "102723000",
            "sentiment": 0,
            "surprise": "-0.0489",
            "closePrice": "26.5737253059525"
        },
        {
            "fiscalDateEnding": "2022-03-31",
            "totalCurrentAssets": "668345000",
            "cashAndShortTermInvestments": "633487000",
            "totalCurrentLiabilities": "290405000",
            "currentDebt": "None",
            "netIncome": "-10327000",
            "capitalExpenditures": "5633000",
            "operatingCashflow": "24932000",
            "grossProfit": "12401000",
            "totalRevenue": "90341000",
            "sentiment": 0,
            "surprise": "0.09",
            "closePrice": "29.6973035436697"
        },
        {
            "fiscalDateEnding": "2021-12-31",
            "totalCurrentAssets": "653078000",
            "cashAndShortTermInvestments": "615335000",
            "totalCurrentLiabilities": "264591000",
            "currentDebt": "None",
            "netIncome": "-51408000",
            "capitalExpenditures": "6215000",
            "operatingCashflow": "-39524000",
            "grossProfit": "-9255000",
            "totalRevenue": "80859000",
            "sentiment": 0,
            "surprise": "0.15",
            "closePrice": "23.6925740359387"
        },
        {
            "fiscalDateEnding": "2021-09-30",
            "totalCurrentAssets": "700555000",
            "cashAndShortTermInvestments": "673248000",
            "totalCurrentLiabilities": "214817000",
            "currentDebt": "None",
            "netIncome": "-16915000",
            "capitalExpenditures": "7282000",
            "operatingCashflow": "34893000",
            "grossProfit": "-5335000",
            "totalRevenue": "67558000",
            "sentiment": 0,
            "surprise": "0.03",
            "closePrice": "41.4083909065737"
        },
        {
            "fiscalDateEnding": "2021-06-30",
            "totalCurrentAssets": "233559000",
            "cashAndShortTermInvestments": "206128000",
            "totalCurrentLiabilities": "163381000",
            "currentDebt": "None",
            "netIncome": "-38099000",
            "capitalExpenditures": "6475000",
            "operatingCashflow": "3419000",
            "grossProfit": "-15848000",
            "totalRevenue": "55178000",
            "sentiment": 0,
            "surprise": "0.28",
            "closePrice": "46.4900331142032"
        }
    ]
}