{
    "ZETA": [
        {
            "fiscalDateEnding": "2023-12-31",
            "totalCurrentAssets": "309754000",
            "cashAndShortTermInvestments": "131732000",
            "totalCurrentLiabilities": "176385000",
            "currentDebt": "None",
            "netIncome": "-35281000",
            "capitalExpenditures": "8740000",
            "operatingCashflow": "26962000",
            "grossProfit": "122285000",
            "totalRevenue": "206900000",
            "sentiment": 0.12939906125845954,
            "surprise": "0.02",
            "closePrice": "10.76"
        },
        {
            "fiscalDateEnding": "2023-09-30",
            "totalCurrentAssets": "269532000",
            "cashAndShortTermInvestments": "120796000",
            "totalCurrentLiabilities": "162538000",
            "currentDebt": "None",
            "netIncome": "-43086000",
            "capitalExpenditures": "9374000",
            "operatingCashflow": "22828000",
            "grossProfit": "112610000",
            "totalRevenue": "186090000",
            "sentiment": 0.058813419323510016,
            "surprise": "0",
            "closePrice": "7.73"
        },
        {
            "fiscalDateEnding": "2023-06-30",
            "totalCurrentAssets": "246544000",
            "cashAndShortTermInvestments": "117066000",
            "totalCurrentLiabilities": "147290000",
            "currentDebt": "None",
            "netIncome": "-52159000",
            "capitalExpenditures": "7792000",
            "operatingCashflow": "20629000",
            "grossProfit": "106983000",
            "totalRevenue": "169020000",
            "sentiment": 0.06914128057926396,
            "surprise": "-0.01",
            "closePrice": "8.36"
        },
        {
            "fiscalDateEnding": "2023-03-31",
            "totalCurrentAssets": "226037000",
            "cashAndShortTermInvestments": "107794000",
            "totalCurrentLiabilities": "130045000",
            "currentDebt": "None",
            "netIncome": "-56955000",
            "capitalExpenditures": "10064000",
            "operatingCashflow": "20104000",
            "grossProfit": "100804000",
            "totalRevenue": "155154000",
            "sentiment": 0.2115023319030368,
            "surprise": "0",
            "closePrice": "9.18"
        },
        {
            "fiscalDateEnding": "2022-12-31",
            "totalCurrentAssets": "236448000",
            "cashAndShortTermInvestments": "121110000",
            "totalCurrentLiabilities": "128710000",
            "currentDebt": "None",
            "netIncome": "-51753000",
            "capitalExpenditures": "9251000",
            "operatingCashflow": "23097000",
            "grossProfit": "105867000",
            "totalRevenue": "171846000",
            "sentiment": 0.11638782892663252,
            "surprise": "1",
            "closePrice": "9.06"
        },
        {
            "fiscalDateEnding": "2022-09-30",
            "totalCurrentAssets": "215715000",
            "cashAndShortTermInvestments": "114808000",
            "totalCurrentLiabilities": "123498000",
            "currentDebt": "None",
            "netIncome": "-69440000",
            "capitalExpenditures": "9888000",
            "operatingCashflow": "19539000",
            "grossProfit": "92685000",
            "totalRevenue": "150214000",
            "sentiment": 0.13094126155497116,
            "surprise": "0.01",
            "closePrice": "8.37"
        },
        {
            "fiscalDateEnding": "2022-06-30",
            "totalCurrentAssets": "208708000",
            "cashAndShortTermInvestments": "110779000",
            "totalCurrentLiabilities": "124550000",
            "currentDebt": "None",
            "netIncome": "-86009000",
            "capitalExpenditures": "8889000",
            "operatingCashflow": "14667000",
            "grossProfit": "85402000",
            "totalRevenue": "135635000",
            "sentiment": -0.02321117087037128,
            "surprise": "-0.06",
            "closePrice": "6.22"
        },
        {
            "fiscalDateEnding": "2022-03-31",
            "totalCurrentAssets": "188019000",
            "cashAndShortTermInvestments": "103863000",
            "totalCurrentLiabilities": "109212000",
            "currentDebt": "None",
            "netIncome": "-72037000",
            "capitalExpenditures": "11208000",
            "operatingCashflow": "21183000",
            "grossProfit": "83245000",
            "totalRevenue": "124970000",
            "sentiment": 0,
            "surprise": "-0.01",
            "closePrice": "8.15"
        },
        {
            "fiscalDateEnding": "2021-12-31",
            "totalCurrentAssets": "196056000",
            "cashAndShortTermInvestments": "103859000",
            "totalCurrentLiabilities": "105757000",
            "currentDebt": "None",
            "netIncome": "-61138000",
            "capitalExpenditures": "6452000",
            "operatingCashflow": "20926000",
            "grossProfit": "83224000",
            "totalRevenue": "132235000",
            "sentiment": 0,
            "surprise": "0.02",
            "closePrice": "10.13"
        },
        {
            "fiscalDateEnding": "2021-09-30",
            "totalCurrentAssets": "197843000",
            "cashAndShortTermInvestments": "116180000",
            "totalCurrentLiabilities": "102462000",
            "currentDebt": "None",
            "netIncome": "-69129000",
            "capitalExpenditures": "6394000",
            "operatingCashflow": "10163000",
            "grossProfit": "69266000",
            "totalRevenue": "113791000",
            "sentiment": 0,
            "surprise": "-0.05",
            "closePrice": "9.9"
        },
        {
            "fiscalDateEnding": "2021-06-30",
            "totalCurrentAssets": "194396000",
            "cashAndShortTermInvestments": "113568000",
            "totalCurrentLiabilities": "96979000",
            "currentDebt": "None",
            "netIncome": "-94922000",
            "capitalExpenditures": "9265000",
            "operatingCashflow": "7591000",
            "grossProfit": "73282000",
            "totalRevenue": "115494000",
            "sentiment": 0,
            "surprise": "-0.0769",
            "closePrice": "5.89"
        }
    ]
}