{
    "ZI": [
        {
            "fiscalDateEnding": "2023-12-31",
            "totalCurrentAssets": "864300000",
            "cashAndShortTermInvestments": "529300000",
            "totalCurrentLiabilities": "638400000",
            "currentDebt": "6000000",
            "netIncome": "-5500000",
            "capitalExpenditures": "8900000",
            "operatingCashflow": "128800000",
            "grossProfit": "271800000",
            "totalRevenue": "302900000",
            "sentiment": 0.21479815584007028,
            "surprise": "0.01",
            "closePrice": "16.02"
        },
        {
            "fiscalDateEnding": "2023-09-30",
            "totalCurrentAssets": "855100000",
            "cashAndShortTermInvestments": "567900000",
            "totalCurrentLiabilities": "573100000",
            "currentDebt": "6000000",
            "netIncome": "30200000",
            "capitalExpenditures": "5000000",
            "operatingCashflow": "80900000",
            "grossProfit": "269000000",
            "totalRevenue": "301900000",
            "sentiment": 0.0040405130966282435,
            "surprise": "0.02",
            "closePrice": "15.51"
        },
        {
            "fiscalDateEnding": "2023-06-30",
            "totalCurrentAssets": "944700000",
            "cashAndShortTermInvestments": "660300000",
            "totalCurrentLiabilities": "607900000",
            "currentDebt": "6000000",
            "netIncome": "38100000",
            "capitalExpenditures": "6200000",
            "operatingCashflow": "116600000",
            "grossProfit": "265400000",
            "totalRevenue": "296600000",
            "sentiment": 0.07747075919948483,
            "surprise": "0.03",
            "closePrice": "25.57"
        },
        {
            "fiscalDateEnding": "2023-03-31",
            "totalCurrentAssets": "905100000",
            "cashAndShortTermInvestments": "615800000",
            "totalCurrentLiabilities": "617000000",
            "currentDebt": "6000000",
            "netIncome": "44500000",
            "capitalExpenditures": "6400000",
            "operatingCashflow": "108600000",
            "grossProfit": "255200000",
            "totalRevenue": "288600000",
            "sentiment": -0.12838933556012633,
            "surprise": "0.02",
            "closePrice": "21.7"
        },
        {
            "fiscalDateEnding": "2022-12-31",
            "totalCurrentAssets": "832000000",
            "cashAndShortTermInvestments": "545700000",
            "totalCurrentLiabilities": "572700000",
            "currentDebt": "None",
            "netIncome": "23200000",
            "capitalExpenditures": "6400000",
            "operatingCashflow": "120100000",
            "grossProfit": "252400000",
            "totalRevenue": "289100000",
            "sentiment": 0.11801045673212888,
            "surprise": "0.04",
            "closePrice": "28.72"
        },
        {
            "fiscalDateEnding": "2022-09-30",
            "totalCurrentAssets": "663200000",
            "cashAndShortTermInvestments": "438700000",
            "totalCurrentLiabilities": "518000000",
            "currentDebt": "None",
            "netIncome": "17900000",
            "capitalExpenditures": "7700000",
            "operatingCashflow": "85700000",
            "grossProfit": "239400000",
            "totalRevenue": "276000000",
            "sentiment": 0.30227589775809355,
            "surprise": "0.04",
            "closePrice": "43.5"
        },
        {
            "fiscalDateEnding": "2022-06-30",
            "totalCurrentAssets": "578800000",
            "cashAndShortTermInvestments": "365600000",
            "totalCurrentLiabilities": "535800000",
            "currentDebt": "None",
            "netIncome": "15900000",
            "capitalExpenditures": "8200000",
            "operatingCashflow": "106200000",
            "grossProfit": "220100000",
            "totalRevenue": "255400000",
            "sentiment": 0.025937419630432418,
            "surprise": "0.03",
            "closePrice": "37.73"
        },
        {
            "fiscalDateEnding": "2022-03-31",
            "totalCurrentAssets": "617200000",
            "cashAndShortTermInvestments": "406800000",
            "totalCurrentLiabilities": "515900000",
            "currentDebt": "None",
            "netIncome": "6200000",
            "capitalExpenditures": "6600000",
            "operatingCashflow": "105000000",
            "grossProfit": "197700000",
            "totalRevenue": "229900000",
            "sentiment": 0.0039005325108708495,
            "surprise": "0.03",
            "closePrice": "49.2"
        },
        {
            "fiscalDateEnding": "2021-12-31",
            "totalCurrentAssets": "545700000",
            "cashAndShortTermInvestments": "326700000",
            "totalCurrentLiabilities": "507600000",
            "currentDebt": "None",
            "netIncome": "144900000",
            "capitalExpenditures": "7800000",
            "operatingCashflow": "71300000",
            "grossProfit": "181900000",
            "totalRevenue": "208900000",
            "sentiment": 0,
            "surprise": "0.05",
            "closePrice": "58.78"
        },
        {
            "fiscalDateEnding": "2021-09-30",
            "totalCurrentAssets": "408700000",
            "cashAndShortTermInvestments": "233300000",
            "totalCurrentLiabilities": "407900000",
            "currentDebt": "None",
            "netIncome": "-40600000",
            "capitalExpenditures": "4800000",
            "operatingCashflow": "46500000",
            "grossProfit": "159700000",
            "totalRevenue": "181900000",
            "sentiment": 0,
            "surprise": "0.01",
            "closePrice": "68.36"
        },
        {
            "fiscalDateEnding": "2021-06-30",
            "totalCurrentAssets": "530000000",
            "cashAndShortTermInvestments": "399700000",
            "totalCurrentLiabilities": "385500000",
            "currentDebt": "None",
            "netIncome": "9300000",
            "capitalExpenditures": "6300000",
            "operatingCashflow": "88600000",
            "grossProfit": "143700000",
            "totalRevenue": "163900000",
            "sentiment": 0,
            "surprise": "0.02",
            "closePrice": "54.78"
        },
        {
            "fiscalDateEnding": "2021-03-31",
            "totalCurrentAssets": "485500000",
            "cashAndShortTermInvestments": "353700000",
            "totalCurrentLiabilities": "348200000",
            "currentDebt": "None",
            "netIncome": "3200000",
            "capitalExpenditures": "4700000",
            "operatingCashflow": "93000000",
            "grossProfit": "125200000",
            "totalRevenue": "140900000",
            "sentiment": 0,
            "surprise": "0.03",
            "closePrice": "49.91"
        },
        {
            "fiscalDateEnding": "2020-12-31",
            "totalCurrentAssets": "439500000",
            "cashAndShortTermInvestments": "300400000",
            "totalCurrentLiabilities": "320800000",
            "currentDebt": "None",
            "netIncome": "25500000",
            "capitalExpenditures": "5000000",
            "operatingCashflow": "66900000",
            "grossProfit": "113100000",
            "totalRevenue": "129700000",
            "sentiment": 0,
            "surprise": "0.02",
            "closePrice": "51.32"
        },
        {
            "fiscalDateEnding": "2020-09-30",
            "totalCurrentAssets": "421400000",
            "cashAndShortTermInvestments": "304900000",
            "totalCurrentLiabilities": "247500000",
            "currentDebt": "None",
            "netIncome": "4900000",
            "capitalExpenditures": "3600000",
            "operatingCashflow": "49100000",
            "grossProfit": "96700000",
            "totalRevenue": "113700000",
            "sentiment": 0,
            "surprise": "0.02",
            "closePrice": "37.33"
        },
        {
            "fiscalDateEnding": "2020-06-30",
            "totalCurrentAssets": "372700000",
            "cashAndShortTermInvestments": "259100000",
            "totalCurrentLiabilities": "237700000",
            "currentDebt": "None",
            "netIncome": "-34400000",
            "capitalExpenditures": "4100000",
            "operatingCashflow": "25300000",
            "grossProfit": "77100000",
            "totalRevenue": "73100000",
            "sentiment": 0,
            "surprise": "0.02",
            "closePrice": "43.2"
        }
    ]
}