{
    "ZM": [
        {
            "fiscalDateEnding": "2024-01-31",
            "totalCurrentAssets": "7926219000",
            "cashAndShortTermInvestments": "6962485000",
            "totalCurrentLiabilities": "1762187000",
            "currentDebt": "None",
            "netIncome": "298832000",
            "capitalExpenditures": "18540000",
            "operatingCashflow": "351225000",
            "grossProfit": "870150000",
            "totalRevenue": "1146457000",
            "sentiment": 0.30345821236859977,
            "surprise": "0.27",
            "closePrice": "63.12"
        },
        {
            "fiscalDateEnding": "2023-10-31",
            "totalCurrentAssets": "7484759000",
            "cashAndShortTermInvestments": "1492910000",
            "totalCurrentLiabilities": "1753005000",
            "currentDebt": "None",
            "netIncome": "141212000",
            "capitalExpenditures": "39987000",
            "operatingCashflow": "493153000",
            "grossProfit": "865739000",
            "totalRevenue": "1136727000",
            "sentiment": 0.3267270022969566,
            "surprise": "0.2",
            "closePrice": "66.0"
        },
        {
            "fiscalDateEnding": "2023-07-31",
            "totalCurrentAssets": "7050992000",
            "cashAndShortTermInvestments": "1380121000",
            "totalCurrentLiabilities": "1767473000",
            "currentDebt": "None",
            "netIncome": "181974000",
            "capitalExpenditures": "46600000",
            "operatingCashflow": "335971000",
            "grossProfit": "872117000",
            "totalRevenue": "1138676000",
            "sentiment": 0.2631970970257719,
            "surprise": "0.29",
            "closePrice": "67.27"
        },
        {
            "fiscalDateEnding": "2023-04-30",
            "totalCurrentAssets": "6567679000",
            "cashAndShortTermInvestments": "1029546000",
            "totalCurrentLiabilities": "1843893000",
            "currentDebt": "None",
            "netIncome": "15444000",
            "capitalExpenditures": "21826000",
            "operatingCashflow": "418487000",
            "grossProfit": "841417000",
            "totalRevenue": "1105364000",
            "sentiment": 0.20652218563330133,
            "surprise": "0.17",
            "closePrice": "71.41"
        },
        {
            "fiscalDateEnding": "2023-01-31",
            "totalCurrentAssets": "6356412000",
            "cashAndShortTermInvestments": "5412666000",
            "totalCurrentLiabilities": "1738644000",
            "currentDebt": "None",
            "netIncome": "-104050000",
            "capitalExpenditures": "28958000",
            "operatingCashflow": "211588000",
            "grossProfit": "823449000",
            "totalRevenue": "1117803000",
            "sentiment": 0.22283023708566604,
            "surprise": "0.41",
            "closePrice": "73.72"
        },
        {
            "fiscalDateEnding": "2022-10-31",
            "totalCurrentAssets": "6142097000",
            "cashAndShortTermInvestments": "1096174000",
            "totalCurrentLiabilities": "1896310000",
            "currentDebt": "None",
            "netIncome": "48353000",
            "capitalExpenditures": "30055000",
            "operatingCashflow": "295314000",
            "grossProfit": "831234000",
            "totalRevenue": "1101899000",
            "sentiment": 0.1770186888763045,
            "surprise": "0.23",
            "closePrice": "80.26"
        },
        {
            "fiscalDateEnding": "2022-07-31",
            "totalCurrentAssets": "6414401000",
            "cashAndShortTermInvestments": "937443000",
            "totalCurrentLiabilities": "1866888000",
            "currentDebt": "None",
            "netIncome": "45750000",
            "capitalExpenditures": "27832000",
            "operatingCashflow": "257209000",
            "grossProfit": "825847000",
            "totalRevenue": "1099458000",
            "sentiment": 0.06076263581730884,
            "surprise": "0.11",
            "closePrice": "97.44"
        },
        {
            "fiscalDateEnding": "2022-04-30",
            "totalCurrentAssets": "6564278000",
            "cashAndShortTermInvestments": "1407305000",
            "totalCurrentLiabilities": "1809010000",
            "currentDebt": "None",
            "netIncome": "113658000",
            "capitalExpenditures": "28249000",
            "operatingCashflow": "526151000",
            "grossProfit": "811979000",
            "totalRevenue": "1073800000",
            "sentiment": -0.002976912764789101,
            "surprise": "0.16",
            "closePrice": "89.33"
        },
        {
            "fiscalDateEnding": "2022-01-31",
            "totalCurrentAssets": "6183807000",
            "cashAndShortTermInvestments": "5419266000",
            "totalCurrentLiabilities": "1579691000",
            "currentDebt": "None",
            "netIncome": "490641000",
            "capitalExpenditures": "24166000",
            "operatingCashflow": "209396000",
            "grossProfit": "814029000",
            "totalRevenue": "1071376000",
            "sentiment": 0,
            "surprise": "0.23",
            "closePrice": "132.6"
        },
        {
            "fiscalDateEnding": "2021-10-31",
            "totalCurrentAssets": "6112716000",
            "cashAndShortTermInvestments": "1322435000",
            "totalCurrentLiabilities": "1691380000",
            "currentDebt": "None",
            "netIncome": "340383000",
            "capitalExpenditures": "29393000",
            "operatingCashflow": "394556000",
            "grossProfit": "779799000",
            "totalRevenue": "1050756000",
            "sentiment": 0,
            "surprise": "0.02",
            "closePrice": "242.28"
        },
        {
            "fiscalDateEnding": "2021-07-31",
            "totalCurrentAssets": "5835079000",
            "cashAndShortTermInvestments": "1931370000",
            "totalCurrentLiabilities": "1686373000",
            "currentDebt": "None",
            "netIncome": "317084000",
            "capitalExpenditures": "12975000",
            "operatingCashflow": "468012000",
            "grossProfit": "760239000",
            "totalRevenue": "1021495000",
            "sentiment": 0,
            "surprise": "0.2",
            "closePrice": "347.5"
        },
        {
            "fiscalDateEnding": "2021-04-30",
            "totalCurrentAssets": "5340896000",
            "cashAndShortTermInvestments": "1557270000",
            "totalCurrentLiabilities": "1528336000",
            "currentDebt": "None",
            "netIncome": "227531000",
            "capitalExpenditures": "79074000",
            "operatingCashflow": "533302000",
            "grossProfit": "691243000",
            "totalRevenue": "956237000",
            "sentiment": 0,
            "surprise": "0.33",
            "closePrice": "327.72"
        },
        {
            "fiscalDateEnding": "2021-01-31",
            "totalCurrentAssets": "4792865000",
            "cashAndShortTermInvestments": "4244713000",
            "totalCurrentLiabilities": "1259966000",
            "currentDebt": "None",
            "netIncome": "260610000",
            "capitalExpenditures": "22913000",
            "operatingCashflow": "399396000",
            "grossProfit": "615201000",
            "totalRevenue": "882485000",
            "sentiment": 0,
            "surprise": "0.43",
            "closePrice": "409.66"
        },
        {
            "fiscalDateEnding": "2020-10-31",
            "totalCurrentAssets": "2624276000",
            "cashAndShortTermInvestments": "730506000",
            "totalCurrentLiabilities": "1413948000",
            "currentDebt": "None",
            "netIncome": "198642000",
            "capitalExpenditures": "26155000",
            "operatingCashflow": "411470000",
            "grossProfit": "518469000",
            "totalRevenue": "777196000",
            "sentiment": 0,
            "surprise": "0.23",
            "closePrice": "478.36"
        },
        {
            "fiscalDateEnding": "2020-07-31",
            "totalCurrentAssets": "2232102000",
            "cashAndShortTermInvestments": "748944000",
            "totalCurrentLiabilities": "1287326000",
            "currentDebt": "None",
            "netIncome": "185989000",
            "capitalExpenditures": "29313000",
            "operatingCashflow": "401346000",
            "grossProfit": "471249000",
            "totalRevenue": "663520000",
            "sentiment": 0,
            "surprise": "0.47",
            "closePrice": "325.1"
        },
        {
            "fiscalDateEnding": "2020-04-30",
            "totalCurrentAssets": "1782957000",
            "cashAndShortTermInvestments": "488653000",
            "totalCurrentLiabilities": "1033728000",
            "currentDebt": "8722000",
            "netIncome": "27075000",
            "capitalExpenditures": "7434000",
            "operatingCashflow": "258965000",
            "grossProfit": "224460000",
            "totalRevenue": "328167000",
            "sentiment": 0,
            "surprise": "0.11",
            "closePrice": "208.08"
        },
        {
            "fiscalDateEnding": "2020-01-31",
            "totalCurrentAssets": "1095522000",
            "cashAndShortTermInvestments": "855194000",
            "totalCurrentLiabilities": "333830000",
            "currentDebt": "7675000",
            "netIncome": "15339000",
            "capitalExpenditures": "10093000",
            "operatingCashflow": "36554000",
            "grossProfit": "155704000",
            "totalRevenue": "188251000",
            "sentiment": 0,
            "surprise": "0.08",
            "closePrice": "116.8"
        },
        {
            "fiscalDateEnding": "2019-10-31",
            "totalCurrentAssets": "1019399000",
            "cashAndShortTermInvestments": "230874000",
            "totalCurrentLiabilities": "317803000",
            "currentDebt": "None",
            "netIncome": "2211000",
            "capitalExpenditures": "7195000",
            "operatingCashflow": "61930000",
            "grossProfit": "135748000",
            "totalRevenue": "166593000",
            "sentiment": 0,
            "surprise": "0.06",
            "closePrice": "69.67"
        },
        {
            "fiscalDateEnding": "2019-07-31",
            "totalCurrentAssets": "916059000",
            "cashAndShortTermInvestments": "213886000",
            "totalCurrentLiabilities": "228996000",
            "currentDebt": "None",
            "netIncome": "5541000",
            "capitalExpenditures": "14040000",
            "operatingCashflow": "31172000",
            "grossProfit": "117926000",
            "totalRevenue": "145826000",
            "sentiment": 0,
            "surprise": "0.07",
            "closePrice": "92.69"
        },
        {
            "fiscalDateEnding": "2019-04-30",
            "totalCurrentAssets": "866340000",
            "cashAndShortTermInvestments": "629793000",
            "totalCurrentLiabilities": "194425000",
            "currentDebt": "None",
            "netIncome": "2214000",
            "capitalExpenditures": "6897000",
            "operatingCashflow": "22236000",
            "grossProfit": "97884000",
            "totalRevenue": "121988000",
            "sentiment": 0,
            "surprise": "0.02",
            "closePrice": "79.43"
        }
    ]
}