{
    "ZS": [
        {
            "fiscalDateEnding": "2024-01-31",
            "totalCurrentAssets": "3142708000",
            "cashAndShortTermInvestments": "1438586000",
            "totalCurrentLiabilities": "1583905000",
            "currentDebt": "None",
            "netIncome": "-28469000",
            "capitalExpenditures": "41281000",
            "operatingCashflow": "142069000",
            "grossProfit": "407800000",
            "totalRevenue": "524999000",
            "sentiment": 0.27192425437006434,
            "surprise": "0.18",
            "closePrice": "241.97"
        },
        {
            "fiscalDateEnding": "2023-10-31",
            "totalCurrentAssets": "2891590000",
            "cashAndShortTermInvestments": "1361723000",
            "totalCurrentLiabilities": "1474418000",
            "currentDebt": "None",
            "netIncome": "-33483000",
            "capitalExpenditures": "36088000",
            "operatingCashflow": "260806000",
            "grossProfit": "385309000",
            "totalRevenue": "496703000",
            "sentiment": 0.26341476136251235,
            "surprise": "0.18",
            "closePrice": "191.91"
        },
        {
            "fiscalDateEnding": "2023-07-31",
            "totalCurrentAssets": "2890314000",
            "cashAndShortTermInvestments": "1262206000",
            "totalCurrentLiabilities": "1535868000",
            "currentDebt": "None",
            "netIncome": "-30674000",
            "capitalExpenditures": "34635000",
            "operatingCashflow": "135936000",
            "grossProfit": "352324000",
            "totalRevenue": "455006000",
            "sentiment": 0.2614297390862353,
            "surprise": "0.15",
            "closePrice": "162.74"
        },
        {
            "fiscalDateEnding": "2023-04-30",
            "totalCurrentAssets": "2527250000",
            "cashAndShortTermInvestments": "1275297000",
            "totalCurrentLiabilities": "1289142000",
            "currentDebt": "None",
            "netIncome": "-46046000",
            "capitalExpenditures": "34583000",
            "operatingCashflow": "108469000",
            "grossProfit": "322951000",
            "totalRevenue": "418800000",
            "sentiment": 0.17784202222129433,
            "surprise": "0.06",
            "closePrice": "135.09"
        },
        {
            "fiscalDateEnding": "2023-01-31",
            "totalCurrentAssets": "2416109000",
            "cashAndShortTermInvestments": "1257012000",
            "totalCurrentLiabilities": "1204004000",
            "currentDebt": "None",
            "netIncome": "-57453000",
            "capitalExpenditures": "26663000",
            "operatingCashflow": "89481000",
            "grossProfit": "299994000",
            "totalRevenue": "387598000",
            "sentiment": 0.19904403509023677,
            "surprise": "0.08",
            "closePrice": "134.13"
        },
        {
            "fiscalDateEnding": "2022-10-31",
            "totalCurrentAssets": "2233361000",
            "cashAndShortTermInvestments": "1084945000",
            "totalCurrentLiabilities": "1111283000",
            "currentDebt": "None",
            "netIncome": "-68162000",
            "capitalExpenditures": "32843000",
            "operatingCashflow": "128457000",
            "grossProfit": "278851000",
            "totalRevenue": "355548000",
            "sentiment": 0.26693256884073663,
            "surprise": "0.03",
            "closePrice": "144.5"
        },
        {
            "fiscalDateEnding": "2022-07-31",
            "totalCurrentAssets": "2256647000",
            "cashAndShortTermInvestments": "1013210000",
            "totalCurrentLiabilities": "1134447000",
            "currentDebt": "None",
            "netIncome": "-97652000",
            "capitalExpenditures": "28367000",
            "operatingCashflow": "103138000",
            "grossProfit": "249751000",
            "totalRevenue": "318059000",
            "sentiment": 0.10241505247779295,
            "surprise": "0.05",
            "closePrice": "154.25"
        },
        {
            "fiscalDateEnding": "2022-04-30",
            "totalCurrentAssets": "2047045000",
            "cashAndShortTermInvestments": "1657874000",
            "totalCurrentLiabilities": "912576000",
            "currentDebt": "None",
            "netIncome": "-101405000",
            "capitalExpenditures": "33496000",
            "operatingCashflow": "77241000",
            "grossProfit": "222785000",
            "totalRevenue": "286807000",
            "sentiment": 0.045253270093549826,
            "surprise": "0.06",
            "closePrice": "142.13"
        },
        {
            "fiscalDateEnding": "2022-01-31",
            "totalCurrentAssets": "1989165000",
            "cashAndShortTermInvestments": "1621209000",
            "totalCurrentLiabilities": "836042000",
            "currentDebt": "None",
            "netIncome": "-100420000",
            "capitalExpenditures": "18813000",
            "operatingCashflow": "48262000",
            "grossProfit": "197780000",
            "totalRevenue": "255563000",
            "sentiment": 0,
            "surprise": "0.02",
            "closePrice": "263.38"
        },
        {
            "fiscalDateEnding": "2021-10-31",
            "totalCurrentAssets": "1855436000",
            "cashAndShortTermInvestments": "1584642000",
            "totalCurrentLiabilities": "715300000",
            "currentDebt": "None",
            "netIncome": "-90801000",
            "capitalExpenditures": "9904000",
            "operatingCashflow": "93271000",
            "grossProfit": "178348000",
            "totalRevenue": "230517000",
            "sentiment": 0,
            "surprise": "0.02",
            "closePrice": "346.97"
        },
        {
            "fiscalDateEnding": "2021-07-31",
            "totalCurrentAssets": "1848303000",
            "cashAndShortTermInvestments": "1502552000",
            "totalCurrentLiabilities": "720205000",
            "currentDebt": "None",
            "netIncome": "-81023000",
            "capitalExpenditures": "17035000",
            "operatingCashflow": "44736000",
            "grossProfit": "151596000",
            "totalRevenue": "197074000",
            "sentiment": 0,
            "surprise": "0.05",
            "closePrice": "280.22"
        },
        {
            "fiscalDateEnding": "2021-04-30",
            "totalCurrentAssets": "1705501000",
            "cashAndShortTermInvestments": "1467609000",
            "totalCurrentLiabilities": "564879000",
            "currentDebt": "None",
            "netIncome": "-58459000",
            "capitalExpenditures": "17587000",
            "operatingCashflow": "73368000",
            "grossProfit": "137427000",
            "totalRevenue": "176404000",
            "sentiment": 0,
            "surprise": "0.08",
            "closePrice": "172.74"
        },
        {
            "fiscalDateEnding": "2021-01-31",
            "totalCurrentAssets": "1678649000",
            "cashAndShortTermInvestments": "1444749000",
            "totalCurrentLiabilities": "501575000",
            "currentDebt": "None",
            "netIncome": "-67541000",
            "capitalExpenditures": "12370000",
            "operatingCashflow": "30404000",
            "grossProfit": "122909000",
            "totalRevenue": "157044000",
            "sentiment": 0,
            "surprise": "0.02",
            "closePrice": "195.79"
        },
        {
            "fiscalDateEnding": "2020-10-31",
            "totalCurrentAssets": "1579525000",
            "cashAndShortTermInvestments": "1415954000",
            "totalCurrentLiabilities": "416462000",
            "currentDebt": "None",
            "netIncome": "-55006000",
            "capitalExpenditures": "11305000",
            "operatingCashflow": "53532000",
            "grossProfit": "110851000",
            "totalRevenue": "142578000",
            "sentiment": 0,
            "surprise": "0.08",
            "closePrice": "146.79"
        },
        {
            "fiscalDateEnding": "2020-07-31",
            "totalCurrentAssets": "1581793000",
            "cashAndShortTermInvestments": "1370573000",
            "totalCurrentLiabilities": "423901000",
            "currentDebt": "None",
            "netIncome": "-49549000",
            "capitalExpenditures": "20720000",
            "operatingCashflow": "31635000",
            "grossProfit": "94529000",
            "totalRevenue": "125887000",
            "sentiment": 0,
            "surprise": "0.02",
            "closePrice": "134.19"
        },
        {
            "fiscalDateEnding": "2020-04-30",
            "totalCurrentAssets": "552116000",
            "cashAndShortTermInvestments": "391314000",
            "totalCurrentLiabilities": "345638000",
            "currentDebt": "12939000",
            "netIncome": "-19337000",
            "capitalExpenditures": "11717000",
            "operatingCashflow": "20822000",
            "grossProfit": "85945000",
            "totalRevenue": "110524000",
            "sentiment": 0,
            "surprise": "0.05",
            "closePrice": "75.8"
        },
        {
            "fiscalDateEnding": "2020-01-31",
            "totalCurrentAssets": "523142000",
            "cashAndShortTermInvestments": "384914000",
            "totalCurrentLiabilities": "303663000",
            "currentDebt": "11142000",
            "netIncome": "-29154000",
            "capitalExpenditures": "7360000",
            "operatingCashflow": "5431000",
            "grossProfit": "81030000",
            "totalRevenue": "101268000",
            "sentiment": 0,
            "surprise": "0.06",
            "closePrice": "65.18"
        },
        {
            "fiscalDateEnding": "2019-10-31",
            "totalCurrentAssets": "488886000",
            "cashAndShortTermInvestments": "377631000",
            "totalCurrentLiabilities": "266317000",
            "currentDebt": "9413000",
            "netIncome": "-17076000",
            "capitalExpenditures": "12012000",
            "operatingCashflow": "21429000",
            "grossProfit": "74032000",
            "totalRevenue": "93590000",
            "sentiment": 0,
            "surprise": "0.02",
            "closePrice": "52.8"
        },
        {
            "fiscalDateEnding": "2019-07-31",
            "totalCurrentAssets": "496086000",
            "cashAndShortTermInvestments": "364646000",
            "totalCurrentLiabilities": "261949000",
            "currentDebt": "None",
            "netIncome": "-5276000",
            "capitalExpenditures": "10271000",
            "operatingCashflow": "17823000",
            "grossProfit": "68769000",
            "totalRevenue": "86108000",
            "sentiment": 0,
            "surprise": "0.06",
            "closePrice": "61.6"
        },
        {
            "fiscalDateEnding": "2019-04-30",
            "totalCurrentAssets": "456043000",
            "cashAndShortTermInvestments": "352736000",
            "totalCurrentLiabilities": "221562000",
            "currentDebt": "None",
            "netIncome": "-12236000",
            "capitalExpenditures": "8901000",
            "operatingCashflow": "13483000",
            "grossProfit": "64168000",
            "totalRevenue": "79128000",
            "sentiment": 0,
            "surprise": "0.04",
            "closePrice": "72.99"
        },
        {
            "fiscalDateEnding": "2019-01-31",
            "totalCurrentAssets": "446011000",
            "cashAndShortTermInvestments": "339943000",
            "totalCurrentLiabilities": "210232000",
            "currentDebt": "None",
            "netIncome": "-3555000",
            "capitalExpenditures": "3740000",
            "operatingCashflow": "15707000",
            "grossProfit": "59031000",
            "totalRevenue": "74302000",
            "sentiment": 0,
            "surprise": "0.1",
            "closePrice": "49.68"
        },
        {
            "fiscalDateEnding": "2018-10-31",
            "totalCurrentAssets": "391604000",
            "cashAndShortTermInvestments": "314040000",
            "totalCurrentLiabilities": "183905000",
            "currentDebt": "None",
            "netIncome": "-7588000",
            "capitalExpenditures": "7250000",
            "operatingCashflow": "11014000",
            "grossProfit": "51199000",
            "totalRevenue": "63298000",
            "sentiment": 0,
            "surprise": "0.06",
            "closePrice": "37.21"
        },
        {
            "fiscalDateEnding": "2018-07-31",
            "totalCurrentAssets": "387164000",
            "cashAndShortTermInvestments": "298539000",
            "totalCurrentLiabilities": "182832000",
            "currentDebt": "None",
            "netIncome": "-6962000",
            "capitalExpenditures": "2738000",
            "operatingCashflow": "14658000",
            "grossProfit": "44673000",
            "totalRevenue": "56174000",
            "sentiment": 0,
            "surprise": "0.04",
            "closePrice": "44.07"
        },
        {
            "fiscalDateEnding": "2018-04-30",
            "totalCurrentAssets": "350447000",
            "cashAndShortTermInvestments": "287443000",
            "totalCurrentLiabilities": "147191000",
            "currentDebt": "None",
            "netIncome": "-8771000",
            "capitalExpenditures": "4437000",
            "operatingCashflow": "8117000",
            "grossProfit": "39739000",
            "totalRevenue": "49163000",
            "sentiment": 0,
            "surprise": "0.06",
            "closePrice": "30.65"
        }
    ]
}