{
    "ZUO": [
        {
            "fiscalDateEnding": "2024-01-31",
            "totalCurrentAssets": "677918000",
            "cashAndShortTermInvestments": "514185000",
            "totalCurrentLiabilities": "279415000",
            "currentDebt": "None",
            "netIncome": "-20834000",
            "capitalExpenditures": "3074000",
            "operatingCashflow": "16909000",
            "grossProfit": "73850000",
            "totalRevenue": "103891000",
            "sentiment": 0.36723263991050925,
            "surprise": "0.07",
            "closePrice": "8.59"
        },
        {
            "fiscalDateEnding": "2023-10-31",
            "totalCurrentAssets": "610886000",
            "cashAndShortTermInvestments": "493737000",
            "totalCurrentLiabilities": "225070000",
            "currentDebt": "None",
            "netIncome": "-5502000",
            "capitalExpenditures": "3075000",
            "operatingCashflow": "-55657000",
            "grossProfit": "74821000",
            "totalRevenue": "104337000",
            "sentiment": 0.12904031807851402,
            "surprise": "0.03",
            "closePrice": "8.35"
        },
        {
            "fiscalDateEnding": "2023-07-31",
            "totalCurrentAssets": "528913000",
            "cashAndShortTermInvestments": "406234000",
            "totalCurrentLiabilities": "302600000",
            "currentDebt": "None",
            "netIncome": "-22562000",
            "capitalExpenditures": "2181000",
            "operatingCashflow": "5388000",
            "grossProfit": "70267000",
            "totalRevenue": "103539000",
            "sentiment": 0.34175308548098143,
            "surprise": "0.04",
            "closePrice": "9.68"
        },
        {
            "fiscalDateEnding": "2023-04-30",
            "totalCurrentAssets": "515146000",
            "cashAndShortTermInvestments": "396871000",
            "totalCurrentLiabilities": "304070000",
            "currentDebt": "None",
            "netIncome": "-19295000",
            "capitalExpenditures": "1657000",
            "operatingCashflow": "14593000",
            "grossProfit": "65749000",
            "totalRevenue": "98806000",
            "sentiment": 0.21651651357412108,
            "surprise": "0.0518",
            "closePrice": "8.51"
        },
        {
            "fiscalDateEnding": "2023-01-31",
            "totalCurrentAssets": "518552000",
            "cashAndShortTermInvestments": "386245000",
            "totalCurrentLiabilities": "311619000",
            "currentDebt": "None",
            "netIncome": "-107858000",
            "capitalExpenditures": "2163000",
            "operatingCashflow": "-17965000",
            "grossProfit": "64976000",
            "totalRevenue": "98653000",
            "sentiment": 0.1434572594473689,
            "surprise": "0.02",
            "closePrice": "8.2"
        },
        {
            "fiscalDateEnding": "2022-10-31",
            "totalCurrentAssets": "511709000",
            "cashAndShortTermInvestments": "400602000",
            "totalCurrentLiabilities": "228398000",
            "currentDebt": "None",
            "netIncome": "-37034000",
            "capitalExpenditures": "2387000",
            "operatingCashflow": "-4861000",
            "grossProfit": "60792000",
            "totalRevenue": "96628000",
            "sentiment": 0.15492207920142861,
            "surprise": "0.04",
            "closePrice": "7.21"
        },
        {
            "fiscalDateEnding": "2022-07-31",
            "totalCurrentAssets": "551020000",
            "cashAndShortTermInvestments": "448643000",
            "totalCurrentLiabilities": "214509000",
            "currentDebt": "None",
            "netIncome": "-29910000",
            "capitalExpenditures": "2821000",
            "operatingCashflow": "-4801000",
            "grossProfit": "60126000",
            "totalRevenue": "94356000",
            "sentiment": -0.13959177522176983,
            "surprise": "0.02",
            "closePrice": "8.95"
        },
        {
            "fiscalDateEnding": "2022-04-30",
            "totalCurrentAssets": "558373000",
            "cashAndShortTermInvestments": "452552000",
            "totalCurrentLiabilities": "226824000",
            "currentDebt": "571000",
            "netIncome": "-23168000",
            "capitalExpenditures": "3263000",
            "operatingCashflow": "6983000",
            "grossProfit": "56964000",
            "totalRevenue": "85099000",
            "sentiment": 0.02709095012481093,
            "surprise": "-0.02",
            "closePrice": "9.54"
        },
        {
            "fiscalDateEnding": "2022-01-31",
            "totalCurrentAssets": "328335000",
            "cashAndShortTermInvestments": "215389000",
            "totalCurrentLiabilities": "219297000",
            "currentDebt": "1660000",
            "netIncome": "-35182000",
            "capitalExpenditures": "2732000",
            "operatingCashflow": "10366000",
            "grossProfit": "54994000",
            "totalRevenue": "90692000",
            "sentiment": 0,
            "surprise": "0.01",
            "closePrice": "15.4"
        },
        {
            "fiscalDateEnding": "2021-10-31",
            "totalCurrentAssets": "305373000",
            "cashAndShortTermInvestments": "203335000",
            "totalCurrentLiabilities": "195222000",
            "currentDebt": "2749000",
            "netIncome": "-22889000",
            "capitalExpenditures": "2347000",
            "operatingCashflow": "692000",
            "grossProfit": "53535000",
            "totalRevenue": "89230000",
            "sentiment": 0,
            "surprise": "0.01",
            "closePrice": "18.44"
        },
        {
            "fiscalDateEnding": "2021-07-31",
            "totalCurrentAssets": "289071000",
            "cashAndShortTermInvestments": "200905000",
            "totalCurrentLiabilities": "179536000",
            "currentDebt": "3882000",
            "netIncome": "-23693000",
            "capitalExpenditures": "3081000",
            "operatingCashflow": "-2623000",
            "grossProfit": "50495000",
            "totalRevenue": "86487000",
            "sentiment": 0,
            "surprise": "0",
            "closePrice": "16.35"
        },
        {
            "fiscalDateEnding": "2021-04-30",
            "totalCurrentAssets": "286632000",
            "cashAndShortTermInvestments": "197398000",
            "totalCurrentLiabilities": "182440000",
            "currentDebt": "4397000",
            "netIncome": "-17661000",
            "capitalExpenditures": "1965000",
            "operatingCashflow": "10251000",
            "grossProfit": "47608000",
            "totalRevenue": "80329000",
            "sentiment": 0,
            "surprise": "0.02",
            "closePrice": "15.04"
        },
        {
            "fiscalDateEnding": "2021-01-31",
            "totalCurrentAssets": "293740000",
            "cashAndShortTermInvestments": "186594000",
            "totalCurrentLiabilities": "187997000",
            "currentDebt": "4397000",
            "netIncome": "-18791000",
            "capitalExpenditures": "1070000",
            "operatingCashflow": "3135000",
            "grossProfit": "47155000",
            "totalRevenue": "79287000",
            "sentiment": 0,
            "surprise": "0.03",
            "closePrice": "15.21"
        },
        {
            "fiscalDateEnding": "2020-10-31",
            "totalCurrentAssets": "266486000",
            "cashAndShortTermInvestments": "178757000",
            "totalCurrentLiabilities": "161973000",
            "currentDebt": "4432000",
            "netIncome": "-16773000",
            "capitalExpenditures": "2124000",
            "operatingCashflow": "1360000",
            "grossProfit": "43980000",
            "totalRevenue": "77246000",
            "sentiment": 0,
            "surprise": "0.04",
            "closePrice": "11.78"
        },
        {
            "fiscalDateEnding": "2020-07-31",
            "totalCurrentAssets": "254734000",
            "cashAndShortTermInvestments": "179217000",
            "totalCurrentLiabilities": "152055000",
            "currentDebt": "4432000",
            "netIncome": "-20122000",
            "capitalExpenditures": "4830000",
            "operatingCashflow": "3840000",
            "grossProfit": "41914000",
            "totalRevenue": "74989000",
            "sentiment": 0,
            "surprise": "-0.1022",
            "closePrice": "16.17"
        },
        {
            "fiscalDateEnding": "2020-04-30",
            "totalCurrentAssets": "257587000",
            "cashAndShortTermInvestments": "172592000",
            "totalCurrentLiabilities": "161661000",
            "currentDebt": "10700000",
            "netIncome": "-17488000",
            "capitalExpenditures": "5120000",
            "operatingCashflow": "2951000",
            "grossProfit": "41601000",
            "totalRevenue": "73898000",
            "sentiment": 0,
            "surprise": "0.04",
            "closePrice": "12.59"
        },
        {
            "fiscalDateEnding": "2020-01-31",
            "totalCurrentAssets": "266784000",
            "cashAndShortTermInvestments": "171937000",
            "totalCurrentLiabilities": "165620000",
            "currentDebt": "10187000",
            "netIncome": "-23752000",
            "capitalExpenditures": "8546000",
            "operatingCashflow": "4009000",
            "grossProfit": "36246000",
            "totalRevenue": "70393000",
            "sentiment": 0,
            "surprise": "0.01",
            "closePrice": "8.59"
        },
        {
            "fiscalDateEnding": "2019-10-31",
            "totalCurrentAssets": "255609000",
            "cashAndShortTermInvestments": "170398000",
            "totalCurrentLiabilities": "144561000",
            "currentDebt": "4447000",
            "netIncome": "-18237000",
            "capitalExpenditures": "8636000",
            "operatingCashflow": "3509000",
            "grossProfit": "37521000",
            "totalRevenue": "71822000",
            "sentiment": 0,
            "surprise": "0.03",
            "closePrice": "15.1"
        },
        {
            "fiscalDateEnding": "2019-07-31",
            "totalCurrentAssets": "245565000",
            "cashAndShortTermInvestments": "174616000",
            "totalCurrentLiabilities": "127894000",
            "currentDebt": "4444000",
            "netIncome": "-20813000",
            "capitalExpenditures": "2566000",
            "operatingCashflow": "-8946000",
            "grossProfit": "36031000",
            "totalRevenue": "69733000",
            "sentiment": 0,
            "surprise": "0.05",
            "closePrice": "13.93"
        },
        {
            "fiscalDateEnding": "2019-04-30",
            "totalCurrentAssets": "256175000",
            "cashAndShortTermInvestments": "179306000",
            "totalCurrentLiabilities": "134214000",
            "currentDebt": "4074000",
            "netIncome": "-20592000",
            "capitalExpenditures": "1676000",
            "operatingCashflow": "-2162000",
            "grossProfit": "32078000",
            "totalRevenue": "64109000",
            "sentiment": 0,
            "surprise": "0.02",
            "closePrice": "19.9"
        },
        {
            "fiscalDateEnding": "2019-01-31",
            "totalCurrentAssets": "257754000",
            "cashAndShortTermInvestments": "175848000",
            "totalCurrentLiabilities": "128072000",
            "currentDebt": "2963000",
            "netIncome": "-19183000",
            "capitalExpenditures": "2791000",
            "operatingCashflow": "-6989000",
            "grossProfit": "31590000",
            "totalRevenue": "64061000",
            "sentiment": 0,
            "surprise": "0",
            "closePrice": "24.33"
        },
        {
            "fiscalDateEnding": "2018-10-31",
            "totalCurrentAssets": "239841000",
            "cashAndShortTermInvestments": "174917000",
            "totalCurrentLiabilities": "121130000",
            "currentDebt": "4139000",
            "netIncome": "-17224000",
            "capitalExpenditures": "3931000",
            "operatingCashflow": "-6370000",
            "grossProfit": "31179000",
            "totalRevenue": "61637000",
            "sentiment": 0,
            "surprise": "0.03",
            "closePrice": "20.56"
        },
        {
            "fiscalDateEnding": "2018-07-31",
            "totalCurrentAssets": "231812000",
            "cashAndShortTermInvestments": "179195000",
            "totalCurrentLiabilities": "114236000",
            "currentDebt": "6648000",
            "netIncome": "-18545000",
            "capitalExpenditures": "4926000",
            "operatingCashflow": "-2396000",
            "grossProfit": "29200000",
            "totalRevenue": "57754000",
            "sentiment": 0,
            "surprise": "0.03",
            "closePrice": "34.01"
        },
        {
            "fiscalDateEnding": "2018-04-30",
            "totalCurrentAssets": "256902000",
            "cashAndShortTermInvestments": "202514000",
            "totalCurrentLiabilities": "121413000",
            "currentDebt": "4167000",
            "netIncome": "-17789000",
            "capitalExpenditures": "1764000",
            "operatingCashflow": "-7826000",
            "grossProfit": "26430000",
            "totalRevenue": "51744000",
            "sentiment": 0,
            "surprise": "0.08",
            "closePrice": "22.18"
        }
    ]
}